3368 5528
642 480 705 538 Aa.
729 479 799 538 1556
1279 483 1336 542 595

107 641 139 691 et
159 646 278 692 mores
298 637 499 691 nostrorum
519 627 669 690 fratrum
689 626 928 706 perstringere
951 637 985 689 et
1005 627 1191 691 obfuscare
1212 629 1331 692 innite-

108 736 244 798 bantur.
266 734 400 798 Verum
420 734 606 802 Dominus,
632 733 746 814 quiet
767 733 1007 812 dissimulare,
1029 743 1064 796 et
1080 742 1149 814 pro
1175 742 1332 816 tempore

109 841 309 905 diutissime
331 841 575 904 ¹dissimulata
596 841 727 903 acriter
750 839 930 903 uindicare
955 841 1068 920 nouit,
1097 859 1166 906 non
1188 846 1300 908 solum
1321 842 1335 873 ²

109 949 266 1030 permisit
282 957 320 1010 ut
335 948 416 1011 inde
431 947 562 1028 aliquid
577 947 778 1010 detrimenti
793 965 1012 1027 caperemus
1028 967 1153 1012 verum
1169 949 1283 1014 effecit
1295 963 1334 1015 ut

111 1073 175 1136 quo
191 1055 240 1117 illi
256 1057 372 1132 magis
388 1071 533 1134 operam
549 1053 734 1128 dederunt,
752 1063 788 1116 ut
805 1056 929 1134 quouis
944 1055 1048 1118 modo
1070 1069 1210 1122 nostros
1232 1059 1333 1134 obsu-

110 1168 251 1224 scarent
266 1160 290 1236 ³,
305 1179 347 1224 eo
363 1162 478 1240 magis
493 1162 624 1224 ueritas
640 1163 716 1240 ipsa
732 1163 848 1224 lumen
864 1179 966 1224 suum
983 1162 1206 1243 diffunderet,
1221 1177 1257 1228 ut
1274 1184 1332 1245 po·

110 1272 188 1347 pulo
205 1268 218 1300 ⁴
231 1269 423 1348 patefieret.
440 1269 486 1331 Hi
501 1278 581 1331 sunt
593 1270 652 1348 qui
667 1269 790 1331 rudem
804 1268 1021 1348 plebeculam
1037 1271 1330 1350 circumueniunt,

110 1387 141 1440 et
165 1377 201 1439 in
221 1393 379 1439 errorem
399 1377 641 1455 plausibilibus
664 1375 875 1456 quibusdam
896 1378 1079 1440 sententiis
1102 1379 1274 1456 alliciunt;
1297 1380 1332 1442 id

111 1493 225 1547 tamen
251 1485 462 1546 clanculum.
493 1481 582 1546 Nam
611 1483 796 1545 manifesta
824 1483 981 1546 haeresis
1009 1487 1104 1547 nulla
1134 1485 1249 1550 adhuc
1276 1489 1334 1550 hic

110 1600 304 1669 grassatur.
321 1588 399 1653 Non
420 1590 518 1653 uisus
537 1601 589 1654 est
610 1589 741 1666 adhuc,
764 1590 822 1670 qui
845 1589 909 1652 sub
930 1599 1079 1671 utraque
1099 1594 1216 1673 specie
1238 1612 1332 1658 com·

111 1697 320 1774 municaret‚
338 1707 398 1760 aut
413 1698 483 1760 ulla
499 1707 723 1760 sacramenta
739 1709 990 1760 contemneret:
1015 1698 1103 1762 festa
1123 1718 1193 1763 non
1214 1701 1331 1765 admo·

111 1803 201 1882 dum,
218 1813 257 1867 ut
272 1814 306 1867 et
322 1805 357 1866 in
373 1804 451 1867 aliis
467 1805 637 1884 partibus
654 1803 818 1881 religiose
833 1817 1032 1868 seruantur.
1050 1805 1160 1869 Porro
1181 1808 1210 1869 si
1225 1825 1333 1888 popu-

110 1911 162 1974 lus
184 1913 299 1976 bonos
319 1911 426 1974 duces
446 1911 608 1986 haberet,
631 1910 726 1974 facili
745 1913 888 1989 negotio
911 1911 956 1974 ad
979 1931 1102 1976 sanam
1125 1924 1275 1978 mentem
1297 1926 1333 1978 et

110 2021 294 2098 pristinam
307 2019 513 2096 religionem
526 2018 646 2081 reduci
658 2019 791 2096 poterit
806 2019 827 2080 ⁸.
844 2016 924 2093 Sed,
942 2029 978 2082 ut
995 2020 1181 2084 dolendum
1194 2033 1258 2096 est,
1273 2022 1333 2086 du-

109 2143 168 2189 ces
182 2127 289 2190 habet
305 2125 560 2205 perditissimos
579 2123 601 2202 ⁰,
620 2135 852 2198 scortatores¹
869 2128 1130 2206 negociatores,
1154 2141 1188 2192 et
1208 2130 1243 2192 in
1259 2131 1331 2192 uni-

109 2250 250 2297 uersum
265 2236 360 2296 omni
375 2235 548 2296 scelerum
563 2249 693 2310 genere
709 2245 908 2312 coopertos.
925 2233 962 2298 Si
977 2233 1104 2298 iratres
1119 2237 1231 2300 nostri
1247 2236 1333 2300 Ger·

107 2342 203 2404 mani
217 2341 252 2403 in
267 2339 445 2419 theologia
462 2355 671 2420 progressus
687 2341 824 2420 aliquos
839 2339 1014 2416 iecissent,
1031 2353 1091 2404 aut
1104 2342 1162 2405 alii
1175 2343 1333 2423 linguam

106 2447 348 2527 germanicam
364 2463 490 2509 sonare
506 2457 660 2521 nossent,
678 2447 866 2527 plurimum
881 2448 1110 2510 concionibus
1125 2451 1198 2511 suis
1213 2450 1248 2513 in
1263 2451 1334 2514 hoc

107 2555 248 2636 oppido,
265 2563 300 2617 et
315 2563 387 2616 tota
403 2553 553 2633 denique
568 2555 714 2630 regione
730 2552 751 2628 ⁷,
769 2566 952 2632 praestare
969 2565 1123 2634 possent.

166 2661 265 2724 Haec
280 2671 377 2736 sunt,
400 2659 606 2753 Reuerende
621 2659 741 2735 Pater,
760 2678 850 2740 quae
866 2661 1098 2741 significanda
1119 2664 1155 2726 in
1170 2681 1332 2744 praesen-

106 2770 235 2856 tiarum
252 2769 496 2832 occurrebant.
514 2767 682 2848 Superest
697 2777 734 2830 ut
749 2785 813 2830 nos
829 2785 951 2832 omnes
966 2771 1094 2833 obnixe
1114 2772 1332 2835 commende-

104 2895 185 2942 mus
199 2877 418 2939 orationibus
432 2876 563 2938 uestris
578 2877 830 2952 sanctissimis
849 2893 917 2956 quo
938 2877 1044 2956 digne
1059 2889 1094 2942 et
1115 2897 1195 2942 curn
1216 2877 1335 2943 fructu

104 2987 139 3048 in
156 2985 261 3047 uinea
277 2982 418 3046 Domini
434 2985 575 3062 operari
591 2983 779 3062 possimus.

163 3091 339 3155 Dominus
352 3090 456 3172 Jesus
469 3101 587 3152 seruet
602 3089 642 3152 R.
660 3090 705 3154 V.
723 3091 780 3153 diu
796 3093 898 3154 nobis
913 3094 1135 3158 incolumem.

164 3197 384 3278 lngolstadii,
404 3197 441 3259 19
454 3197 675 3261 Nouembris.

162 3307 219 3370 Ex
233 3306 481 3370 commissione
496 3303 610 3368 Patris
626 3307 737 3369 nostri
759 3305 934 3382 aectoris,

245 3413 411 3491 indignus
426 3429 551 3475 servus
567 3411 608 3475 R.
628 3412 663 3476 Ρ.
683 3413 735 3491 Τ.,

682 3629 894 3692 Taeoooaus
914 3631 1209 3709 Parranus(s1'c).

161 3948 432 4030 Superscrt'ptr'o
443 3949 481 4010 in
497 3954 628 4027 pataria
639 3949 796 4028 pagina:
812 3947 888 4010 R.‘³⁰
902 3953 936 4013 in
952 3951 1042 4030 Xpo.
1058 3951 1154 4014 Patri
1168 3951 1212 4014 Μ.
1227 3952 1332 4034 Jaco-

93 4059 141 4120 bo
156 4057 305 4136 Laynes
319 4053 508 4118 Societatis
521 4055 606 4136 Jesu
622 4055 766 4118 Vicario
782 4055 961 4119 Generali.
980 4055 1124 4122 Romae.

96 4213 315 4226 *β’-.-

134 4297 144 4330 t
177 4293 497 4349 adtempus.l²oraxcus.

132 4367 145 4400 ¹
176 4367 444 4411 nonsolumnon.lo.

132 4439 145 4472 a
175 4437 412 4482 obscrtramrmn.

133 4511 145 4543 ὁ
175 4511 275 4564 populo
286 4509 371 4552 imin.

132 4581 146 4613 ⁵
174 4580 329 4636 pOSmcIDn

130 4652 147 4686 ⁵
176 4655 211 4696 in
224 4652 304 4695 robus
312 4655 503 4708 spiritualibus
514 4656 710 4710 perditissimos.
721 4656 760 4702 lb.

134 4726 144 4758 ⁷
175 4723 407 4778 hacregtoneuo.
