3368 5528
258 1093 472 1140 praecedentium
481 1093 616 1141 Franclsci
627 1095 753 1152 Stephani
764 1098 912 1142 litterarum
922 1097 1005 1143 latina
1014 1097 1101 1142 vernlu
1112 1096 1133 1142 Ι.

654 1316 729 1432 nis

149 1604 268 1671 Gratia
290 1617 325 1671 et
350 1626 422 1689 pax
447 1608 492 1671 D.
519 1607 562 1673 N.
588 1607 674 1692 Jesu
699 1607 831 1674 Christi
854 1609 900 1673 sit
920 1627 1059 1692 semper
1084 1611 1120 1675 in
1145 1611 1309 1677 cordibus
1373 1663 1375 1668 .

97 1714 226 1778 nostris

146 1819 217 1884 Etsi
231 1822 410 1902 profectus
425 1822 618 1903 spiritualis
631 1823 747 1902 (Pater
760 1824 796 1887 in
807 1823 949 1888 Christo
962 1825 1308 1906 obseruandissime),

95 1941 185 2004 quern
198 1929 320 1992 sedula
331 1939 532 1993 nostrorum
543 1943 686 2010 patrum
698 1947 806 2012 opera
818 1931 915 1994 hisce
930 1931 1109 1994 mensibus
1121 1933 1206 1996 urbs
1220 1933 1308 1997 Mes·

95 2049 170 2098 sana
182 2037 301 2115 sensit,
314 2053 386 2099 non
398 2037 443 2100 sit
455 2038 597 2100 omnino
610 2038 854 2117 poenitendus,
866 2043 1015 2101 tantus¹
1028 2046 1145 2102 tamen
1160 2058 1230 2103 non
1243 2050 1307 2119 est,

96 2149 126 2200 ut
139 2149 232 2205 tanta
248 2142 416 2223 proferat,
444 2152 576 2226 quanta
592 2143 670 2206 aliis
694 2144 870 2225 plerisque
896 2145 932 2208 in
958 2145 1044 2208 locis
1064 2149 1141 2225 geri
1164 2148 1307 2224 scimuS,

95 2261 172 2326 eque
186 2250 295 2312 variis
310 2250 356 2314 ad
374 2268 439 2314 nos
453 2249 579 2314 delatis
600 2251 711 2315 literis
730 2252 883 2332 quotidie
899 2253 1103 2334 accipimus.
1126 2253 1217 2318 Noui
1236 2254 1310 2318 sere

95 2353 171 2416 nihil
183 2357 363 2430 habemus
379 2358 422 2421 de
447 2368 565 2439 quote
587 2359 776 2423 certiorem
794 2357 869 2422 fieri
890 2368 1064 2440 oporteat.
1088 2359 1163 2424 Nisi
1177 2379 1310 2426 nouum

94 2457 172 2524 sorte
186 2463 283 2527 dicas
298 2465 497 2529 animorum
511 2466 567 2546 pie
582 2466 849 2530 formandorum
864 2483 986 2531 curam
1006 2468 1172 2532 ardenter
1191 2486 1308 2533 susce·

95 2575 180 2644 ptam
202 2571 251 2634 ita
266 2581 386 2636 tenere
409 2563 767 2652 constant'er·adl1uc‚
784 2584 906 2636 utnon
922 2574 1025 2637 modo
1040 2591 1111 2637 non
1133 2574 1251 2654 aliqua
1275 2576 1311 2641 in

95 2688 184 2755 parte
199 2680 346 2742 remissa
361 2679 478 2756 suerit,
495 2679 557 2743 sed
572 2679 678 2743 etiam
691 2679 869 2743 communi
884 2679 1040 2743 omnium
1055 2680 1171 2744 studio
1183 2681 1219 2745 in
1235 2682 1311 2746 dies

94 2784 199 2864 magis
209 2802 250 2848 ac
263 2787 378 2866 magis
389 2795 584 2850 excrescat.
601 2786 641 2850 In
654 2786 831 2850 consuetis
846 2786 964 2867 itaque
976 2798 1164 2851 uersantur
1174 2805 1309 2866 omues,

96 2906 153 2953 nec
170 2909 253 2955 sane
272 2893 440 2974 segniter,
462 2909 526 2956 nec
548 2892 717 2956 mediocri
735 2910 815 2957 cum
829 2892 974 2956 foenore
995 2895 1224 2958 commissum
1246 2913 1311 2976 pro

94 2999 275 3081 sequisque
286 3001 456 3064 talentum
468 3000 585 3064 studet
596 2999 805 3080 expendere.
820 2999 910 3064 Nam
920 3012 1059 3081 praeter
1071 3000 1311 3066 domesticas⁸

95 3107 271 3170 conciones
286 3107 531 3186 (quaemagna
551 3105 749 3187 frequentia
771 3105 969 3185 habentur),
993 3109 1184 3188 exponitur
1203 3109 1311 3172 etiam

94 3210 184 3274 intra
204 3212 472 3292 hebdomadam,
498 3213 553 3276 die
578 3213 730 3290 veneria,
757 3212 863 3276 Liber
885 3211 1100 3294 Sapientiae,
1121 3233 1259 3278 necnon
1274 3215 1311 3280 in

95 3321 213 3400 templo
233 3320 366 3383 maiori
386 3319 409 3399 ⁴,
430 3337 520 3401 quae
542 3321 662 3401 quinto
687 3319 814 3383 abhinc
834 3337 964 3398 mense,
992 3321 1022 3382 si
1044 3322 1132 3385 satis
1153 3322 1310 3401 memini,

94 3425 156 3504 legi
170 3438 359 3507 coeperant
373 3435 564 3507 praecepta
580 3426 763 3506 Decalogi,
780 3426 939 3489 inaudito
954 3425 1027 3490 iere
1043 3429 1199 3492 omnium
1215 3441 1310 3492 aeta·

95 3539 159 3594 tum
184 3535 414 3614 ordinumque
439 3549 626 3611 concursu,
652 3533 817 3611 leguntur
840 3533 947 3597 etiam
973 3551 1067 3597 nunc
1092 3552 1163 3598 non
1184 3536 1312 3599 minori

96 3640 240 3704 omnium
254 3651 289 3704 et
305 3639 537 3704 admiratione
554 3647 587 3702 et
602 3638 730 3702 fructu.
746 3637 809 3701 Est
825 3657 965 3722 quoque
985 3658 1029 3703 cx
1051 3642 1183 3706 uostris
1202 3643 1312 3723 patri·

95 3742 152 3808 bus
166 3748 318 3826 quidam,
336 3747 397 3827 qui
411 3746 533 3809 diebus
548 3745 709 3810 omnibus
725 3744 912 3810 dominicis
933 3756 968 3810 et
985 3746 1085 3810 festis
1108 3749 1143 3812 in
1160 3749 1313 3830 quodam

96 3855 291 3918 monialium
304 3853 520 3918 monasterio
534 3853 777 3931 concionatur,
794 3861 831 3916 ut
845 3853 933 3918 nihil
954 3853 996 3917 de
1016 3853 1058 3918 iis
1082 3856 1313 3920 concionibus

59 3938 64 3948 ’
95 3957 215 4040 dicam,
230 3961 416 4044 quaelicet
431 3977 502 4024 non
517 3968 648 4024 statuto
663 3969 863 4040 temporeet
875 3962 964 4041 loco,
979 3961 1181 4042 frequenter
1194 3973 1314 4027 tamen

129 4241 136 4270 ¹
164 4239 389 4284 Duoanntharnm
398 4239 545 4282 litterarum
554 4238 869 4294 exemplaarchetypn‚in
878 4240 1078 4293 qulbnatantnm
1086 4245 1218 4294 pontrema
1226 4241 1310 4286 verba

96 4307 124 4354 R.
134 4309 162 4355 P.
176 4310 198 4356 Τ
197 4341 255 4358 .......
266 4310 426 4360 Srnramua.
437 4315 495 4354 sunt
506 4307 587 4364 ipsius
596 4308 722 4364 Stephani
731 4320 808 4353 manu
819 4311 947 4365 apposita.
956 4310 1071 4356 Primum
1080 4317 1120 4355 eat
1128 4311 1153 4356 ln
1161 4311 1222 4356 iolio
1232 4313 1316 4366 unico,

96 4393 117 4423 n.
126 4383 170 4436 ita,
181 4383 297 4438 incoque
308 4387 349 4426 tot
358 4387 418 4426 nunt
428 4381 532 4436 uterne,
540 4380 734 4425 emendationes
744 4387 770 4425 et
781 4381 926 4426 additiones
936 4384 969 4426 ab
980 4395 1009 4426 eo
1020 4383 1149 4437 inductae,
1161 4385 1203 4438 qui
1212 4385 1317 4429 litteras

94 4456 218 4508 exaravit,
227 4462 256 4499 nt
265 4453 448 4499 adversarium
457 4452 587 4498 videatur.
598 4453 727 4508 Alterum,
737 4453 853 4508 nitidius,
865 4460 904 4498 eat
915 4455 941 4498 in
952 4455 1020 4499 loliis
1030 4456 1137 4510 duobus,
1147 4467 1254 4510 qnorum
1268 4457 1318 4511 pri·

95 4537 157 4570 marn
167 4533 267 4571 tantum
274 4525 407 4580 signatum
414 4531 453 4569 eat
463 4536 487 4568 n.
500 4525 547 4568 ino,
555 4524 584 4569 In
593 4536 624 4568 eo
632 4535 716 4579 panca
726 4525 855 4579 quaedam
864 4527 975 4571 mutavit
982 4529 1089 4582 propria
1096 4539 1173 4573 manu
1182 4527 1317 4575 Polancus.

131 4595 141 4627 Ι
166 4598 198 4642 is.
209 4598 350 4644 Ponticus.

131 4667 142 4700 ³
167 4669 299 4713 nostruin
310 4668 423 4713 ecclesia
433 4668 534 4712 addidit
543 4667 679 4712 Polancns.

132 4743 144 4775 ⁴
168 4751 275 4786 summ
284 4740 390 4795 templo.
400 4738 541 4784 Panaretus.

250 4827 290 4886 Τ.
305 4845 347 4888 tv.
