<?xml version="1.0" encoding="UTF-8"?>
<!DOCTYPE html PUBLIC "-//W3C//DTD XHTML 1.0 Transitional//EN"
    "http://www.w3.org/TR/xhtml1/DTD/xhtml1-transitional.dtd">
<html xmlns="http://www.w3.org/1999/xhtml" xml:lang="en" lang="en">
 <head>
  <title>
</title>
<meta http-equiv="Content-Type" content="text/html;charset=utf-8" />
  <meta name='ocr-system' content='tesseract 3.04.00' />
  <meta name='ocr-capabilities' content='ocr_page ocr_carea ocr_par ocr_line ocrx_word'/>
</head>
<body>
  <div class='ocr_page' id='page_1' title='image "./litteraequadrim00jesugoog_0016.png"; bbox 0 0 3578 5534; ppageno 0'>
   <div class='ocr_carea' id='block_1_1' title="bbox 357 556 1204 629">
    <p class='ocr_par' dir='ltr' id='par_1_1' title="bbox 357 556 1204 629">
     <span class='ocr_line' id='line_1_1' title="bbox 357 556 1204 629; baseline 0.006 -15"><span class='ocrx_word' id='word_1_1' title='bbox 357 556 381 614; x_wconf 75' lang='lat' dir='ltr'>tl</span> <span class='ocrx_word' id='word_1_2' title='bbox 743 559 915 618; x_wconf 76' lang='lat' dir='ltr'>erruana</span> <span class='ocrx_word' id='word_1_3' title='bbox 934 571 1204 629; x_wconf 72' lang='lat' dir='ltr'>ouaoatuasruas</span> 
     </span>
    </p>
   </div>
   <div class='ocr_carea' id='block_1_2' title="bbox 354 701 1587 4308">
    <p class='ocr_par' dir='ltr' id='par_1_2' title="bbox 361 701 1587 984">
     <span class='ocr_line' id='line_1_2' title="bbox 363 701 1587 786; baseline 0.007 -21"><span class='ocrx_word' id='word_1_4' title='bbox 363 701 527 782; x_wconf 66' lang='lat' dir='ltr'>bimulis,</span> <span class='ocrx_word' id='word_1_5' title='bbox 542 705 714 784; x_wconf 78' lang='lat' dir='ltr'>tanquam</span> <span class='ocrx_word' id='word_1_6' title='bbox 725 717 920 784; x_wconf 79' lang='lat' dir='ltr'>coarcere,</span> <span class='ocrx_word' id='word_1_7' title='bbox 933 707 1127 786; x_wconf 84' lang='lat' dir='ltr'>euolantes,</span> <span class='ocrx_word' id='word_1_8' title='bbox 1143 706 1221 770; x_wconf 89' lang='lat' dir='ltr'>Deo</span> <span class='ocrx_word' id='word_1_9' title='bbox 1235 725 1316 771; x_wconf 85' lang='lat' dir='ltr'>esse</span> <span class='ocrx_word' id='word_1_10' title='bbox 1331 708 1488 772; x_wconf 82' lang='lat' dir='ltr'>redditos</span> <span class='ocrx_word' id='word_1_11' title='bbox 1502 717 1537 772; x_wconf 81' lang='lat' dir='ltr'>et</span> <span class='ocrx_word' id='word_1_12' title='bbox 1550 709 1587 773; x_wconf 92' lang='lat' dir='ltr'>in</span> 
     </span>
     <span class='ocr_line' id='line_1_3' title="bbox 364 809 1586 896; baseline 0.008 -26"><span class='ocrx_word' id='word_1_13' title='bbox 364 809 460 872; x_wconf 89' lang='lat' dir='ltr'>illam</span> <span class='ocrx_word' id='word_1_14' title='bbox 487 810 634 874; x_wconf 85' lang='lat' dir='ltr'>altera-tn</span> <span class='ocrx_word' id='word_1_15' title='bbox 655 810 790 876; x_wconf 84' lang='lat' dir='ltr'>Christi</span> <span class='ocrx_word' id='word_1_16' title='bbox 809 813 894 896; x_wconf 84' lang='lat' dir='ltr'>Jesu</span> <span class='ocrx_word' id='word_1_17' title='bbox 915 813 1057 876; x_wconf 79' lang='lat' dir='ltr'><strong>beatam</strong></span> <span class='ocrx_word' id='word_1_18' title='bbox 1075 811 1289 877; x_wconf 78' lang='lat' dir='ltr'><strong>Societatem</strong></span> <span class='ocrx_word' id='word_1_19' title='bbox 1316 815 1352 878; x_wconf 91' lang='lat' dir='ltr'>in</span> <span class='ocrx_word' id='word_1_20' title='bbox 1378 825 1586 896; x_wconf 85' lang='lat' dir='ltr'>perpetuum</span> 
     </span>
     <span class='ocr_line' id='line_1_4' title="bbox 361 915 1565 984; baseline 0.006 -7"><span class='ocrx_word' id='word_1_21' title='bbox 361 915 546 980; x_wconf 83' lang='lat' dir='ltr'>admissos.</span> <span class='ocrx_word' id='word_1_22' title='bbox 1563 975 1565 984; x_wconf 93' lang='lat'>.</span> 
     </span>
    </p>

    <p class='ocr_par' dir='ltr' id='par_1_3' title="bbox 355 1019 1586 3012">
     <span class='ocr_line' id='line_1_5' title="bbox 417 1019 1583 1108; baseline 0.006 -22"><span class='ocrx_word' id='word_1_23' title='bbox 417 1019 514 1087; x_wconf 87' lang='lat' dir='ltr'>Dum</span> <span class='ocrx_word' id='word_1_24' title='bbox 528 1025 618 1087; x_wconf 87' lang='lat' dir='ltr'>haec</span> <span class='ocrx_word' id='word_1_25' title='bbox 632 1025 726 1106; x_wconf 85' lang='lat' dir='ltr'>apud</span> <span class='ocrx_word' id='word_1_26' title='bbox 740 1041 806 1088; x_wconf 89' lang='lat' dir='ltr'>nos</span> <span class='ocrx_word' id='word_1_27' title='bbox 825 1034 1014 1105; x_wconf 77' lang='lat' dir='ltr'>geruntur,</span> <span class='ocrx_word' id='word_1_28' title='bbox 1031 1033 1067 1090; x_wconf 90' lang='lat' dir='ltr'>et</span> <span class='ocrx_word' id='word_1_29' title='bbox 1086 1026 1123 1090; x_wconf 88' lang='lat' dir='ltr'>in</span> <span class='ocrx_word' id='word_1_30' title='bbox 1141 1037 1241 1090; x_wconf 88' lang='lat' dir='ltr'>tanto</span> <span class='ocrx_word' id='word_1_31' title='bbox 1260 1028 1362 1108; x_wconf 82' lang='lat' dir='ltr'><strong>quasi</strong></span> <span class='ocrx_word' id='word_1_32' title='bbox 1379 1029 1583 1094; x_wconf 79' lang='lat' dir='ltr'>morborum</span> 
     </span>
     <span class='ocr_line' id='line_1_6' title="bbox 360 1131 1586 1210; baseline 0.006 -18"><span class='ocrx_word' id='word_1_33' title='bbox 360 1138 463 1192; x_wconf 85' lang='lat' dir='ltr'>aestu</span> <span class='ocrx_word' id='word_1_34' title='bbox 481 1147 717 1210; x_wconf 65' lang='lat' dir='ltr'>uersaretur,</span> <span class='ocrx_word' id='word_1_35' title='bbox 738 1132 835 1195; x_wconf 92' lang='lat' dir='ltr'>uenit</span> <span class='ocrx_word' id='word_1_36' title='bbox 855 1132 902 1195; x_wconf 93' lang='lat' dir='ltr'>ad</span> <span class='ocrx_word' id='word_1_37' title='bbox 926 1149 992 1195; x_wconf 88' lang='lat' dir='ltr'>nos</span> <span class='ocrx_word' id='word_1_38' title='bbox 1016 1131 1122 1196; x_wconf 88' lang='lat' dir='ltr'>Pater</span> <span class='ocrx_word' id='word_1_39' title='bbox 1146 1134 1204 1197; x_wconf 89' lang='lat' dir='ltr'>ille</span> <span class='ocrx_word' id='word_1_40' title='bbox 1228 1143 1348 1198; x_wconf 83' lang='lat' dir='ltr'>noster</span> <span class='ocrx_word' id='word_1_41' title='bbox 1369 1133 1399 1198; x_wconf 92' lang='lat' dir='ltr'>F</span> <span class='ocrx_word' id='word_1_42' title='bbox 1401 1136 1586 1200; x_wconf 82' lang='lat' dir='ltr'>ranciscus</span> 
     </span>
     <span class='ocr_line' id='line_1_7' title="bbox 358 1229 1583 1318; baseline 0.006 -19"><span class='ocrx_word' id='word_1_43' title='bbox 358 1229 523 1316; x_wconf 80' lang='lat' dir='ltr'>Borgiuu,</span> <span class='ocrx_word' id='word_1_44' title='bbox 551 1241 651 1302; x_wconf 92' lang='lat' dir='ltr'>cuius</span> <span class='ocrx_word' id='word_1_45' title='bbox 675 1238 830 1302; x_wconf 87' lang='lat' dir='ltr'>aduentu</span> <span class='ocrx_word' id='word_1_46' title='bbox 853 1240 1025 1318; x_wconf 80' lang='lat' dir='ltr'>restingui</span> <span class='ocrx_word' id='word_1_47' title='bbox 1051 1242 1171 1304; x_wconf 91' lang='lat' dir='ltr'>omnia</span> <span class='ocrx_word' id='word_1_48' title='bbox 1198 1239 1206 1271; x_wconf 91' lang='lat'><strong>¹</strong></span> <span class='ocrx_word' id='word_1_49' title='bbox 1232 1250 1266 1304; x_wconf 91' lang='lat' dir='ltr'>et</span> <span class='ocrx_word' id='word_1_50' title='bbox 1287 1241 1479 1306; x_wconf 86' lang='lat' dir='ltr'>exhilarari</span> <span class='ocrx_word' id='word_1_51' title='bbox 1505 1242 1583 1306; x_wconf 90' lang='lat' dir='ltr'>uisa</span> 
     </span>
     <span class='ocr_line' id='line_1_8' title="bbox 361 1344 1584 1428; baseline 0.006 -23"><span class='ocrx_word' id='word_1_52' title='bbox 361 1353 454 1408; x_wconf 90' lang='lat' dir='ltr'>sunt:</span> <span class='ocrx_word' id='word_1_53' title='bbox 470 1344 536 1408; x_wconf 83' lang='lat' dir='ltr'>luit</span> <span class='ocrx_word' id='word_1_54' title='bbox 549 1346 645 1424; x_wconf 91' lang='lat' dir='ltr'>apud</span> <span class='ocrx_word' id='word_1_55' title='bbox 658 1363 724 1408; x_wconf 86' lang='lat' dir='ltr'>nos</span> <span class='ocrx_word' id='word_1_56' title='bbox 738 1355 818 1409; x_wconf 92' lang='lat' dir='ltr'>octo</span> <span class='ocrx_word' id='word_1_57' title='bbox 833 1346 919 1426; x_wconf 90' lang='lat' dir='ltr'>dies,</span> <span class='ocrx_word' id='word_1_58' title='bbox 935 1363 1019 1410; x_wconf 90' lang='lat' dir='ltr'>nam</span> <span class='ocrx_word' id='word_1_59' title='bbox 1033 1347 1164 1411; x_wconf 87' lang='lat' dir='ltr'>diutius</span> <span class='ocrx_word' id='word_1_60' title='bbox 1179 1349 1312 1411; x_wconf 91' lang='lat' dir='ltr'>morari</span> <span class='ocrx_word' id='word_1_61' title='bbox 1325 1366 1397 1412; x_wconf 92' lang='lat' dir='ltr'>non</span> <span class='ocrx_word' id='word_1_62' title='bbox 1412 1350 1525 1428; x_wconf 89' lang='lat' dir='ltr'>licuit,</span> <span class='ocrx_word' id='word_1_63' title='bbox 1549 1359 1584 1412; x_wconf 91' lang='lat' dir='ltr'>et</span> 
     </span>
     <span class='ocr_line' id='line_1_9' title="bbox 358 1453 1584 1537; baseline 0.005 -23"><span class='ocrx_word' id='word_1_64' title='bbox 358 1459 503 1532; x_wconf 82' lang='lat' dir='ltr'>propter</span> <span class='ocrx_word' id='word_1_65' title='bbox 517 1453 667 1532; x_wconf 81' lang='lat' dir='ltr'>negocia</span> <span class='ocrx_word' id='word_1_66' title='bbox 688 1453 912 1532; x_wconf 86' lang='lat' dir='ltr'>grauissima,</span> <span class='ocrx_word' id='word_1_67' title='bbox 935 1454 1061 1533; x_wconf 90' lang='lat' dir='ltr'>quibus</span> <span class='ocrx_word' id='word_1_68' title='bbox 1076 1454 1303 1534; x_wconf 86' lang='lat' dir='ltr'>expediendis</span> <span class='ocrx_word' id='word_1_69' title='bbox 1317 1473 1498 1537; x_wconf 88' lang='lat' dir='ltr'>nunquam</span> <span class='ocrx_word' id='word_1_70' title='bbox 1512 1473 1584 1520; x_wconf 91' lang='lat' dir='ltr'>non</span> 
     </span>
     <span class='ocr_line' id='line_1_10' title="bbox 359 1557 1584 1643; baseline 0.006 -23"><span class='ocrx_word' id='word_1_71' title='bbox 359 1557 563 1637; x_wconf 82' lang='lat' dir='ltr'>distinetur,</span> <span class='ocrx_word' id='word_1_72' title='bbox 580 1567 615 1622; x_wconf 91' lang='lat' dir='ltr'>et</span> <span class='ocrx_word' id='word_1_73' title='bbox 630 1559 724 1640; x_wconf 91' lang='lat' dir='ltr'>quod</span> <span class='ocrx_word' id='word_1_74' title='bbox 738 1560 774 1622; x_wconf 89' lang='lat' dir='ltr'>in</span> <span class='ocrx_word' id='word_1_75' title='bbox 793 1568 953 1640; x_wconf 88' lang='lat' dir='ltr'>tempora</span> <span class='ocrx_word' id='word_1_76' title='bbox 972 1561 1080 1624; x_wconf 89' lang='lat' dir='ltr'>tantis</span> <span class='ocrx_word' id='word_1_77' title='bbox 1099 1563 1389 1642; x_wconf 88' lang='lat' dir='ltr'>occupationibus</span> <span class='ocrx_word' id='word_1_78' title='bbox 1413 1564 1517 1643; x_wconf 90' lang='lat' dir='ltr'>plena</span> <span class='ocrx_word' id='word_1_79' title='bbox 1533 1562 1584 1626; x_wconf 83' lang='lat' dir='ltr'>in·</span> 
     </span>
     <span class='ocr_line' id='line_1_11' title="bbox 359 1664 1584 1750; baseline 0.005 -24"><span class='ocrx_word' id='word_1_80' title='bbox 359 1664 513 1743; x_wconf 74' lang='lat' dir='ltr'>cluisset,</span> <span class='ocrx_word' id='word_1_81' title='bbox 540 1683 631 1745; x_wconf 89' lang='lat' dir='ltr'>quae</span> <span class='ocrx_word' id='word_1_82' title='bbox 649 1666 746 1729; x_wconf 89' lang='lat' dir='ltr'>illum</span> <span class='ocrx_word' id='word_1_83' title='bbox 767 1666 825 1730; x_wconf 91' lang='lat' dir='ltr'>hic</span> <span class='ocrx_word' id='word_1_84' title='bbox 851 1667 976 1730; x_wconf 88' lang='lat' dir='ltr'>adesse</span> <span class='ocrx_word' id='word_1_85' title='bbox 1000 1666 1130 1732; x_wconf 87' lang='lat' dir='ltr'>diutius</span> <span class='ocrx_word' id='word_1_86' title='bbox 1149 1686 1221 1731; x_wconf 92' lang='lat' dir='ltr'>non</span> <span class='ocrx_word' id='word_1_87' title='bbox 1242 1677 1457 1750; x_wconf 89' lang='lat' dir='ltr'>paterentur.</span> <span class='ocrx_word' id='word_1_88' title='bbox 1477 1669 1584 1733; x_wconf 90' lang='lat' dir='ltr'>Breui</span> 
     </span>
     <span class='ocr_line' id='line_1_12' title="bbox 362 1770 1583 1854; baseline 0.004 -21"><span class='ocrx_word' id='word_1_89' title='bbox 362 1780 482 1834; x_wconf 87' lang='lat' dir='ltr'>tamen</span> <span class='ocrx_word' id='word_1_90' title='bbox 497 1772 564 1834; x_wconf 91' lang='lat' dir='ltr'>isto</span> <span class='ocrx_word' id='word_1_91' title='bbox 581 1770 764 1852; x_wconf 86' lang='lat' dir='ltr'>&#39;tempore</span> <span class='ocrx_word' id='word_1_92' title='bbox 778 1773 929 1854; x_wconf 89' lang='lat' dir='ltr'>plurima</span> <span class='ocrx_word' id='word_1_93' title='bbox 944 1781 1025 1836; x_wconf 91' lang='lat' dir='ltr'>sunt</span> <span class='ocrx_word' id='word_1_94' title='bbox 1040 1773 1084 1836; x_wconf 91' lang='lat' dir='ltr'>ab</span> <span class='ocrx_word' id='word_1_95' title='bbox 1099 1791 1141 1836; x_wconf 89' lang='lat' dir='ltr'>eo</span> <span class='ocrx_word' id='word_1_96' title='bbox 1156 1775 1357 1838; x_wconf 86' lang='lat' dir='ltr'>felicissirne</span> <span class='ocrx_word' id='word_1_97' title='bbox 1377 1775 1423 1838; x_wconf 89' lang='lat' dir='ltr'>ad</span> <span class='ocrx_word' id='word_1_98' title='bbox 1436 1776 1583 1838; x_wconf 90' lang='lat' dir='ltr'>multam</span> 
     </span>
     <span class='ocr_line' id='line_1_13' title="bbox 358 1877 1582 1957; baseline 0.003 -17"><span class='ocrx_word' id='word_1_99' title='bbox 358 1877 490 1941; x_wconf 82' lang='lat' dir='ltr'>Christi</span> <span class='ocrx_word' id='word_1_100' title='bbox 504 1879 655 1957; x_wconf 84' lang='lat' dir='ltr'>gloriam</span> <span class='ocrx_word' id='word_1_101' title='bbox 670 1879 843 1943; x_wconf 81' lang='lat' dir='ltr'>coniecta:</span> <span class='ocrx_word' id='word_1_102' title='bbox 859 1896 942 1943; x_wconf 87' lang='lat' dir='ltr'>nam</span> <span class='ocrx_word' id='word_1_103' title='bbox 962 1889 997 1942; x_wconf 93' lang='lat' dir='ltr'>et</span> <span class='ocrx_word' id='word_1_104' title='bbox 1012 1889 1154 1943; x_wconf 90' lang='lat' dir='ltr'>nostros</span> <span class='ocrx_word' id='word_1_105' title='bbox 1172 1897 1295 1944; x_wconf 88' lang='lat' dir='ltr'>ornnes</span> <span class='ocrx_word' id='word_1_106' title='bbox 1314 1881 1441 1945; x_wconf 88' lang='lat' dir='ltr'>mirum</span> <span class='ocrx_word' id='word_1_107' title='bbox 1460 1882 1496 1944; x_wconf 92' lang='lat' dir='ltr'>in</span> <span class='ocrx_word' id='word_1_108' title='bbox 1509 1898 1582 1944; x_wconf 88' lang='lat' dir='ltr'>rno-</span> 
     </span>
     <span class='ocr_line' id='line_1_14' title="bbox 360 1984 1581 2068; baseline 0.004 -21"><span class='ocrx_word' id='word_1_109' title='bbox 360 1984 443 2047; x_wconf 91' lang='lat' dir='ltr'>dum</span> <span class='ocrx_word' id='word_1_110' title='bbox 463 1985 596 2064; x_wconf 83' lang='lat' dir='ltr'>refecit,</span> <span class='ocrx_word' id='word_1_111' title='bbox 623 1987 777 2066; x_wconf 75' lang='lat' dir='ltr'>morb08,</span> <span class='ocrx_word' id='word_1_112' title='bbox 803 1987 954 2066; x_wconf 63' lang='lat' dir='ltr'>labores</span> <span class='ocrx_word' id='word_1_113' title='bbox 976 1986 1096 2050; x_wconf 90' lang='lat' dir='ltr'>omnia</span> <span class='ocrx_word' id='word_1_114' title='bbox 1120 1987 1271 2068; x_wconf 87' lang='lat' dir='ltr'>denique</span> <span class='ocrx_word' id='word_1_115' title='bbox 1289 1989 1424 2052; x_wconf 89' lang='lat' dir='ltr'>leuiora</span> <span class='ocrx_word' id='word_1_116' title='bbox 1442 1989 1581 2068; x_wconf 86' lang='lat' dir='ltr'>aequio-</span> 
     </span>
     <span class='ocr_line' id='line_1_15' title="bbox 359 2091 1581 2175; baseline 0.005 -23"><span class='ocrx_word' id='word_1_117' title='bbox 359 2109 469 2171; x_wconf 86' lang='lat' dir='ltr'>raque</span> <span class='ocrx_word' id='word_1_118' title='bbox 495 2091 657 2157; x_wconf 88' lang='lat' dir='ltr'>reddidit:</span> <span class='ocrx_word' id='word_1_119' title='bbox 682 2094 981 2174; x_wconf 90' lang='lat' dir='ltr'>complutensibus</span> <span class='ocrx_word' id='word_1_120' title='bbox 1007 2093 1207 2158; x_wconf 89' lang='lat' dir='ltr'>bominibus</span> <span class='ocrx_word' id='word_1_121' title='bbox 1230 2096 1355 2175; x_wconf 84' lang='lat' dir='ltr'>ingens</span> <span class='ocrx_word' id='word_1_122' title='bbox 1375 2095 1429 2158; x_wconf 90' lang='lat' dir='ltr'>sui</span> <span class='ocrx_word' id='word_1_123' title='bbox 1448 2095 1581 2158; x_wconf 88' lang='lat' dir='ltr'>deside·</span> 
     </span>
     <span class='ocr_line' id='line_1_16' title="bbox 356 2197 1582 2284; baseline 0.004 -25"><span class='ocrx_word' id='word_1_124' title='bbox 356 2197 448 2261; x_wconf 88' lang='lat' dir='ltr'>rium</span> <span class='ocrx_word' id='word_1_125' title='bbox 458 2200 611 2282; x_wconf 90' lang='lat' dir='ltr'>reliquit:</span> <span class='ocrx_word' id='word_1_126' title='bbox 627 2203 728 2281; x_wconf 91' lang='lat' dir='ltr'>plura</span> <span class='ocrx_word' id='word_1_127' title='bbox 741 2202 787 2265; x_wconf 92' lang='lat' dir='ltr'>ad</span> <span class='ocrx_word' id='word_1_128' title='bbox 800 2202 904 2266; x_wconf 89' lang='lat' dir='ltr'>buius</span> <span class='ocrx_word' id='word_1_129' title='bbox 916 2202 1064 2284; x_wconf 77' lang='lat' dir='ltr'>Collegit</span> <span class='ocrx_word' id='word_1_130' title='bbox 1078 2201 1238 2266; x_wconf 90' lang='lat' dir='ltr'>ordinem</span> <span class='ocrx_word' id='word_1_131' title='bbox 1250 2201 1444 2281; x_wconf 52' lang='lat' dir='ltr'>expediuitr</span> <span class='ocrx_word' id='word_1_132' title='bbox 1455 2202 1582 2281; x_wconf 93' lang='lat' dir='ltr'>quibus</span> 
     </span>
     <span class='ocr_line' id='line_1_17' title="bbox 357 2303 1583 2390; baseline 0.005 -24"><span class='ocrx_word' id='word_1_133' title='bbox 357 2303 536 2384; x_wconf 77' lang='lat' dir='ltr'>ingentem</span> <span class='ocrx_word' id='word_1_134' title='bbox 552 2306 563 2338; x_wconf 74' lang='lat'>⁸</span> <span class='ocrx_word' id='word_1_135' title='bbox 577 2308 710 2373; x_wconf 87' lang='lat' dir='ltr'>factam</span> <span class='ocrx_word' id='word_1_136' title='bbox 724 2309 833 2373; x_wconf 87' lang='lat' dir='ltr'>fuisse</span> <span class='ocrx_word' id='word_1_137' title='bbox 848 2312 1088 2375; x_wconf 87' lang='lat' dir='ltr'>accessionem</span> <span class='ocrx_word' id='word_1_138' title='bbox 1103 2311 1139 2374; x_wconf 92' lang='lat' dir='ltr'>in</span> <span class='ocrx_word' id='word_1_139' title='bbox 1153 2326 1192 2373; x_wconf 90' lang='lat' dir='ltr'>re</span> <span class='ocrx_word' id='word_1_140' title='bbox 1210 2308 1384 2390; x_wconf 89' lang='lat' dir='ltr'>spirituali</span> <span class='ocrx_word' id='word_1_141' title='bbox 1402 2309 1474 2372; x_wconf 90' lang='lat' dir='ltr'>iam</span> <span class='ocrx_word' id='word_1_142' title='bbox 1487 2323 1583 2372; x_wconf 87' lang='lat' dir='ltr'>nunc</span> 
     </span>
     <span class='ocr_line' id='line_1_18' title="bbox 359 2414 1583 2496; baseline 0.004 -23"><span class='ocrx_word' id='word_1_143' title='bbox 359 2414 573 2493; x_wconf 82' lang='lat' dir='ltr'>experimur;</span> <span class='ocrx_word' id='word_1_144' title='bbox 595 2417 686 2478; x_wconf 87' lang='lat' dir='ltr'>inter</span> <span class='ocrx_word' id='word_1_145' title='bbox 707 2427 849 2480; x_wconf 87' lang='lat' dir='ltr'>caetera</span> <span class='ocrx_word' id='word_1_146' title='bbox 868 2434 966 2496; x_wconf 90' lang='lat' dir='ltr'>uero,</span> <span class='ocrx_word' id='word_1_147' title='bbox 988 2417 1023 2480; x_wconf 90' lang='lat' dir='ltr'>id</span> <span class='ocrx_word' id='word_1_148' title='bbox 1043 2417 1145 2482; x_wconf 92' lang='lat' dir='ltr'>nobis</span> <span class='ocrx_word' id='word_1_149' title='bbox 1170 2415 1332 2480; x_wconf 89' lang='lat' dir='ltr'>omnibus</span> <span class='ocrx_word' id='word_1_150' title='bbox 1352 2415 1583 2478; x_wconf 85' lang='lat' dir='ltr'>laetissimum</span> 
     </span>
     <span class='ocr_line' id='line_1_19' title="bbox 357 2515 1583 2601; baseline 0.003 -21"><span class='ocrx_word' id='word_1_151' title='bbox 357 2515 434 2595; x_wconf 85' lang='lat' dir='ltr'>fuit,</span> <span class='ocrx_word' id='word_1_152' title='bbox 451 2520 546 2600; x_wconf 94' lang='lat' dir='ltr'>quod</span> <span class='ocrx_word' id='word_1_153' title='bbox 561 2521 632 2586; x_wconf 89' lang='lat' dir='ltr'>iam</span> <span class='ocrx_word' id='word_1_154' title='bbox 646 2540 692 2585; x_wconf 85' lang='lat' dir='ltr'>ex</span> <span class='ocrx_word' id='word_1_155' title='bbox 706 2519 896 2586; x_wconf 89' lang='lat' dir='ltr'>Societatis</span> <span class='ocrx_word' id='word_1_156' title='bbox 912 2524 1098 2600; x_wconf 89' lang='lat' dir='ltr'>sententia,</span> <span class='ocrx_word' id='word_1_157' title='bbox 1115 2522 1266 2601; x_wconf 83' lang='lat' dir='ltr'>collegia</span> <span class='ocrx_word' id='word_1_158' title='bbox 1281 2523 1340 2585; x_wconf 93' lang='lat' dir='ltr'>illa</span> <span class='ocrx_word' id='word_1_159' title='bbox 1355 2521 1583 2600; x_wconf 80' lang='lat' dir='ltr'>seguntiuum</span> 
     </span>
     <span class='ocr_line' id='line_1_20' title="bbox 356 2628 1582 2709; baseline 0.003 -23"><span class='ocrx_word' id='word_1_160' title='bbox 356 2632 394 2686; x_wconf 91' lang='lat' dir='ltr'>et</span> <span class='ocrx_word' id='word_1_161' title='bbox 407 2642 608 2690; x_wconf 88' lang='lat' dir='ltr'>ocannense</span> <span class='ocrx_word' id='word_1_162' title='bbox 622 2629 778 2692; x_wconf 88' lang='lat' dir='ltr'>admissa</span> <span class='ocrx_word' id='word_1_163' title='bbox 792 2639 885 2707; x_wconf 88' lang='lat' dir='ltr'>sunt,</span> <span class='ocrx_word' id='word_1_164' title='bbox 899 2629 942 2692; x_wconf 92' lang='lat' dir='ltr'>de</span> <span class='ocrx_word' id='word_1_165' title='bbox 957 2646 1107 2709; x_wconf 88' lang='lat' dir='ltr'>quorum</span> <span class='ocrx_word' id='word_1_166' title='bbox 1119 2629 1380 2709; x_wconf 88' lang='lat' dir='ltr'>opportunitate</span> <span class='ocrx_word' id='word_1_167' title='bbox 1395 2645 1417 2689; x_wconf 90' lang='lat' dir='ltr'>a</span> <span class='ocrx_word' id='word_1_168' title='bbox 1431 2628 1534 2691; x_wconf 92' lang='lat' dir='ltr'>nobis</span> <span class='ocrx_word' id='word_1_169' title='bbox 1545 2628 1582 2690; x_wconf 88' lang='lat' dir='ltr'>in</span> 
     </span>
     <span class='ocr_line' id='line_1_21' title="bbox 356 2733 1582 2816; baseline 0.004 -23"><span class='ocrx_word' id='word_1_170' title='bbox 356 2733 599 2812; x_wconf 91' lang='lat' dir='ltr'>superioribus</span> <span class='ocrx_word' id='word_1_171' title='bbox 613 2736 724 2799; x_wconf 90' lang='lat' dir='ltr'>literis</span> <span class='ocrx_word' id='word_1_172' title='bbox 743 2737 913 2816; x_wconf 87' lang='lat' dir='ltr'>scriptum</span> <span class='ocrx_word' id='word_1_173' title='bbox 935 2752 1024 2814; x_wconf 88' lang='lat' dir='ltr'>esse,</span> <span class='ocrx_word' id='word_1_174' title='bbox 1046 2745 1081 2798; x_wconf 92' lang='lat' dir='ltr'>et</span> <span class='ocrx_word' id='word_1_175' title='bbox 1101 2751 1193 2798; x_wconf 90' lang='lat' dir='ltr'>nunc</span> <span class='ocrx_word' id='word_1_176' title='bbox 1214 2735 1259 2798; x_wconf 93' lang='lat' dir='ltr'>ab</span> <span class='ocrx_word' id='word_1_177' title='bbox 1280 2735 1359 2797; x_wconf 88' lang='lat' dir='ltr'>aliis</span> <span class='ocrx_word' id='word_1_178' title='bbox 1380 2735 1582 2798; x_wconf 88' lang='lat' dir='ltr'>accuratius</span> 
     </span>
     <span class='ocr_line' id='line_1_22' title="bbox 357 2838 1581 2922; baseline 0.002 -22"><span class='ocrx_word' id='word_1_179' title='bbox 357 2838 420 2901; x_wconf 91' lang='lat' dir='ltr'>tibi</span> <span class='ocrx_word' id='word_1_180' title='bbox 440 2840 547 2903; x_wconf 91' lang='lat' dir='ltr'>scribi</span> <span class='ocrx_word' id='word_1_181' title='bbox 567 2850 664 2905; x_wconf 88' lang='lat' dir='ltr'>certo</span> <span class='ocrx_word' id='word_1_182' title='bbox 684 2843 771 2919; x_wconf 87' lang='lat' dir='ltr'>scio,</span> <span class='ocrx_word' id='word_1_183' title='bbox 797 2858 1050 2922; x_wconf 87' lang='lat' dir='ltr'>speramusque</span> <span class='ocrx_word' id='word_1_184' title='bbox 1074 2841 1205 2906; x_wconf 88' lang='lat' dir='ltr'>Christi</span> <span class='ocrx_word' id='word_1_185' title='bbox 1229 2841 1347 2921; x_wconf 84' lang='lat' dir='ltr'>gratia</span> <span class='ocrx_word' id='word_1_186' title='bbox 1372 2842 1441 2904; x_wconf 89' lang='lat' dir='ltr'>ista</span> <span class='ocrx_word' id='word_1_187' title='bbox 1462 2841 1581 2904; x_wconf 90' lang='lat' dir='ltr'>omnia</span> 
     </span>
     <span class='ocr_line' id='line_1_23' title="bbox 355 2947 958 3012; baseline 0.01 -6"><span class='ocrx_word' id='word_1_188' title='bbox 355 2961 441 3008; x_wconf 87' lang='lat' dir='ltr'>suos</span> <span class='ocrx_word' id='word_1_189' title='bbox 459 2957 608 3010; x_wconf 89' lang='lat' dir='ltr'>euentus</span> <span class='ocrx_word' id='word_1_190' title='bbox 621 2947 772 3012; x_wconf 80' lang='lat' dir='ltr'>feliciter</span> <span class='ocrx_word' id='word_1_191' title='bbox 783 2950 958 3012; x_wconf 85' lang='lat' dir='ltr'>habitura.</span> 
     </span>
    </p>

    <p class='ocr_par' dir='ltr' id='par_1_4' title="bbox 354 3051 1587 4308">
     <span class='ocr_line' id='line_1_24' title="bbox 418 3051 1583 3134; baseline 0 -19"><span class='ocrx_word' id='word_1_192' title='bbox 418 3051 496 3116; x_wconf 90' lang='lat' dir='ltr'>Non</span> <span class='ocrx_word' id='word_1_193' title='bbox 510 3055 621 3117; x_wconf 91' lang='lat' dir='ltr'>multo</span> <span class='ocrx_word' id='word_1_194' title='bbox 636 3065 716 3134; x_wconf 91' lang='lat' dir='ltr'>post</span> <span class='ocrx_word' id='word_1_195' title='bbox 730 3055 927 3120; x_wconf 90' lang='lat' dir='ltr'>discessum</span> <span class='ocrx_word' id='word_1_196' title='bbox 946 3053 1063 3118; x_wconf 91' lang='lat' dir='ltr'>Patris</span> <span class='ocrx_word' id='word_1_197' title='bbox 1084 3053 1097 3085; x_wconf 80' lang='lat'><strong>⁴</strong></span> <span class='ocrx_word' id='word_1_198' title='bbox 1117 3055 1234 3118; x_wconf 90' lang='lat' dir='ltr'>studia</span> <span class='ocrx_word' id='word_1_199' title='bbox 1256 3064 1379 3118; x_wconf 87' lang='lat' dir='ltr'>nostra</span> <span class='ocrx_word' id='word_1_200' title='bbox 1401 3053 1583 3116; x_wconf 88' lang='lat' dir='ltr'>exercitia·</span> 
     </span>
     <span class='ocr_line' id='line_1_25' title="bbox 357 3161 1583 3242; baseline 0 -20"><span class='ocrx_word' id='word_1_201' title='bbox 357 3176 427 3238; x_wconf 83' lang='lat' dir='ltr'>que</span> <span class='ocrx_word' id='word_1_202' title='bbox 442 3161 599 3224; x_wconf 91' lang='lat' dir='ltr'>literaria</span> <span class='ocrx_word' id='word_1_203' title='bbox 614 3163 815 3226; x_wconf 87' lang='lat' dir='ltr'>intermissa</span> <span class='ocrx_word' id='word_1_204' title='bbox 838 3163 1030 3226; x_wconf 89' lang='lat' dir='ltr'>instaurari</span> <span class='ocrx_word' id='word_1_205' title='bbox 1050 3171 1258 3242; x_wconf 90' lang='lat' dir='ltr'>coeperunt;</span> <span class='ocrx_word' id='word_1_206' title='bbox 1279 3178 1361 3224; x_wconf 89' lang='lat' dir='ltr'>nam</span> <span class='ocrx_word' id='word_1_207' title='bbox 1383 3162 1583 3240; x_wconf 88' lang='lat' dir='ltr'>complures</span> 
     </span>
     <span class='ocr_line' id='line_1_26' title="bbox 355 3267 1582 3348; baseline 0.002 -21"><span class='ocrx_word' id='word_1_208' title='bbox 355 3283 399 3327; x_wconf 88' lang='lat' dir='ltr'>ex</span> <span class='ocrx_word' id='word_1_209' title='bbox 415 3268 558 3340; x_wconf 75' lang='lat' dir='ltr'>nostris,</span> <span class='ocrx_word' id='word_1_210' title='bbox 574 3269 634 3348; x_wconf 91' lang='lat' dir='ltr'>qui</span> <span class='ocrx_word' id='word_1_211' title='bbox 649 3269 765 3333; x_wconf 91' lang='lat' dir='ltr'>adhuc</span> <span class='ocrx_word' id='word_1_212' title='bbox 780 3270 1004 3333; x_wconf 90' lang='lat' dir='ltr'>incommoda</span> <span class='ocrx_word' id='word_1_213' title='bbox 1026 3269 1228 3332; x_wconf 91' lang='lat' dir='ltr'>ualetudine</span> <span class='ocrx_word' id='word_1_214' title='bbox 1251 3267 1521 3345; x_wconf 88' lang='lat' dir='ltr'>afflictabantur,</span> <span class='ocrx_word' id='word_1_215' title='bbox 1545 3268 1582 3330; x_wconf 93' lang='lat' dir='ltr'>in</span> 
     </span>
     <span class='ocr_line' id='line_1_27' title="bbox 356 3373 1583 3453; baseline 0.001 -19"><span class='ocrx_word' id='word_1_216' title='bbox 356 3373 426 3436; x_wconf 88' lang='lat' dir='ltr'>alia</span> <span class='ocrx_word' id='word_1_217' title='bbox 437 3374 517 3437; x_wconf 89' lang='lat' dir='ltr'>loca</span> <span class='ocrx_word' id='word_1_218' title='bbox 529 3377 687 3439; x_wconf 88' lang='lat' dir='ltr'>consiliis</span> <span class='ocrx_word' id='word_1_219' title='bbox 701 3376 918 3440; x_wconf 88' lang='lat' dir='ltr'>medicorum</span> <span class='ocrx_word' id='word_1_220' title='bbox 931 3375 1112 3440; x_wconf 88' lang='lat' dir='ltr'>amandati</span> <span class='ocrx_word' id='word_1_221' title='bbox 1126 3385 1219 3453; x_wconf 88' lang='lat' dir='ltr'>sunt,</span> <span class='ocrx_word' id='word_1_222' title='bbox 1235 3375 1295 3438; x_wconf 91' lang='lat' dir='ltr'>ubi</span> <span class='ocrx_word' id='word_1_223' title='bbox 1310 3375 1446 3437; x_wconf 90' lang='lat' dir='ltr'>coelum</span> <span class='ocrx_word' id='word_1_224' title='bbox 1463 3373 1583 3437; x_wconf 91' lang='lat' dir='ltr'>mitius</span> 
     </span>
     <span class='ocr_line' id='line_1_28' title="bbox 355 3479 1580 3563; baseline 0.001 -21"><span class='ocrx_word' id='word_1_225' title='bbox 355 3481 601 3562; x_wconf 87' lang='lat' dir='ltr'>salubriusque</span> <span class='ocrx_word' id='word_1_226' title='bbox 620 3493 714 3545; x_wconf 87' lang='lat' dir='ltr'>esset</span> <span class='ocrx_word' id='word_1_227' title='bbox 736 3501 841 3563; x_wconf 90' lang='lat' dir='ltr'>quam</span> <span class='ocrx_word' id='word_1_228' title='bbox 863 3500 905 3547; x_wconf 89' lang='lat' dir='ltr'>eo</span> <span class='ocrx_word' id='word_1_229' title='bbox 925 3492 1084 3562; x_wconf 88' lang='lat' dir='ltr'>tempore</span> <span class='ocrx_word' id='word_1_230' title='bbox 1103 3479 1278 3561; x_wconf 91' lang='lat' dir='ltr'>Compluti</span> <span class='ocrx_word' id='word_1_231' title='bbox 1300 3482 1580 3560; x_wconf 85' lang='lat' dir='ltr'>experiebamur,</span> 
     </span>
     <span class='ocr_line' id='line_1_29' title="bbox 356 3587 1582 3670; baseline 0.001 -21"><span class='ocrx_word' id='word_1_232' title='bbox 356 3588 488 3665; x_wconf 85' lang='lat' dir='ltr'>partim</span> <span class='ocrx_word' id='word_1_233' title='bbox 502 3587 573 3668; x_wconf 86' lang='lat' dir='ltr'>alii,</span> <span class='ocrx_word' id='word_1_234' title='bbox 591 3587 738 3652; x_wconf 90' lang='lat' dir='ltr'>firmiori</span> <span class='ocrx_word' id='word_1_235' title='bbox 758 3591 1014 3670; x_wconf 87' lang='lat' dir='ltr'>aliquantulum</span> <span class='ocrx_word' id='word_1_236' title='bbox 1035 3590 1164 3666; x_wconf 85' lang='lat' dir='ltr'>salute,</span> <span class='ocrx_word' id='word_1_237' title='bbox 1188 3588 1383 3651; x_wconf 91' lang='lat' dir='ltr'>studiorum</span> <span class='ocrx_word' id='word_1_238' title='bbox 1402 3588 1582 3650; x_wconf 88' lang='lat' dir='ltr'>laboribus</span> 
     </span>
     <span class='ocr_line' id='line_1_30' title="bbox 360 3693 1582 3775; baseline 0.001 -20"><span class='ocrx_word' id='word_1_239' title='bbox 360 3693 514 3757; x_wconf 86' lang='lat' dir='ltr'>serendis</span> <span class='ocrx_word' id='word_1_240' title='bbox 534 3705 724 3774; x_wconf 89' lang='lat' dir='ltr'>utcumque</span> <span class='ocrx_word' id='word_1_241' title='bbox 749 3696 822 3775; x_wconf 92' lang='lat' dir='ltr'>apti</span> <span class='ocrx_word' id='word_1_242' title='bbox 842 3704 955 3758; x_wconf 90' lang='lat' dir='ltr'>erant.</span> <span class='ocrx_word' id='word_1_243' title='bbox 983 3693 1117 3774; x_wconf 89' lang='lat' dir='ltr'>Coepta</span> <span class='ocrx_word' id='word_1_244' title='bbox 1137 3709 1224 3772; x_wconf 85' lang='lat' dir='ltr'>ergo</span> <span class='ocrx_word' id='word_1_245' title='bbox 1249 3703 1331 3757; x_wconf 91' lang='lat' dir='ltr'>sunt</span> <span class='ocrx_word' id='word_1_246' title='bbox 1350 3694 1476 3756; x_wconf 88' lang='lat' dir='ltr'>maiori</span> <span class='ocrx_word' id='word_1_247' title='bbox 1501 3711 1582 3757; x_wconf 88' lang='lat' dir='ltr'>curn</span> 
     </span>
     <span class='ocr_line' id='line_1_31' title="bbox 358 3800 1582 3882; baseline 0.002 -20"><span class='ocrx_word' id='word_1_248' title='bbox 358 3800 475 3878; x_wconf 89' lang='lat' dir='ltr'>quiete</span> <span class='ocrx_word' id='word_1_249' title='bbox 490 3809 524 3864; x_wconf 88' lang='lat' dir='ltr'>et</span> <span class='ocrx_word' id='word_1_250' title='bbox 539 3801 662 3864; x_wconf 86' lang='lat' dir='ltr'>ordine</span> <span class='ocrx_word' id='word_1_251' title='bbox 678 3819 785 3882; x_wconf 88' lang='lat' dir='ltr'>quam</span> <span class='ocrx_word' id='word_1_252' title='bbox 801 3803 908 3865; x_wconf 88' lang='lat' dir='ltr'>licere</span> <span class='ocrx_word' id='word_1_253' title='bbox 923 3818 1029 3882; x_wconf 90' lang='lat' dir='ltr'>posse</span> <span class='ocrx_word' id='word_1_254' title='bbox 1043 3801 1133 3864; x_wconf 89' lang='lat' dir='ltr'>inter</span> <span class='ocrx_word' id='word_1_255' title='bbox 1149 3815 1222 3864; x_wconf 87' lang='lat' dir='ltr'>tam</span> <span class='ocrx_word' id='word_1_256' title='bbox 1242 3801 1369 3863; x_wconf 88' lang='lat' dir='ltr'>multas</span> <span class='ocrx_word' id='word_1_257' title='bbox 1389 3810 1511 3864; x_wconf 88' lang='lat' dir='ltr'>ettam</span> <span class='ocrx_word' id='word_1_258' title='bbox 1534 3802 1582 3864; x_wconf 89' lang='lat' dir='ltr'>la·</span> 
     </span>
     <span class='ocr_line' id='line_1_32' title="bbox 355 3905 1581 4002; baseline 0.002 -34"><span class='ocrx_word' id='word_1_259' title='bbox 355 3905 517 3971; x_wconf 89' lang='lat' dir='ltr'>boriosas</span> <span class='ocrx_word' id='word_1_260' title='bbox 539 3910 790 3989; x_wconf 86' lang='lat' dir='ltr'>occupationes</span> <span class='ocrx_word' id='word_1_261' title='bbox 811 3909 1037 3972; x_wconf 88' lang='lat' dir='ltr'>crederemus</span> <span class='ocrx_word' id='word_1_262' title='bbox 1059 3905 1081 3985; x_wconf 82' lang='lat'>¹,</span> <span class='ocrx_word' id='word_1_263' title='bbox 1106 3925 1254 3989; x_wconf 90' lang='lat' dir='ltr'>quarum</span> <span class='ocrx_word' id='word_1_264' title='bbox 1273 3908 1440 4002; x_wconf 86' lang='lat' dir='ltr'>reliquiae</span> <span class='ocrx_word' id='word_1_265' title='bbox 1465 3909 1581 3971; x_wconf 86' lang='lat' dir='ltr'>adhuc</span> 
     </span>
     <span class='ocr_line' id='line_1_33' title="bbox 354 4014 1582 4097; baseline 0.002 -21"><span class='ocrx_word' id='word_1_266' title='bbox 354 4030 421 4076; x_wconf 86' lang='lat' dir='ltr'>nos</span> <span class='ocrx_word' id='word_1_267' title='bbox 436 4026 614 4095; x_wconf 90' lang='lat' dir='ltr'>exercent;</span> <span class='ocrx_word' id='word_1_268' title='bbox 631 4033 798 4097; x_wconf 90' lang='lat' dir='ltr'>namquo</span> <span class='ocrx_word' id='word_1_269' title='bbox 814 4026 972 4096; x_wconf 88' lang='lat' dir='ltr'>ternpore</span> <span class='ocrx_word' id='word_1_270' title='bbox 995 4017 1083 4078; x_wconf 91' lang='lat' dir='ltr'>haec</span> <span class='ocrx_word' id='word_1_271' title='bbox 1099 4015 1144 4078; x_wconf 89' lang='lat' dir='ltr'>ad</span> <span class='ocrx_word' id='word_1_272' title='bbox 1159 4026 1193 4078; x_wconf 90' lang='lat' dir='ltr'>te</span> <span class='ocrx_word' id='word_1_273' title='bbox 1209 4014 1341 4092; x_wconf 82' lang='lat' dir='ltr'>scriba,</span> <span class='ocrx_word' id='word_1_274' title='bbox 1365 4032 1493 4078; x_wconf 92' lang='lat' dir='ltr'>nouem</span> <span class='ocrx_word' id='word_1_275' title='bbox 1513 4015 1582 4078; x_wconf 84' lang='lat' dir='ltr'>sra-</span> 
     </span>
     <span class='ocr_line' id='line_1_34' title="bbox 355 4115 1587 4201; baseline 0.001 -17"><span class='ocrx_word' id='word_1_276' title='bbox 355 4131 428 4184; x_wconf 87' lang='lat' dir='ltr'>tres</span> <span class='ocrx_word' id='word_1_277' title='bbox 456 4124 635 4200; x_wconf 85' lang='lat' dir='ltr'>babemus,</span> <span class='ocrx_word' id='word_1_278' title='bbox 662 4132 723 4186; x_wconf 88' lang='lat' dir='ltr'>aut</span> <span class='ocrx_word' id='word_1_279' title='bbox 743 4124 831 4186; x_wconf 85' lang='lat' dir='ltr'>febri</span> <span class='ocrx_word' id='word_1_280' title='bbox 856 4123 971 4186; x_wconf 89' lang='lat' dir='ltr'>denuo</span> <span class='ocrx_word' id='word_1_281' title='bbox 996 4124 1208 4198; x_wconf 78' lang='lat' dir='ltr'>laboranteS‚</span> <span class='ocrx_word' id='word_1_282' title='bbox 1236 4131 1296 4185; x_wconf 92' lang='lat' dir='ltr'>aut</span> <span class='ocrx_word' id='word_1_283' title='bbox 1316 4115 1375 4201; x_wconf 86' lang='lat' dir='ltr'>qui</span> <span class='ocrx_word' id='word_1_284' title='bbox 1395 4139 1440 4184; x_wconf 87' lang='lat' dir='ltr'>ex</span> <span class='ocrx_word' id='word_1_285' title='bbox 1458 4123 1587 4186; x_wconf 90' lang='lat' dir='ltr'>morbo</span> 
     </span>
     <span class='ocr_line' id='line_1_35' title="bbox 355 4229 1585 4308; baseline 0.001 -16"><span class='ocrx_word' id='word_1_286' title='bbox 355 4231 512 4293; x_wconf 88' lang='lat' dir='ltr'>nondum</span> <span class='ocrx_word' id='word_1_287' title='bbox 526 4230 579 4293; x_wconf 87' lang='lat' dir='ltr'>sic</span> <span class='ocrx_word' id='word_1_288' title='bbox 595 4233 866 4308; x_wconf 84' lang='lat' dir='ltr'>conualuerunt‚</span> <span class='ocrx_word' id='word_1_289' title='bbox 884 4240 922 4293; x_wconf 92' lang='lat' dir='ltr'>ut</span> <span class='ocrx_word' id='word_1_290' title='bbox 936 4230 1038 4292; x_wconf 88' lang='lat' dir='ltr'>nobis</span> <span class='ocrx_word' id='word_1_291' title='bbox 1058 4229 1163 4292; x_wconf 91' lang='lat' dir='ltr'>alicui</span> <span class='ocrx_word' id='word_1_292' title='bbox 1178 4229 1257 4293; x_wconf 92' lang='lat' dir='ltr'>usui</span> <span class='ocrx_word' id='word_1_293' title='bbox 1272 4245 1349 4293; x_wconf 90' lang='lat' dir='ltr'>esse</span> <span class='ocrx_word' id='word_1_294' title='bbox 1365 4229 1501 4308; x_wconf 87' lang='lat' dir='ltr'>possint</span> <span class='ocrx_word' id='word_1_295' title='bbox 1515 4247 1521 4306; x_wconf 92' lang='lat'>;</span> <span class='ocrx_word' id='word_1_296' title='bbox 1538 4245 1585 4294; x_wconf 83' lang='lat' dir='ltr'>ex</span> 
     </span>
    </p>
   </div>
   <div class='ocr_carea' id='block_1_3' title="bbox 387 4495 1247 4844">
    <p class='ocr_par' dir='ltr' id='par_1_5' title="bbox 387 4495 821 4554">
     <span class='ocr_line' id='line_1_36' title="bbox 387 4495 821 4554; baseline 0 -2"><span class='ocrx_word' id='word_1_297' title='bbox 387 4495 408 4542; x_wconf 48' lang='lat'>⁴¹</span> <span class='ocrx_word' id='word_1_298' title='bbox 438 4509 556 4553; x_wconf 83' lang='lat' dir='ltr'>aduersa</span> <span class='ocrx_word' id='word_1_299' title='bbox 576 4511 670 4554; x_wconf 83' lang='lat' dir='ltr'>omnin.</span> <span class='ocrx_word' id='word_1_300' title='bbox 682 4508 821 4553; x_wconf 71' lang='lat' dir='ltr'>Poenicus.</span> 
     </span>
    </p>

    <p class='ocr_par' dir='ltr' id='par_1_6' title="bbox 393 4579 538 4625">
     <span class='ocr_line' id='line_1_37' title="bbox 393 4579 538 4625; baseline 0 -1"><span class='ocrx_word' id='word_1_301' title='bbox 393 4583 413 4611; x_wconf 69' lang='grc' dir='ltr'>Ψ</span> <span class='ocrx_word' id='word_1_302' title='bbox 433 4579 538 4625; x_wconf 69' lang='lat' dir='ltr'>honlo.</span> 
     </span>
    </p>

    <p class='ocr_par' dir='ltr' id='par_1_7' title="bbox 393 4652 667 4708">
     <span class='ocr_line' id='line_1_38' title="bbox 393 4652 667 4708; baseline 0.011 -12"><span class='ocrx_word' id='word_1_303' title='bbox 393 4653 406 4684; x_wconf 56' lang='grc' dir='ltr'>ὃ</span> <span class='ocrx_word' id='word_1_304' title='bbox 430 4652 667 4708; x_wconf 58' lang='lat' dir='ltr'>peranagnammo.</span> 
     </span>
    </p>

    <p class='ocr_par' dir='ltr' id='par_1_8' title="bbox 394 4725 1247 4844">
     <span class='ocr_line' id='line_1_39' title="bbox 394 4725 1247 4781; baseline 0 -11"><span class='ocrx_word' id='word_1_305' title='bbox 394 4727 406 4758; x_wconf 81' lang='lat'><strong>⁴</strong></span> <span class='ocrx_word' id='word_1_306' title='bbox 434 4725 520 4771; x_wconf 82' lang='lat' dir='ltr'>Patris</span> <span class='ocrx_word' id='word_1_307' title='bbox 530 4725 680 4770; x_wconf 79' lang='lat' dir='ltr'>Franct&#39;sct&#39;.</span> <span class='ocrx_word' id='word_1_308' title='bbox 691 4727 727 4770; x_wconf 93' lang='lat' dir='ltr'>lo.</span> <span class='ocrx_word' id='word_1_309' title='bbox 739 4725 828 4770; x_wconf 87' lang='lat' dir='ltr'>Sermo</span> <span class='ocrx_word' id='word_1_310' title='bbox 838 4733 878 4770; x_wconf 88' lang='lat' dir='ltr'>est</span> <span class='ocrx_word' id='word_1_311' title='bbox 888 4726 919 4769; x_wconf 85' lang='lat' dir='ltr'>de</span> <span class='ocrx_word' id='word_1_312' title='bbox 931 4726 957 4769; x_wconf 86' lang='lat' dir='ltr'>P.</span> <span class='ocrx_word' id='word_1_313' title='bbox 968 4725 1108 4770; x_wconf 83' lang='lat' dir='ltr'>Francisco</span> <span class='ocrx_word' id='word_1_314' title='bbox 1118 4727 1149 4769; x_wconf 84' lang='lat' dir='ltr'>dc</span> <span class='ocrx_word' id='word_1_315' title='bbox 1160 4725 1247 4781; x_wconf 86' lang='lat' dir='ltr'>Borja.</span> 
     </span>
     <span class='ocr_line' id='line_1_40' title="bbox 394 4797 702 4844; baseline 0 -2"><span class='ocrx_word' id='word_1_316' title='bbox 394 4799 405 4830; x_wconf 60' lang='grc' dir='ltr'><strong>ὅ</strong></span> <span class='ocrx_word' id='word_1_317' title='bbox 433 4797 702 4844; x_wconf 64' lang='grc' dir='ltr'>σνοᾱωίεεεηεκεᾸα</span> 
     </span>
    </p>
   </div>
   <div class='ocr_carea' id='block_1_4' title="bbox 0 0 1794 5534">
    <p class='ocr_par' dir='ltr' id='par_1_9' title="bbox 0 0 1794 5534">
     <span class='ocr_line' id='line_1_41' title="bbox 0 0 1794 5534; baseline 0 1"><span class='ocrx_word' id='word_1_318' title='bbox 0 0 1794 5534; x_wconf 95' lang='lat' dir='ltr'> </span> 
     </span>
    </p>
   </div>
  </div>
 </body>
</html>
