3382 5528
560 634 565 644 ,
634 549 698 610 Aa.
724 549 795 610 1556
1275 549 1326 608 421

108 698 207 761 ritual
221 697 265 762 de
279 700 334 761 ias
348 697 496 762 muchas
510 699 624 762 almas
639 715 706 778 que
721 700 754 761 le
768 698 908 777 siguen,
929 714 953 777 y
969 701 990 759 a
1005 685 1170 759 nosotros
1191 712 1328 775 purgue

108 821 147 867 en
162 812 235 868 este
250 803 358 884 suego
374 821 461 884 para
476 809 554 868 mas
573 803 849 884 persectamente
869 803 1069 882 complazer
1090 821 1115 881 y
1130 801 1285 881 agradar
1307 806 1329 864 a

110 927 147 974 su
161 911 280 976 diuina
295 912 437 976 bondad
451 928 516 992 por
531 913 561 974 si
576 911 714 975 misma.

165 1017 218 1082 De
232 1017 375 1098 Seuilla‚
391 1019 431 1082 27
449 1017 456 1050 ¹
470 1019 513 1082 de
528 1017 666 1097 Agosto
679 1018 722 1082 de
740 1017 827 1081 1556.

223 1123 293 1188 Por
309 1127 500 1190 comission
515 1125 571 1189 del
587 1123 624 1188 P.
640 1123 783 1188 Rector.

264 1231 307 1296 D.
324 1233 371 1297 V.
388 1233 426 1298 P.
443 1232 689 1312 indignissimo
703 1230 774 1310 hijo
790 1249 835 1295 en
849 1232 881 1294 el
896 1229 1010 1296 Senos
1024 1241 1184 1310 nuestro,
1236 1221 1237 1226 ’

963 1419 988 1500 †

875 1500 968 1582 Juau
990 1500 1151 1564 Xunauz.

171 1873 435 1956 Superscripiio
460 1877 498 1939 in
520 1875 636 1940 altera
657 1878 812 1956 pagina:
833 1823 918 1941 lisiS.
945 1875 990 1940 Al
1014 1891 1099 1955 muy
1122 1873 1200 1937 R.‘¹⁰
1220 1872 1336 1938 Padre

116 1991 250 2047 nuestro
265 2001 310 2046 en
324 1982 466 2047 Christo
480 1982 594 2048 Senot
609 1994 766 2062 nuestro,
783 1987 815 2047 ei
831 1983 869 2047 P.
886 1983 1042 2046 Maestro
1057 1981 1196 2061 ignatio
1211 1979 1255 2044 de
1266 1977 1335 2043 Lo·

118 2091 203 2168 yola,
220 2090 397 2172 preposito
412 2091 557 2168 general
573 2090 616 2153 de
632 2091 666 2154 la
681 2089 875 2170 Compania
891 2089 934 2153 de
947 2087 1051 2171 Jesus
1061 2105 1071 2166 ,·
1086 2104 1131 2150 en
1145 2086 1270 2151 Roma.

171 2195 252 2259 Aii'a
277 2213 408 2259 manu:
431 2188 531 2278 Jb'us.
560 2196 648 2259 1556.
674 2195 817 2260 Seuilia.
842 2194 1107 2276 Quadrimestre
1133 2194 1176 2258 de
1200 2191 1241 2256 28
1259 2191 1270 2224 ¹
1291 2192 1335 2256 de

119 2300 259 2382 Agosto.

181 2409 376 2489 Vestigium
391 2425 491 2472 cerae
506 2409 635 2489 sigilli.

632 2671 640 2713 ,Ι

346 2969 560 3013 Praecedentium
569 2969 657 3013 Patria
667 2967 773 3022 Joannia
784 2967 886 3013 Xuarez
896 2970 977 3015 latina
984 2971 1071 3015 venio
1081 2969 1100 3013 ³.

683 3132 759 3251 uis

175 3373 297 3438 Gratia
312 3373 455 3438 Domini
475 3375 585 3439 nostri
607 3376 690 3458 Jesu
711 3375 844 3440 Christi
859 3387 892 3438 et
908 3375 1105 3439 consolatio
1126 3373 1248 3440 Sancti
1262 3373 1339 3456 Spi-

125 3479 204 3544 ritus
218 3483 263 3546 sit
278 3498 419 3563 semper
433 3483 469 3545 in
485 3483 652 3546 cordibus
666 3483 808 3546 nostris.
825 3482 950 3546 Amen.

176 3587 252 3653 Non
266 3589 427 3666 defuere,
445 3589 634 3652 admodum
653 3588 729 3652 R.‘¹0
745 3590 780 3652 in
800 3588 942 3652 Christo
964 3588 1086 3666 Pater,
1111 3597 1263 3669 quatuor
1284 3588 1341 3650 his

126 3697 294 3760 mensibus
308 3695 481 3776 proximis
496 3697 620 3759 solitae
635 3697 825 3760 conciones
838 3697 1030 3759 incarcere
1042 3695 1123 3759 etin
1135 3695 1339 3774 parrochia·

125 3799 206 3865 libus
223 3802 400 3880 ecclesiis,
421 3818 572 3882 quarum
591 3802 775 3883 quaedam,
797 3803 1026 3866 exhortantes
1046 3802 1092 3865 ad
1113 3801 1339 3864 eleemosina·

127 3923 195 3972 rum
215 3909 477 3989 erogationem,
502 3918 639 3972 tantam
663 3909 698 3972 in
724 3910 861 3973 animos
886 3909 1102 3973 audientium
1127 3907 1339 3972 charitatem

126 4029 202 4094 erga
217 4015 399 4096 proximos
424 4016 663 4093 concitarunt,
684 4026 722 4079 vt
744 4015 906 4096 quamuis
926 4017 962 4078 in
981 4016 1059 4078 aliis
1079 4015 1281 4095 panciores,
1304 4015 1339 4077 in

126 4123 267 4199 quadam
282 4133 402 4186 tamen
416 4123 567 4186 ecclesia
582 4121 654 4185 fere
671 4122 819 4186 trecenti
833 4123 966 4185 nummi
980 4123 1079 4184 aurei
1095 4122 1131 4184 in
1145 4120 1340 4184 subsidium

127 4241 310 4308 pauperum
334 4225 490 4292 eiusdem
515 4229 634 4292 collati
658 4229 745 4308 sint,
772 4238 913 4308 praeter
938 4227 1106 4292 mundum
1134 4227 1340 4292 muliebrem

162 4503 170 4535 ¹
197 4503 350 4562 Faciieqnis
363 4507 404 4550 hic
419 4507 445 4550 iu
455 4506 599 4564 archetypo
610 4507 708 4562 legeret
718 4506 752 4560 28,
764 4512 792 4550 ut
807 4507 870 4562 legit
887 4507 930 4561 qui
946 4507 1127 4562 inscriptiones
1142 4519 1187 4552 eeu
1202 4508 1292 4552 titulos
1302 4507 1343 4552 his

130 4577 288 4621 monumentis
302 4577 432 4632 appositu
449 4588 540 4621 verum
555 4588 612 4620 cum
629 4588 750 4622 numerus
766 4575 782 4620 8
797 4577 946 4632 imperfecte
962 4579 995 4621 sit
1012 4586 1146 4633 exaratus,
1161 4581 1248 4634 legere
1264 4581 1344 4622 molu-

131 4653 178 4688 ιω
187 4646 228 4698 27,
238 4648 279 4702 qni
290 4648 346 4692 dies
354 4655 428 4693 certo
439 4656 486 4701 eet.
497 4660 547 4704 qno
558 4649 645 4693 versio
655 4650 745 4702 latina¹
757 4647 824 4693 inira
834 4648 1159 4704 subjiciendafrubscripta
1169 4658 1218 4696 eet.

165 4717 175 4748 ¹
200 4717 264 4763 Vide
275 4726 364 4764 annot.
375 4721 582 4774 praecedentem.

166 4786 177 4818 ³
202 4791 370 4846 Autozrapba
381 4792 442 4836 iolio
452 4793 535 4844 unico,
546 4804 569 4836 n.
578 4792 626 4836 476.
