<?xml version="1.0" encoding="UTF-8"?>
<!DOCTYPE html PUBLIC "-//W3C//DTD XHTML 1.0 Transitional//EN"
    "http://www.w3.org/TR/xhtml1/DTD/xhtml1-transitional.dtd">
<html xmlns="http://www.w3.org/1999/xhtml" xml:lang="en" lang="en">
 <head>
  <title>
</title>
<meta http-equiv="Content-Type" content="text/html;charset=utf-8" />
  <meta name='ocr-system' content='tesseract 3.04.00' />
  <meta name='ocr-capabilities' content='ocr_page ocr_carea ocr_par ocr_line ocrx_word'/>
</head>
<body>
  <div class='ocr_page' id='page_1' title='image "./litteraequadrim00jesugoog/litteraequadrim00jesugoog_0681.png"; bbox 0 0 3436 5526; ppageno 0'>
   <div class='ocr_carea' id='block_1_1' title="bbox 454 523 949 614">
    <p class='ocr_par' dir='ltr' id='par_1_1' title="bbox 454 523 949 614">
     <span class='ocr_line' id='line_1_1' title="bbox 454 523 949 614; baseline 0.002 -32"><span class='ocrx_word' id='word_1_1' title='bbox 454 523 622 614; x_wconf 66' lang='lat' dir='ltr'>Aoonuou</span> <span class='ocrx_word' id='word_1_2' title='bbox 642 539 675 582; x_wconf 73' lang='lat' dir='ltr'>tt</span> <span class='ocrx_word' id='word_1_3' title='bbox 693 539 781 584; x_wconf 82' lang='lat' dir='ltr'>rouo</span> <span class='ocrx_word' id='word_1_4' title='bbox 799 538 949 584; x_wconf 79' lang='lat' dir='ltr'>secuuoo</span> 
     </span>
    </p>
   </div>
   <div class='ocr_carea' id='block_1_2' title="bbox 1251 717 1259 748">
    <p class='ocr_par' dir='ltr' id='par_1_2' title="bbox 1251 717 1259 748">
     <span class='ocr_line' id='line_1_2' title="bbox 1251 717 1259 748; baseline 0 0"><span class='ocrx_word' id='word_1_5' title='bbox 1251 717 1259 748; x_wconf 77' lang='lat' dir='ltr'>i</span> 
     </span>
    </p>
   </div>
   <div class='ocr_carea' id='block_1_3' title="bbox 82 883 1316 1255">
    <p class='ocr_par' dir='ltr' id='par_1_3' title="bbox 82 883 1316 1255">
     <span class='ocr_line' id='line_1_3' title="bbox 145 883 1310 965; baseline -0.003 -19"><span class='ocrx_word' id='word_1_6' title='bbox 145 883 244 961; x_wconf 81' lang='lat' dir='ltr'><em>Pag.</em></span> <span class='ocrx_word' id='word_1_7' title='bbox 262 883 358 958; x_wconf 83' lang='lat'><em>390,</em></span> <span class='ocrx_word' id='word_1_8' title='bbox 366 891 453 965; x_wconf 75' lang='lat' dir='ltr'>post</span> <span class='ocrx_word' id='word_1_9' title='bbox 467 883 575 947; x_wconf 69' lang='lat' dir='ltr'><strong><em>verba</em></strong></span> <span class='ocrx_word' id='word_1_10' title='bbox 597 899 809 944; x_wconf 75' lang='lat' dir='ltr'>Praecedentinm</span> <span class='ocrx_word' id='word_1_11' title='bbox 823 899 930 952; x_wconf 72' lang='lat' dir='ltr'>joannis</span> <span class='ocrx_word' id='word_1_12' title='bbox 948 898 1073 944; x_wconf 76' lang='lat' dir='ltr'>Gornberi</span> <span class='ocrx_word' id='word_1_13' title='bbox 1091 901 1241 944; x_wconf 78' lang='lat' dir='ltr'>litterarum</span> <span class='ocrx_word' id='word_1_14' title='bbox 1257 899 1310 943; x_wconf 65' lang='lat' dir='ltr'>ires</span> 
     </span>
     <span class='ocr_line' id='line_1_4' title="bbox 82 979 1316 1062; baseline 0.002 -20"><span class='ocrx_word' id='word_1_15' title='bbox 82 997 346 1051; x_wconf 58' lang='lat' dir='ltr'>enarmonicum.</span> <span class='ocrx_word' id='word_1_16' title='bbox 357 981 530 1062; x_wconf 70' lang='lat' dir='ltr'>inquibus</span> <span class='ocrx_word' id='word_1_17' title='bbox 541 981 765 1060; x_wconf 81' lang='lat' dir='ltr'>(vriiet&#39;nsra,</span> <span class='ocrx_word' id='word_1_18' title='bbox 779 980 816 1043; x_wconf 84' lang='lat' dir='ltr'>in</span> <span class='ocrx_word' id='word_1_19' title='bbox 827 981 876 1044; x_wconf 93' lang='lat' dir='ltr'>II</span> <span class='ocrx_word' id='word_1_20' title='bbox 888 980 1102 1060; x_wconf 78' lang='lat' dir='ltr'>Appendice,</span> <span class='ocrx_word' id='word_1_21' title='bbox 1121 979 1316 1060; x_wconf 59' lang='lat' dir='ltr'>corrigam</span> 
     </span>
     <span class='ocr_line' id='line_1_5' title="bbox 84 1078 1312 1156; baseline 0.002 -17"><span class='ocrx_word' id='word_1_22' title='bbox 84 1078 145 1154; x_wconf 84' lang='lat' dir='ltr'>ria)</span> <span class='ocrx_word' id='word_1_23' title='bbox 168 1094 245 1140; x_wconf 86' lang='lat' dir='ltr'>vox</span> <span class='ocrx_word' id='word_1_24' title='bbox 265 1094 439 1150; x_wconf 68' lang='lat' dir='ltr'>fragmentum</span> <span class='ocrx_word' id='word_1_25' title='bbox 461 1081 500 1142; x_wconf 81' lang='lat' dir='ltr'>in</span> <span class='ocrx_word' id='word_1_26' title='bbox 525 1095 644 1142; x_wconf 81' lang='lat' dir='ltr'>vocem</span> <span class='ocrx_word' id='word_1_27' title='bbox 663 1097 809 1150; x_wconf 71' lang='lat' dir='ltr'>exemptum</span> <span class='ocrx_word' id='word_1_28' title='bbox 823 1079 997 1142; x_wconf 85' lang='lat' dir='ltr'>mutanda</span> <span class='ocrx_word' id='word_1_29' title='bbox 1022 1084 1089 1156; x_wconf 83' lang='lat' dir='ltr'>est,</span> <span class='ocrx_word' id='word_1_30' title='bbox 1114 1078 1232 1142; x_wconf 80' lang='lat' dir='ltr'>insere</span> <span class='ocrx_word' id='word_1_31' title='bbox 1258 1095 1312 1142; x_wconf 81' lang='lat' dir='ltr'>se·</span> 
     </span>
     <span class='ocr_line' id='line_1_6' title="bbox 85 1175 243 1255; baseline 0 -17"><span class='ocrx_word' id='word_1_32' title='bbox 85 1175 243 1255; x_wconf 82' lang='lat' dir='ltr'><em>quentia:</em></span> 
     </span>
    </p>
   </div>
   <div class='ocr_carea' id='block_1_4' title="bbox 135 1511 740 1783">
    <p class='ocr_par' dir='ltr' id='par_1_4' title="bbox 135 1511 740 1783">
     <span class='ocr_line' id='line_1_7' title="bbox 135 1511 487 1586; baseline -0.003 -15"><span class='ocrx_word' id='word_1_33' title='bbox 135 1511 283 1586; x_wconf 79' lang='lat' dir='ltr'>joannes</span> <span class='ocrx_word' id='word_1_34' title='bbox 298 1512 487 1572; x_wconf 84' lang='lat' dir='ltr'>Gembarus</span> 
     </span>
     <span class='ocr_line' id='line_1_8' title="bbox 176 1609 696 1686; baseline 0.006 -18"><span class='ocrx_word' id='word_1_35' title='bbox 176 1609 265 1668; x_wconf 85' lang='lat' dir='ltr'>Patri</span> <span class='ocrx_word' id='word_1_36' title='bbox 280 1609 406 1684; x_wconf 79' lang='lat' dir='ltr'>ignatio</span> <span class='ocrx_word' id='word_1_37' title='bbox 420 1611 461 1669; x_wconf 88' lang='lat' dir='ltr'>de</span> <span class='ocrx_word' id='word_1_38' title='bbox 475 1611 614 1686; x_wconf 88' lang='lat' dir='ltr'>Loyola.</span> <span class='ocrx_word' id='word_1_39' title='bbox 692 1639 696 1648; x_wconf 85' lang='lat'><strong>·</strong></span> 
     </span>
     <span class='ocr_line' id='line_1_9' title="bbox 209 1707 740 1783; baseline 0.004 -19"><span class='ocrx_word' id='word_1_40' title='bbox 209 1707 370 1778; x_wconf 72' lang='lat' dir='ltr'>Veneriis,</span> <span class='ocrx_word' id='word_1_41' title='bbox 385 1707 403 1766; x_wconf 87' lang='lat'><strong>2</strong></span> <span class='ocrx_word' id='word_1_42' title='bbox 416 1707 621 1783; x_wconf 77' lang='lat' dir='ltr'>Septembris</span> <span class='ocrx_word' id='word_1_43' title='bbox 637 1707 707 1768; x_wconf 64' lang='lat'>1553</span> <span class='ocrx_word' id='word_1_44' title='bbox 721 1710 740 1766; x_wconf 81' lang='lat'>⁸.</span> 
     </span>
    </p>
   </div>
   <div class='ocr_carea' id='block_1_5' title="bbox 685 1949 708 2020">
    <p class='ocr_par' dir='ltr' id='par_1_5' title="bbox 685 1949 708 2020">
     <span class='ocr_line' id='line_1_10' title="bbox 685 1949 708 2020; baseline 0 0"><span class='ocrx_word' id='word_1_45' title='bbox 685 1949 708 2020; x_wconf 89' lang='lat'>†</span> 
     </span>
    </p>
   </div>
   <div class='ocr_carea' id='block_1_6' title="bbox 83 2157 1316 4480">
    <p class='ocr_par' dir='ltr' id='par_1_6' title="bbox 85 2157 1312 2348">
     <span class='ocr_line' id='line_1_11' title="bbox 144 2157 1312 2242; baseline -0.001 -18"><span class='ocrx_word' id='word_1_46' title='bbox 144 2158 197 2224; x_wconf 81' lang='lat' dir='ltr'>La</span> <span class='ocrx_word' id='word_1_47' title='bbox 218 2160 336 2239; x_wconf 82' lang='lat' dir='ltr'>gratia</span> <span class='ocrx_word' id='word_1_48' title='bbox 358 2159 390 2223; x_wconf 85' lang='lat' dir='ltr'>d’</span> <span class='ocrx_word' id='word_1_49' title='bbox 410 2159 521 2240; x_wconf 83' lang='lat' dir='ltr'>iddio,</span> <span class='ocrx_word' id='word_1_50' title='bbox 545 2169 579 2224; x_wconf 93' lang='lat' dir='ltr'>et</span> <span class='ocrx_word' id='word_1_51' title='bbox 601 2158 621 2222; x_wconf 85' lang='lat' dir='ltr'>l&#39;</span> <span class='ocrx_word' id='word_1_52' title='bbox 643 2162 752 2224; x_wconf 86' lang='lat' dir='ltr'>umor&#39;</span> <span class='ocrx_word' id='word_1_53' title='bbox 776 2160 812 2225; x_wconf 86' lang='lat' dir='ltr'>di</span> <span class='ocrx_word' id='word_1_54' title='bbox 831 2159 916 2242; x_wconf 87' lang='lat' dir='ltr'>Jesu</span> <span class='ocrx_word' id='word_1_55' title='bbox 938 2159 1079 2224; x_wconf 91' lang='lat' dir='ltr'>Christo</span> <span class='ocrx_word' id='word_1_56' title='bbox 1094 2158 1130 2224; x_wconf 88' lang='lat' dir='ltr'>S.</span> <span class='ocrx_word' id='word_1_57' title='bbox 1146 2157 1202 2236; x_wconf 93' lang='lat' dir='ltr'>N.,</span> <span class='ocrx_word' id='word_1_58' title='bbox 1220 2167 1255 2222; x_wconf 91' lang='lat' dir='ltr'>et</span> <span class='ocrx_word' id='word_1_59' title='bbox 1276 2161 1312 2224; x_wconf 78' lang='lat' dir='ltr'>lo</span> 
     </span>
     <span class='ocr_line' id='line_1_12' title="bbox 85 2263 1311 2348; baseline 0.001 -21"><span class='ocrx_word' id='word_1_60' title='bbox 85 2265 334 2330; x_wconf 87' lang='lat' dir='ltr'>communione</span> <span class='ocrx_word' id='word_1_61' title='bbox 348 2265 405 2330; x_wconf 92' lang='lat' dir='ltr'>del</span> <span class='ocrx_word' id='word_1_62' title='bbox 419 2275 521 2330; x_wconf 83' lang='lat' dir='ltr'>santo</span> <span class='ocrx_word' id='word_1_63' title='bbox 536 2264 678 2346; x_wconf 88' lang='lat' dir='ltr'>Spirito,</span> <span class='ocrx_word' id='word_1_64' title='bbox 695 2266 749 2330; x_wconf 80' lang='lat' dir='ltr'>sie</span> <span class='ocrx_word' id='word_1_65' title='bbox 763 2283 903 2348; x_wconf 87' lang='lat' dir='ltr'>sempre</span> <span class='ocrx_word' id='word_1_66' title='bbox 918 2284 986 2331; x_wconf 91' lang='lat' dir='ltr'>con</span> <span class='ocrx_word' id='word_1_67' title='bbox 1002 2266 1084 2330; x_wconf 87' lang='lat' dir='ltr'>tutti</span> <span class='ocrx_word' id='word_1_68' title='bbox 1095 2264 1165 2329; x_wconf 89' lang='lat' dir='ltr'>noi.</span> <span class='ocrx_word' id='word_1_69' title='bbox 1179 2263 1311 2330; x_wconf 29' lang='lat' dir='ltr'>Amen*</span> 
     </span>
    </p>

    <p class='ocr_par' dir='ltr' id='par_1_7' title="bbox 83 2369 1316 4480">
     <span class='ocr_line' id='line_1_13' title="bbox 144 2369 1314 2454; baseline 0 -18"><span class='ocrx_word' id='word_1_70' title='bbox 144 2369 254 2436; x_wconf 90' lang='lat' dir='ltr'>Molto</span> <span class='ocrx_word' id='word_1_71' title='bbox 268 2371 311 2436; x_wconf 92' lang='lat' dir='ltr'>R.</span> <span class='ocrx_word' id='word_1_72' title='bbox 330 2371 380 2437; x_wconf 90' lang='lat' dir='ltr'>P.:</span> <span class='ocrx_word' id='word_1_73' title='bbox 398 2373 624 2438; x_wconf 88' lang='lat' dir='ltr'>scriuessimo</span> <span class='ocrx_word' id='word_1_74' title='bbox 639 2372 707 2436; x_wconf 90' lang='lat' dir='ltr'>ben</span> <span class='ocrx_word' id='word_1_75' title='bbox 721 2372 772 2452; x_wconf 85' lang='lat' dir='ltr'>gli</span> <span class='ocrx_word' id='word_1_76' title='bbox 793 2373 880 2436; x_wconf 88' lang='lat' dir='ltr'>mesi</span> <span class='ocrx_word' id='word_1_77' title='bbox 899 2372 1034 2454; x_wconf 85' lang='lat' dir='ltr'>passati</span> <span class='ocrx_word' id='word_1_78' title='bbox 1048 2373 1172 2436; x_wconf 87' lang='lat' dir='ltr'>lettere</span> <span class='ocrx_word' id='word_1_79' title='bbox 1191 2371 1234 2436; x_wconf 89' lang='lat' dir='ltr'>de</span> <span class='ocrx_word' id='word_1_80' title='bbox 1250 2371 1314 2436; x_wconf 83' lang='lat' dir='ltr'>dui</span> 
     </span>
     <span class='ocr_line' id='line_1_14' title="bbox 86 2478 1314 2566; baseline 0 -25"><span class='ocrx_word' id='word_1_81' title='bbox 86 2479 247 2558; x_wconf 86' lang='lat' dir='ltr'>termini,</span> <span class='ocrx_word' id='word_1_82' title='bbox 277 2479 481 2559; x_wconf 89' lang='lat' dir='ltr'>replicando</span> <span class='ocrx_word' id='word_1_83' title='bbox 509 2479 755 2556; x_wconf 82' lang='lat' dir='ltr'>brenemente‚</span> <span class='ocrx_word' id='word_1_84' title='bbox 785 2489 919 2561; x_wconf 85' lang='lat' dir='ltr'>quanto</span> <span class='ocrx_word' id='word_1_85' title='bbox 952 2479 1150 2566; x_wconf 67' lang='lat' dir='ltr'>haueuqmo</span> <span class='ocrx_word' id='word_1_86' title='bbox 1184 2478 1314 2542; x_wconf 90' lang='lat' dir='ltr'>scritto</span> 
     </span>
     <span class='ocr_line' id='line_1_15' title="bbox 86 2584 1312 2667; baseline 0 -19"><span class='ocrx_word' id='word_1_87' title='bbox 86 2586 207 2650; x_wconf 81' lang='lat' dir='ltr'>auanti</span> <span class='ocrx_word' id='word_1_88' title='bbox 229 2603 291 2666; x_wconf 88' lang='lat' dir='ltr'>per</span> <span class='ocrx_word' id='word_1_89' title='bbox 313 2587 336 2648; x_wconf 86' lang='lat' dir='ltr'>l&#39;</span> <span class='ocrx_word' id='word_1_90' title='bbox 358 2588 447 2650; x_wconf 86' lang='lat' dir='ltr'>altre</span> <span class='ocrx_word' id='word_1_91' title='bbox 466 2586 727 2667; x_wconf 83' lang='lat' dir='ltr'>quadrimestri.</span> <span class='ocrx_word' id='word_1_92' title='bbox 747 2586 806 2650; x_wconf 84' lang='lat' dir='ltr'>Me</span> <span class='ocrx_word' id='word_1_93' title='bbox 832 2587 961 2667; x_wconf 78' lang='lat' dir='ltr'>perche</span> <span class='ocrx_word' id='word_1_94' title='bbox 981 2587 1073 2650; x_wconf 85' lang='lat' dir='ltr'>nelle</span> <span class='ocrx_word' id='word_1_95' title='bbox 1095 2586 1207 2665; x_wconf 87' lang='lat' dir='ltr'>prime</span> <span class='ocrx_word' id='word_1_96' title='bbox 1229 2584 1312 2650; x_wconf 80' lang='lat' dir='ltr'>hub·</span> 
     </span>
     <span class='ocr_line' id='line_1_16' title="bbox 88 2691 1314 2774; baseline 0 -20"><span class='ocrx_word' id='word_1_97' title='bbox 88 2693 205 2756; x_wconf 84' lang='lat' dir='ltr'>biamo</span> <span class='ocrx_word' id='word_1_98' title='bbox 220 2691 314 2759; x_wconf 81' lang='lat' dir='ltr'>forse</span> <span class='ocrx_word' id='word_1_99' title='bbox 330 2701 472 2774; x_wconf 80' lang='lat' dir='ltr'>passuto</span> <span class='ocrx_word' id='word_1_100' title='bbox 487 2693 572 2772; x_wconf 84' lang='lat' dir='ltr'>ogni</span> <span class='ocrx_word' id='word_1_101' title='bbox 591 2693 738 2758; x_wconf 86' lang='lat' dir='ltr'>termine</span> <span class='ocrx_word' id='word_1_102' title='bbox 758 2702 793 2757; x_wconf 92' lang='lat' dir='ltr'>et</span> <span class='ocrx_word' id='word_1_103' title='bbox 812 2693 942 2758; x_wconf 83' lang='lat' dir='ltr'>dooere</span> <span class='ocrx_word' id='word_1_104' title='bbox 962 2694 1042 2756; x_wconf 87' lang='lat' dir='ltr'>neli&#39;</span> <span class='ocrx_word' id='word_1_105' title='bbox 1063 2709 1160 2756; x_wconf 86' lang='lat' dir='ltr'>esser</span> <span class='ocrx_word' id='word_1_106' title='bbox 1175 2691 1314 2772; x_wconf 31' lang='lat' dir='ltr'>longui*</span> 
     </span>
     <span class='ocr_line' id='line_1_17' title="bbox 87 2798 1313 2880; baseline 0.001 -19"><span class='ocrx_word' id='word_1_107' title='bbox 87 2798 267 2863; x_wconf 84' lang='lat' dir='ltr'>narrando</span> <span class='ocrx_word' id='word_1_108' title='bbox 282 2800 408 2863; x_wconf 77' lang='lat' dir='ltr'>altune</span> <span class='ocrx_word' id='word_1_109' title='bbox 423 2816 506 2864; x_wconf 90' lang='lat' dir='ltr'>cose</span> <span class='ocrx_word' id='word_1_110' title='bbox 522 2800 557 2862; x_wconf 91' lang='lat' dir='ltr'>in</span> <span class='ocrx_word' id='word_1_111' title='bbox 572 2809 670 2864; x_wconf 87' lang='lat' dir='ltr'>certo</span> <span class='ocrx_word' id='word_1_112' title='bbox 683 2800 791 2870; x_wconf 88' lang='lat' dir='ltr'>modo</span> <span class='ocrx_word' id='word_1_113' title='bbox 809 2799 1097 2864; x_wconf 87' lang='lat' dir='ltr'>historicamente</span> <span class='ocrx_word' id='word_1_114' title='bbox 1116 2799 1176 2880; x_wconf 81' lang='lat' dir='ltr'>piu</span> <span class='ocrx_word' id='word_1_115' title='bbox 1190 2809 1313 2878; x_wconf 90' lang='lat' dir='ltr'>presto</span> 
     </span>
     <span class='ocr_line' id='line_1_18' title="bbox 87 2905 1316 2986; baseline 0.002 -18"><span class='ocrx_word' id='word_1_116' title='bbox 87 2906 141 2969; x_wconf 90' lang='lat' dir='ltr'>ch’</span> <span class='ocrx_word' id='word_1_117' title='bbox 159 2906 195 2970; x_wconf 92' lang='lat' dir='ltr'>in</span> <span class='ocrx_word' id='word_1_118' title='bbox 210 2905 347 2971; x_wconf 74' lang='lat' dir='ltr'>breuita</span> <span class='ocrx_word' id='word_1_119' title='bbox 363 2907 420 2970; x_wconf 84' lang='lat' dir='ltr'>all’</span> <span class='ocrx_word' id='word_1_120' title='bbox 437 2905 585 2986; x_wconf 84' lang='lat' dir='ltr'>epistola</span> <span class='ocrx_word' id='word_1_121' title='bbox 600 2907 844 2971; x_wconf 87' lang='lat' dir='ltr'>conueniente:</span> <span class='ocrx_word' id='word_1_122' title='bbox 860 2917 894 2970; x_wconf 92' lang='lat' dir='ltr'>et</span> <span class='ocrx_word' id='word_1_123' title='bbox 909 2908 1039 2986; x_wconf 86' lang='lat' dir='ltr'><strong>perche</strong></span> <span class='ocrx_word' id='word_1_124' title='bbox 1054 2907 1075 2968; x_wconf 88' lang='lat' dir='ltr'>l&#39;</span> <span class='ocrx_word' id='word_1_125' title='bbox 1089 2906 1190 2982; x_wconf 83' lang='lat' dir='ltr'>altre,</span> <span class='ocrx_word' id='word_1_126' title='bbox 1203 2922 1267 2984; x_wconf 88' lang='lat' dir='ltr'>per</span> <span class='ocrx_word' id='word_1_127' title='bbox 1278 2907 1316 2970; x_wconf 76' lang='lat' dir='ltr'>le</span> 
     </span>
     <span class='ocr_line' id='line_1_19' title="bbox 87 3012 1308 3093; baseline 0 -17"><span class='ocrx_word' id='word_1_128' title='bbox 87 3013 182 3092; x_wconf 84' lang='lat' dir='ltr'>quali</span> <span class='ocrx_word' id='word_1_129' title='bbox 206 3014 314 3077; x_wconf 89' lang='lat' dir='ltr'>molto</span> <span class='ocrx_word' id='word_1_130' title='bbox 335 3013 560 3077; x_wconf 82' lang='lat' dir='ltr'>brenemente</span> <span class='ocrx_word' id='word_1_131' title='bbox 582 3013 871 3093; x_wconf 84' lang='lat' dir='ltr'>raccogliessimo</span> <span class='ocrx_word' id='word_1_132' title='bbox 893 3014 944 3092; x_wconf 83' lang='lat' dir='ltr'>gli</span> <span class='ocrx_word' id='word_1_133' title='bbox 963 3012 1021 3076; x_wconf 90' lang='lat' dir='ltr'>dui</span> <span class='ocrx_word' id='word_1_134' title='bbox 1046 3013 1308 3092; x_wconf 88' lang='lat' dir='ltr'>quadrimestri‚</span> 
     </span>
     <span class='ocr_line' id='line_1_20' title="bbox 87 3119 1314 3201; baseline 0.001 -19"><span class='ocrx_word' id='word_1_135' title='bbox 87 3137 156 3183; x_wconf 92' lang='lat' dir='ltr'>non</span> <span class='ocrx_word' id='word_1_136' title='bbox 170 3137 237 3184; x_wconf 90' lang='lat' dir='ltr'>son</span> <span class='ocrx_word' id='word_1_137' title='bbox 251 3120 418 3197; x_wconf 84' lang='lat' dir='ltr'>arriuate,</span> <span class='ocrx_word' id='word_1_138' title='bbox 436 3137 456 3182; x_wconf 96' lang='lat' dir='ltr'>o</span> <span class='ocrx_word' id='word_1_139' title='bbox 472 3121 524 3184; x_wconf 87' lang='lat' dir='ltr'>sia</span> <span class='ocrx_word' id='word_1_140' title='bbox 539 3137 605 3201; x_wconf 90' lang='lat' dir='ltr'>por</span> <span class='ocrx_word' id='word_1_141' title='bbox 620 3137 729 3184; x_wconf 84' lang='lat' dir='ltr'>causa</span> <span class='ocrx_word' id='word_1_142' title='bbox 743 3119 776 3182; x_wconf 88' lang='lat' dir='ltr'>d&#39;</span> <span class='ocrx_word' id='word_1_143' title='bbox 794 3120 975 3196; x_wconf 86' lang='lat' dir='ltr'>icorrieri‚</span> <span class='ocrx_word' id='word_1_144' title='bbox 992 3135 1089 3198; x_wconf 85' lang='lat' dir='ltr'>oper</span> <span class='ocrx_word' id='word_1_145' title='bbox 1103 3130 1237 3198; x_wconf 87' lang='lat' dir='ltr'>nostra;</span> <span class='ocrx_word' id='word_1_146' title='bbox 1250 3121 1314 3183; x_wconf 83' lang='lat' dir='ltr'>noi</span> 
     </span>
     <span class='ocr_line' id='line_1_21' title="bbox 87 3226 1311 3306; baseline 0 -16"><span class='ocrx_word' id='word_1_147' title='bbox 87 3229 176 3290; x_wconf 90' lang='lat' dir='ltr'>com&#39;</span> <span class='ocrx_word' id='word_1_148' title='bbox 200 3227 352 3290; x_wconf 75' lang='lat' dir='ltr'>edebito</span> <span class='ocrx_word' id='word_1_149' title='bbox 371 3237 405 3290; x_wconf 87' lang='lat' dir='ltr'>et</span> <span class='ocrx_word' id='word_1_150' title='bbox 425 3227 673 3305; x_wconf 84' lang='lat' dir='ltr'>conueniente,</span> <span class='ocrx_word' id='word_1_151' title='bbox 696 3227 929 3306; x_wconf 81' lang='lat' dir='ltr'>replicaremo</span> <span class='ocrx_word' id='word_1_152' title='bbox 949 3226 1035 3290; x_wconf 89' lang='lat' dir='ltr'>detti</span> <span class='ocrx_word' id='word_1_153' title='bbox 1060 3226 1311 3306; x_wconf 86' lang='lat' dir='ltr'>quadrimestri</span> 
     </span>
     <span class='ocr_line' id='line_1_22' title="bbox 87 3332 1313 3415; baseline 0.002 -19"><span class='ocrx_word' id='word_1_154' title='bbox 87 3332 366 3412; x_wconf 80' lang='lat' dir='ltr'>riducendoglia</span> <span class='ocrx_word' id='word_1_155' title='bbox 390 3343 513 3414; x_wconf 88' lang='lat' dir='ltr'><strong>queste</strong></span> <span class='ocrx_word' id='word_1_156' title='bbox 532 3343 642 3412; x_wconf 87' lang='lat' dir='ltr'>terze,</span> <span class='ocrx_word' id='word_1_157' title='bbox 665 3344 797 3415; x_wconf 87' lang='lat' dir='ltr'>quanto</span> <span class='ocrx_word' id='word_1_158' title='bbox 819 3334 1126 3414; x_wconf 83' lang='lat' dir='ltr'>breuisimamente</span> <span class='ocrx_word' id='word_1_159' title='bbox 1145 3334 1178 3397; x_wconf 86' lang='lat' dir='ltr'>si</span> <span class='ocrx_word' id='word_1_160' title='bbox 1195 3339 1313 3415; x_wconf 70' lang='lat' dir='ltr'>potet,</span> 
     </span>
     <span class='ocr_line' id='line_1_23' title="bbox 86 3439 1315 3520; baseline 0.001 -18"><span class='ocrx_word' id='word_1_161' title='bbox 86 3456 157 3503; x_wconf 90' lang='lat' dir='ltr'>non</span> <span class='ocrx_word' id='word_1_162' title='bbox 172 3439 469 3520; x_wconf 85' lang='lat' dir='ltr'>pretermettendo</span> <span class='ocrx_word' id='word_1_163' title='bbox 484 3457 569 3520; x_wconf 87' lang='lat' dir='ltr'>pero</span> <span class='ocrx_word' id='word_1_164' title='bbox 581 3457 665 3504; x_wconf 87' lang='lat' dir='ltr'>cosa</span> <span class='ocrx_word' id='word_1_165' title='bbox 678 3439 710 3502; x_wconf 89' lang='lat' dir='ltr'>d’</span> <span class='ocrx_word' id='word_1_166' title='bbox 722 3439 947 3520; x_wconf 83' lang='lat' dir='ltr'>importantia</span> <span class='ocrx_word' id='word_1_167' title='bbox 960 3439 995 3503; x_wconf 91' lang='lat' dir='ltr'>di</span> <span class='ocrx_word' id='word_1_168' title='bbox 1006 3449 1138 3520; x_wconf 85' lang='lat' dir='ltr'>quanto</span> <span class='ocrx_word' id='word_1_169' title='bbox 1151 3450 1315 3520; x_wconf 87' lang='lat' dir='ltr'>potremo</span> 
     </span>
     <span class='ocr_line' id='line_1_24' title="bbox 88 3545 1313 3625; baseline 0.002 -17"><span class='ocrx_word' id='word_1_170' title='bbox 88 3545 220 3610; x_wconf 89' lang='lat' dir='ltr'>ridurci</span> <span class='ocrx_word' id='word_1_171' title='bbox 235 3547 273 3610; x_wconf 92' lang='lat' dir='ltr'>in</span> <span class='ocrx_word' id='word_1_172' title='bbox 286 3547 458 3610; x_wconf 84' lang='lat' dir='ltr'>memoria</span> <span class='ocrx_word' id='word_1_173' title='bbox 473 3546 508 3610; x_wconf 89' lang='lat' dir='ltr'>di</span> <span class='ocrx_word' id='word_1_174' title='bbox 524 3556 684 3610; x_wconf 83' lang='lat' dir='ltr'>certezza</span> <span class='ocrx_word' id='word_1_175' title='bbox 700 3547 823 3625; x_wconf 79' lang='lat' dir='ltr'>senna,</span> <span class='ocrx_word' id='word_1_176' title='bbox 840 3549 923 3610; x_wconf 85' lang='lat' dir='ltr'>etia</span> <span class='ocrx_word' id='word_1_177' title='bbox 939 3546 1075 3609; x_wconf 70' lang='lat' dir='ltr'>breuiter</span> <span class='ocrx_word' id='word_1_178' title='bbox 1095 3546 1149 3609; x_wconf 89' lang='lat' dir='ltr'>ch’</span> <span class='ocrx_word' id='word_1_179' title='bbox 1168 3547 1313 3611; x_wconf 84' lang='lat' dir='ltr'>habbia-</span> 
     </span>
     <span class='ocr_line' id='line_1_25' title="bbox 87 3652 1309 3734; baseline 0 -18"><span class='ocrx_word' id='word_1_180' title='bbox 87 3669 143 3716; x_wconf 88' lang='lat' dir='ltr'>mo</span> <span class='ocrx_word' id='word_1_181' title='bbox 165 3671 186 3716; x_wconf 86' lang='lat' dir='ltr'>a</span> <span class='ocrx_word' id='word_1_182' title='bbox 207 3656 342 3716; x_wconf 86' lang='lat' dir='ltr'>cercar&#39;</span> <span class='ocrx_word' id='word_1_183' title='bbox 364 3652 397 3717; x_wconf 94' lang='lat' dir='ltr'>ci</span> <span class='ocrx_word' id='word_1_184' title='bbox 419 3659 644 3734; x_wconf 77' lang='lat' dir='ltr'>permettera.</span> <span class='ocrx_word' id='word_1_185' title='bbox 668 3653 712 3716; x_wconf 89' lang='lat' dir='ltr'>Et</span> <span class='ocrx_word' id='word_1_186' title='bbox 734 3653 965 3734; x_wconf 86' lang='lat' dir='ltr'>primamente</span> <span class='ocrx_word' id='word_1_187' title='bbox 991 3653 1244 3716; x_wconf 82' lang='lat' dir='ltr'>commincinro</span> <span class='ocrx_word' id='word_1_188' title='bbox 1266 3653 1309 3716; x_wconf 89' lang='lat' dir='ltr'>de</span> 
     </span>
     <span class='ocr_line' id='line_1_26' title="bbox 86 3759 1313 3840; baseline 0.002 -20"><span class='ocrx_word' id='word_1_189' title='bbox 86 3776 168 3822; x_wconf 83' lang='lat' dir='ltr'>cosa</span> <span class='ocrx_word' id='word_1_190' title='bbox 184 3777 370 3824; x_wconf 85' lang='lat' dir='ltr'>commune</span> <span class='ocrx_word' id='word_1_191' title='bbox 385 3761 442 3824; x_wconf 84' lang='lat' dir='ltr'>alli</span> <span class='ocrx_word' id='word_1_192' title='bbox 458 3760 478 3823; x_wconf 86' lang='lat'><strong>3</strong></span> <span class='ocrx_word' id='word_1_193' title='bbox 493 3759 742 3840; x_wconf 88' lang='lat' dir='ltr'>quadrimestri</span> <span class='ocrx_word' id='word_1_194' title='bbox 757 3760 810 3823; x_wconf 88' lang='lat' dir='ltr'>ch’</span> <span class='ocrx_word' id='word_1_195' title='bbox 822 3759 856 3823; x_wconf 95' lang='lat' dir='ltr'>io</span> <span class='ocrx_word' id='word_1_196' title='bbox 871 3761 917 3822; x_wconf 94' lang='lat' dir='ltr'>ho</span> <span class='ocrx_word' id='word_1_197' title='bbox 929 3777 949 3821; x_wconf 82' lang='lat' dir='ltr'>a</span> <span class='ocrx_word' id='word_1_198' title='bbox 962 3759 1218 3838; x_wconf 60' lang='lat' dir='ltr'>commender,</span> <span class='ocrx_word' id='word_1_199' title='bbox 1233 3759 1313 3823; x_wconf 72' lang='lat' dir='ltr'>cion</span> 
     </span>
     <span class='ocr_line' id='line_1_27' title="bbox 87 3865 1310 3947; baseline 0.001 -20"><span class='ocrx_word' id='word_1_200' title='bbox 87 3865 176 3928; x_wconf 86' lang='lat' dir='ltr'>della</span> <span class='ocrx_word' id='word_1_201' title='bbox 192 3865 390 3947; x_wconf 82' lang='lat' dir='ltr'>frequentia</span> <span class='ocrx_word' id='word_1_202' title='bbox 404 3877 438 3930; x_wconf 88' lang='lat' dir='ltr'>et</span> <span class='ocrx_word' id='word_1_203' title='bbox 453 3866 486 3929; x_wconf 87' lang='lat' dir='ltr'>d’</span> <span class='ocrx_word' id='word_1_204' title='bbox 509 3866 666 3930; x_wconf 88' lang='lat' dir='ltr'>huomini</span> <span class='ocrx_word' id='word_1_205' title='bbox 686 3875 721 3930; x_wconf 91' lang='lat' dir='ltr'>et</span> <span class='ocrx_word' id='word_1_206' title='bbox 739 3867 783 3930; x_wconf 87' lang='lat' dir='ltr'>de</span> <span class='ocrx_word' id='word_1_207' title='bbox 801 3867 929 3944; x_wconf 87' lang='lat' dir='ltr'>donne,</span> <span class='ocrx_word' id='word_1_208' title='bbox 953 3866 1047 3946; x_wconf 89' lang='lat' dir='ltr'>quali</span> <span class='ocrx_word' id='word_1_209' title='bbox 1069 3867 1103 3928; x_wconf 84' lang='lat' dir='ltr'>la</span> <span class='ocrx_word' id='word_1_210' title='bbox 1124 3866 1231 3928; x_wconf 66' lang='lat' dir='ltr'>bonta</span> <span class='ocrx_word' id='word_1_211' title='bbox 1254 3865 1310 3928; x_wconf 86' lang='lat' dir='ltr'>del</span> 
     </span>
     <span class='ocr_line' id='line_1_28' title="bbox 87 3969 1311 4052; baseline -0.001 -18"><span class='ocrx_word' id='word_1_212' title='bbox 87 3971 214 4052; x_wconf 86' lang='lat' dir='ltr'>Signor</span> <span class='ocrx_word' id='word_1_213' title='bbox 229 3972 314 4052; x_wconf 83' lang='lat' dir='ltr'>ogni</span> <span class='ocrx_word' id='word_1_214' title='bbox 329 3973 513 4038; x_wconf 80' lang='lat' dir='ltr'>domenico</span> <span class='ocrx_word' id='word_1_215' title='bbox 531 3983 566 4036; x_wconf 92' lang='lat' dir='ltr'>et</span> <span class='ocrx_word' id='word_1_216' title='bbox 580 3972 671 4037; x_wconf 83' lang='lat' dir='ltr'>festa</span> <span class='ocrx_word' id='word_1_217' title='bbox 683 3975 760 4036; x_wconf 91' lang='lat' dir='ltr'>suol</span> <span class='ocrx_word' id='word_1_218' title='bbox 771 3973 1013 4038; x_wconf 77' lang='lat' dir='ltr'>communicer</span> <span class='ocrx_word' id='word_1_219' title='bbox 1024 3972 1080 4036; x_wconf 89' lang='lat' dir='ltr'>del</span> <span class='ocrx_word' id='word_1_220' title='bbox 1095 3971 1174 4038; x_wconf 74' lang='lat' dir='ltr'>S.¹¹¹⁰</span> <span class='ocrx_word' id='word_1_221' title='bbox 1185 3969 1311 4035; x_wconf 83' lang='lat' dir='ltr'><strong>Sacra·</strong></span> 
     </span>
     <span class='ocr_line' id='line_1_29' title="bbox 87 4079 1314 4160; baseline 0 -18"><span class='ocrx_word' id='word_1_222' title='bbox 87 4090 204 4144; x_wconf 88' lang='lat' dir='ltr'>mento</span> <span class='ocrx_word' id='word_1_223' title='bbox 226 4079 294 4143; x_wconf 71' lang='lat' dir='ltr'>dei</span> <span class='ocrx_word' id='word_1_224' title='bbox 311 4081 428 4144; x_wconf 82' lang='lat' dir='ltr'>altar&#39;:</span> <span class='ocrx_word' id='word_1_225' title='bbox 446 4081 468 4142; x_wconf 92' lang='lat' dir='ltr'>il</span> <span class='ocrx_word' id='word_1_226' title='bbox 483 4097 631 4144; x_wconf 90' lang='lat' dir='ltr'>numero</span> <span class='ocrx_word' id='word_1_227' title='bbox 647 4080 690 4143; x_wconf 87' lang='lat' dir='ltr'>de</span> <span class='ocrx_word' id='word_1_228' title='bbox 705 4081 819 4160; x_wconf 88' lang='lat' dir='ltr'>questi</span> <span class='ocrx_word' id='word_1_229' title='bbox 834 4085 853 4142; x_wconf 77' lang='lat' dir='ltr'>e</span> <span class='ocrx_word' id='word_1_230' title='bbox 868 4089 961 4142; x_wconf 87' lang='lat' dir='ltr'>stato</span> <span class='ocrx_word' id='word_1_231' title='bbox 976 4079 1030 4143; x_wconf 89' lang='lat' dir='ltr'>sin</span> <span class='ocrx_word' id='word_1_232' title='bbox 1046 4080 1105 4159; x_wconf 91' lang='lat' dir='ltr'>qui</span> <span class='ocrx_word' id='word_1_233' title='bbox 1126 4095 1197 4143; x_wconf 91' lang='lat' dir='ltr'>non</span> <span class='ocrx_word' id='word_1_234' title='bbox 1219 4095 1314 4159; x_wconf 88' lang='lat' dir='ltr'>poco</span> 
     </span>
     <span class='ocr_line' id='line_1_30' title="bbox 84 4185 1311 4267; baseline 0.002 -20"><span class='ocrx_word' id='word_1_235' title='bbox 84 4186 236 4250; x_wconf 86' lang='lat' dir='ltr'>secondo</span> <span class='ocrx_word' id='word_1_236' title='bbox 252 4187 276 4251; x_wconf 88' lang='lat' dir='ltr'>ii</span> <span class='ocrx_word' id='word_1_237' title='bbox 291 4188 381 4250; x_wconf 90' lang='lat' dir='ltr'>loco.</span> <span class='ocrx_word' id='word_1_238' title='bbox 398 4186 450 4250; x_wconf 86' lang='lat' dir='ltr'>La</span> <span class='ocrx_word' id='word_1_239' title='bbox 464 4187 525 4266; x_wconf 82' lang='lat' dir='ltr'>piu</span> <span class='ocrx_word' id='word_1_240' title='bbox 541 4197 641 4266; x_wconf 83' lang='lat' dir='ltr'>parte</span> <span class='ocrx_word' id='word_1_241' title='bbox 655 4187 691 4251; x_wconf 93' lang='lat' dir='ltr'>di</span> <span class='ocrx_word' id='word_1_242' title='bbox 706 4187 820 4267; x_wconf 87' lang='lat' dir='ltr'>questi</span> <span class='ocrx_word' id='word_1_243' title='bbox 841 4187 902 4249; x_wconf 90' lang='lat' dir='ltr'>tali</span> <span class='ocrx_word' id='word_1_244' title='bbox 921 4189 996 4250; x_wconf 90' lang='lat' dir='ltr'>son&#39;</span> <span class='ocrx_word' id='word_1_245' title='bbox 1021 4187 1187 4250; x_wconf 81' lang='lat' dir='ltr'>tulmente</span> <span class='ocrx_word' id='word_1_246' title='bbox 1207 4185 1311 4250; x_wconf 88' lang='lat' dir='ltr'>inier-</span> 
     </span>
     <span class='ocr_line' id='line_1_31' title="bbox 86 4291 1312 4374; baseline 0.002 -21"><span class='ocrx_word' id='word_1_247' title='bbox 86 4294 199 4357; x_wconf 85' lang='lat' dir='ltr'>uorati</span> <span class='ocrx_word' id='word_1_248' title='bbox 214 4293 250 4358; x_wconf 85' lang='lat' dir='ltr'>ui</span> <span class='ocrx_word' id='word_1_249' title='bbox 265 4293 432 4358; x_wconf 89' lang='lat' dir='ltr'>deuotion</span> <span class='ocrx_word' id='word_1_250' title='bbox 446 4303 481 4358; x_wconf 87' lang='lat' dir='ltr'>et</span> <span class='ocrx_word' id='word_1_251' title='bbox 492 4294 631 4358; x_wconf 75' lang='lat' dir='ltr'>charita</span> <span class='ocrx_word' id='word_1_252' title='bbox 643 4310 748 4356; x_wconf 88' lang='lat' dir='ltr'>verso</span> <span class='ocrx_word' id='word_1_253' title='bbox 761 4293 784 4356; x_wconf 91' lang='lat' dir='ltr'>il</span> <span class='ocrx_word' id='word_1_254' title='bbox 796 4310 860 4356; x_wconf 91' lang='lat' dir='ltr'>suo</span> <span class='ocrx_word' id='word_1_255' title='bbox 872 4291 1002 4372; x_wconf 84' lang='lat' dir='ltr'>Signor</span> <span class='ocrx_word' id='word_1_256' title='bbox 1013 4304 1047 4357; x_wconf 89' lang='lat' dir='ltr'>et</span> <span class='ocrx_word' id='word_1_257' title='bbox 1058 4309 1164 4356; x_wconf 89' lang='lat' dir='ltr'>verso</span> <span class='ocrx_word' id='word_1_258' title='bbox 1177 4293 1201 4357; x_wconf 88' lang='lat' dir='ltr'>il</span> <span class='ocrx_word' id='word_1_259' title='bbox 1213 4309 1312 4374; x_wconf 80' lang='lat' dir='ltr'>pros-</span> 
     </span>
     <span class='ocr_line' id='line_1_32' title="bbox 83 4399 1310 4480; baseline 0.002 -21"><span class='ocrx_word' id='word_1_260' title='bbox 83 4400 182 4479; x_wconf 80' lang='lat' dir='ltr'>simo,</span> <span class='ocrx_word' id='word_1_261' title='bbox 202 4401 268 4465; x_wconf 84' lang='lat' dir='ltr'>che</span> <span class='ocrx_word' id='word_1_262' title='bbox 290 4401 399 4465; x_wconf 91' lang='lat' dir='ltr'>molto</span> <span class='ocrx_word' id='word_1_263' title='bbox 420 4400 540 4480; x_wconf 91' lang='lat' dir='ltr'>pronti</span> <span class='ocrx_word' id='word_1_264' title='bbox 561 4409 596 4464; x_wconf 92' lang='lat' dir='ltr'>et</span> <span class='ocrx_word' id='word_1_265' title='bbox 619 4400 804 4464; x_wconf 89' lang='lat' dir='ltr'>volentieri</span> <span class='ocrx_word' id='word_1_266' title='bbox 826 4401 857 4464; x_wconf 90' lang='lat' dir='ltr'>si</span> <span class='ocrx_word' id='word_1_267' title='bbox 879 4410 1035 4464; x_wconf 88' lang='lat' dir='ltr'>mettono</span> <span class='ocrx_word' id='word_1_268' title='bbox 1057 4400 1102 4464; x_wconf 84' lang='lat' dir='ltr'>ad</span> <span class='ocrx_word' id='word_1_269' title='bbox 1125 4399 1209 4480; x_wconf 86' lang='lat' dir='ltr'>ogni</span> <span class='ocrx_word' id='word_1_270' title='bbox 1232 4399 1310 4464; x_wconf 85' lang='lat' dir='ltr'>fati·</span> 
     </span>
    </p>
   </div>
   <div class='ocr_carea' id='block_1_7' title="bbox 85 4603 1316 4804">
    <p class='ocr_par' dir='ltr' id='par_1_8' title="bbox 85 4603 1316 4804">
     <span class='ocr_line' id='line_1_33' title="bbox 126 4603 1314 4660; baseline 0 -12"><span class='ocrx_word' id='word_1_271' title='bbox 126 4603 134 4634; x_wconf 76' lang='lat'>⁸</span> <span class='ocrx_word' id='word_1_272' title='bbox 163 4604 237 4650; x_wconf 86' lang='lat' dir='ltr'>Prior</span> <span class='ocrx_word' id='word_1_273' title='bbox 250 4605 317 4650; x_wconf 72' lang='lat' dir='ltr'>haec</span> <span class='ocrx_word' id='word_1_274' title='bbox 333 4611 358 4649; x_wconf 85' lang='lat' dir='ltr'>et</span> <span class='ocrx_word' id='word_1_275' title='bbox 377 4604 478 4658; x_wconf 67' lang='lat' dir='ltr'>longior</span> <span class='ocrx_word' id='word_1_276' title='bbox 497 4605 573 4660; x_wconf 75' lang='lat' dir='ltr'>hujus</span> <span class='ocrx_word' id='word_1_277' title='bbox 589 4605 715 4660; x_wconf 71' lang='lat' dir='ltr'>epistolae</span> <span class='ocrx_word' id='word_1_278' title='bbox 733 4611 852 4659; x_wconf 72' lang='lat' dir='ltr'>pareest</span> <span class='ocrx_word' id='word_1_279' title='bbox 871 4605 896 4647; x_wconf 88' lang='lat' dir='ltr'>in</span> <span class='ocrx_word' id='word_1_280' title='bbox 911 4606 964 4648; x_wconf 82' lang='lat' dir='ltr'>voi.</span> <span class='ocrx_word' id='word_1_281' title='bbox 980 4603 1229 4656; x_wconf 77' lang='lat' dir='ltr'>Quadrimestnum</span> <span class='ocrx_word' id='word_1_282' title='bbox 1244 4607 1314 4648; x_wconf 66' lang='lat' dir='ltr'>anni</span> 
     </span>
     <span class='ocr_line' id='line_1_34' title="bbox 89 4674 1316 4732; baseline 0.002 -16"><span class='ocrx_word' id='word_1_283' title='bbox 89 4674 163 4726; x_wconf 86' lang='lat'><em>1556,</em></span> <span class='ocrx_word' id='word_1_284' title='bbox 174 4677 199 4720; x_wconf 87' lang='lat' dir='ltr'>in</span> <span class='ocrx_word' id='word_1_285' title='bbox 208 4676 303 4732; x_wconf 86' lang='lat' dir='ltr'>duplici</span> <span class='ocrx_word' id='word_1_286' title='bbox 315 4676 383 4721; x_wconf 78' lang='lat' dir='ltr'>totio.</span> <span class='ocrx_word' id='word_1_287' title='bbox 395 4687 437 4720; x_wconf 89' lang='lat' dir='ltr'>no.</span> <span class='ocrx_word' id='word_1_288' title='bbox 448 4675 517 4721; x_wconf 87' lang='lat' dir='ltr'>oiim.</span> <span class='ocrx_word' id='word_1_289' title='bbox 529 4676 567 4719; x_wconf 77' lang='lat' dir='ltr'>ret</span> <span class='ocrx_word' id='word_1_290' title='bbox 578 4682 603 4721; x_wconf 84' lang='lat' dir='ltr'>et</span> <span class='ocrx_word' id='word_1_291' title='bbox 616 4676 663 4728; x_wconf 85' lang='grc'><strong>185,</strong></span> <span class='ocrx_word' id='word_1_292' title='bbox 673 4687 740 4720; x_wconf 89' lang='lat' dir='ltr'>nunc</span> <span class='ocrx_word' id='word_1_293' title='bbox 753 4675 791 4719; x_wconf 84' lang='lat'>176</span> <span class='ocrx_word' id='word_1_294' title='bbox 800 4682 826 4719; x_wconf 85' lang='lat' dir='ltr'>et</span> <span class='ocrx_word' id='word_1_295' title='bbox 839 4675 884 4729; x_wconf 88' lang='grc'><strong>177;</strong></span> <span class='ocrx_word' id='word_1_296' title='bbox 896 4683 994 4731; x_wconf 82' lang='lat' dir='ltr'>estque,</span> <span class='ocrx_word' id='word_1_297' title='bbox 1003 4682 1030 4719; x_wconf 82' lang='lat' dir='ltr'>nt</span> <span class='ocrx_word' id='word_1_298' title='bbox 1040 4676 1169 4730; x_wconf 82' lang='lat' dir='ltr'>posterior</span> <span class='ocrx_word' id='word_1_299' title='bbox 1177 4677 1205 4730; x_wconf 87' lang='lat' dir='ltr'>(t.</span> <span class='ocrx_word' id='word_1_300' title='bbox 1216 4686 1242 4729; x_wconf 85' lang='lat' dir='ltr'>u,</span> <span class='ocrx_word' id='word_1_301' title='bbox 1251 4686 1316 4730; x_wconf 69' lang='lat' dir='ltr'>pag.</span> 
     </span>
     <span class='ocr_line' id='line_1_35' title="bbox 85 4745 314 4804; baseline 0.013 -14"><span class='ocrx_word' id='word_1_302' title='bbox 85 4745 314 4804; x_wconf 51' lang='lat' dir='ltr'>&amp;tammum</span> 
     </span>
    </p>
   </div>
   <div class='ocr_carea' id='block_1_8' title="bbox 0 0 1726 5526">
    <p class='ocr_par' dir='ltr' id='par_1_9' title="bbox 0 0 1726 5526">
     <span class='ocr_line' id='line_1_36' title="bbox 0 0 1726 5526; baseline 0 0"><span class='ocrx_word' id='word_1_303' title='bbox 0 0 1726 5526; x_wconf 95' lang='lat' dir='ltr'> </span> 
     </span>
    </p>
   </div>
  </div>
 </body>
</html>
