3590 5542
670 564 735 616 Au.
763 558 831 616 1:350
1282 617 1288 628 ,
1328 551 1365 610 ‘25

162 705 264 768 vineae
292 721 486 784 aggressus
511 721 589 766 sum
618 704 804 781 culturam,
835 700 929 782 quod
957 701 1098 780 quidem
1126 698 1191 762 fuit
1217 716 1238 760 a
1264 697 1364 761 verbi

160 813 249 874 diuini
258 812 494 892 dispersione,
502 817 542 874 vt
552 811 619 873 fiac
629 815 795 890 suscepta
804 808 1028 890 pinguedine
1039 807 1220 870 uberiores
1227 805 1363 884 produ-

157 924 233 981 ceret
246 919 412 996 fractus,
433 919 628 982 adr'utri'ces
647 918 802 980 Domino
825 916 1010 980 adlabente
1031 930 1180 985 ananus,
1196 913 1261 992 qni
1280 929 1363 974 nus·

160 1042 247 1103 qnam
262 1042 332 1087 noa
338 1026 500 1106 proiecto
515 1025 647 1088 semine
659 1026 918 1087 incrementum
930 1023 1018 1084 dare
1029 1021 1221 1084 desiderat.

206 1131 437 1196 Concionatus
451 1149 530 1196 sum
545 1132 668 1196 diebus
682 1131 869 1195 dominicis
887 1139 922 1193 et
937 1129 1074 1193 festiuis
1093 1125 1214 1204 semel,
1238 1124 1295 1187 vel
1311 1124 1366 1187 bis

157 1237 358 1319 quandoque,
381 1240 506 1303 tamin
527 1240 667 1318 templu,
692 1249 767 1300 tum
782 1238 818 1301 in
832 1245 964 1313 castro,
980 1236 1016 1298 in
1033 1232 1211 1297 laudabili
1228 1231 1366 1310 (nabala

158 1345 278 1408 idione
296 1345 380 1424 loci)
394 1346 513 1426 populi
533 1362 677 1422 corona,
693 1345 754 1426 qui
775 1360 957 1424 nunquam
971 1352 1044 1406 tam
1067 1341 1171 1404 alieni
1185 1340 1327 1403 fuerunt
1344 1357 1365 1402 a

158 1453 367 1517 concionibus
388 1451 584 1531 audiendis
608 1469 714 1533 quarn
741 1453 813 1516 iam
838 1451 941 1515 auide
964 1450 1010 1514 ad
1031 1467 1092 1512 eas
1117 1446 1293 1510 confluere
1314 1446 1363 1509 vi·

156 1559 299 1637 deantur,
312 1575 384 1622 non
398 1558 568 1622 mulceres
581 1565 647 1622 aut
660 1576 765 1622 senes
779 1564 937 1636 tantum,
952 1557 1015 1619 sed
1030 1555 1105 1618 uiri
1117 1569 1267 1634 quoqne,
1278 1569 1365 1615 nau·

155 1671 214 1742 tac,
222 1666 286 1728 isti
293 1665 432 1744 rustici,
444 1666 593 1729 iuuenes
606 1666 767 1747 (quorum
779 1666 868 1728 solet
880 1681 958 1728 esse
970 1679 1195 1742 magnasane
1208 1661 1363 1736 raritas),

157 1773 196 1833 ita
209 1773 298 1851 qnod
311 1774 410 1836 locus
424 1772 635 1854 quandoque
650 1791 720 1836 non
742 1772 855 1852 potuit
874 1787 1003 1851 capere
1019 1768 1247 1836 auditorium.
1270 1771 1365 1829 certo

157 1895 218 1940 non
238 1897 312 1942 mea
336 1881 517 1960 doctrina,
540 1881 605 1944 sed
624 1880 750 1943 diurna
774 1879 864 1942 moti
882 1876 1081 1954 clementia,
1103 1892 1168 1955 pro
1194 1873 1368 1952 singulari

157 2002 290 2066 namque
303 1987 425 2066 gaudii
443 1987 580 2051 strcm'o
604 1987 613 2018 ¹
639 1988 790 2050 relatum
810 1986 876 2048 fuit
889 1984 1001 2048 Ill.mae
1016 1983 1114 2046 Dum
1135 1986 1282 2044 nostrae
1301 1979 1367 2043 Co·

156 2093 295 2156 mitissae
309 2093 530 2170 'nonnullos
547 2095 607 2175 qui
627 2093 815 2156 dominicis
830 2092 965 2167 diebus,
979 2092 1141 2170 neglecto
1157 2088 1277 2151 diuino
1295 2085 1367 2150 offi-

155 2197 212 2272 cio,
232 2208 322 2262 totos
347 2201 423 2263 dies
444 2201 684 2281 potationibus
710 2199 815 2280 (quod
834 2199 892 2262 hic
911 2198 1076 2278 frequens
1101 2195 1170 2274 est)
1190 2195 1367 2257 insumere

153 2305 265 2384 solent,
279 2306 415 2370 ieiunos
429 2307 501 2370 iam
525 2307 570 2371 ad
595 2307 803 2371 concionem
824 2317 860 2370 et
884 2306 1074 2369 missarum
1098 2318 1292 2383 properare
1314 2317 1368 2362 so·

152 2411 282 2476 lemnia:
296 2414 376 2477 hinc
392 2423 476 2494 quot
490 2423 639 2494 peccata
664 2431 685 2476 a
701 2414 819 2477 multis
838 2412 953 2490 anniS,
980 2411 1117 2486 timore,
1134 2406 1365 2485 verecundia,

152 2535 190 2580 ac
202 2520 322 2599 supina
332 2520 486 2600 quadam
497 2521 711 2599 ignorantia,
725 2519 924 2583 confitenda
935 2516 1142 2598 prodierint,
1156 2530 1366 2578 enumerare
1403 2557 1406 2562 <

154 2641 216 2687 non
226 2643 374 2705 possem,
388 2627 545 2688 maxime
555 2627 594 2689 in
601 2631 746 2706 peccato
755 2625 928 2688 luxuriae
939 2629 973 2687 at
982 2622 1195 2701 r'nrnstr'tz'ac,
1205 2621 1244 2683 in
1255 2619 1267 2650 ³
1278 2636 1369 2700 qaae

156 2732 286 2811 saeptas
302 2733 401 2795 moui
412 2733 451 2795 in
462 2734 643 2810 concinna·
656 2733 750 2797 vnde
764 2731 1048 2813 frequentissime
1063 2727 1275 2809 repetendae
1287 2735 1368 2789 sunt

156 2839 392 2904 confessiones:
409 2858 481 2903 non
496 2840 622 2904 desunt
637 2841 695 2922 qui
711 2840 850 2920 viginti,
864 2840 924 2903 alii
936 2838 1082 2918 triginta
1098 2846 1132 2899 et
1151 2835 1191 2898 40
1205 2851 1318 2897 annos
1332 2833 1369 2896 in

154 2945 324 3027 adulterio,
347 2947 549 3027 sacrilegio,
576 2947 725 3025 incestu,
752 2947 899 3026 aliisque
925 2944 1188 3008 nefandissimis
1207 2941 1369 3006 luxuriae

156 3051 265 3116 vixere
287 3053 461 3133 peccatiS,
489 3054 533 3116 de
557 3054 684 3135 quibus
705 3071 887 3134 nunquam
914 3043 1174 3116 confessionem
1194 3049 1367 3126 fecerant,

156 3159 256 3222 solum
271 3161 336 3223 hoc
350 3177 416 3241 pro
431 3161 659 3224 excusatione
684 3162 871 3238 habenteS,
898 3159 992 3239 quod
1013 3159 1085 3221 iam
1107 3155 1251 3222 tandem
1265 3155 1367 3234 rigor

153 3266 351 3332 concionum
365 3277 580 3346 nostrarum,
596 3269 831 3349 frequensque
842 3283 967 3330 earum
978 3265 1168 3328 inculcatio
1180 3264 1369 3342 scrupulos

155 3387 286 3436 mouere
300 3375 426 3455 coepit.
443 3374 536 3438 Hinc
551 3374 710 3456 estquod
725 3374 769 3437 ab
781 3391 824 3436 eo
836 3383 1007 3454 tempore,
1030 3388 1100 3452 quo
1115 3371 1173 3434 hic
1188 3387 1278 3449 sum,
1296 3369 1370 3434 fere

154 3477 303 3558 singulis
320 3481 443 3544 diebus
464 3482 639 3562 aliquibus
659 3497 680 3542 a
705 3479 929 3544 confessione
954 3478 1015 3553 fui;
1038 3477 1132 3559 quod
1154 3477 1296 3557 quidem
1311 3475 1369 3538 hic

156 3600 274 3648 nouum
286 3597 318 3650 et
333 3587 530 3651 inauditum
545 3597 609 3664 est,
626 3587 916 3649 communitatem
934 3596 1036 3649 extra
1055 3583 1370 3666 quadragesimam

156 3691 312 3774 confiteri,
328 3705 469 3774 praeter
484 3711 587 3758 senes
601 3704 635 3757 et
650 3695 798 3758 denotas
810 3695 944 3775 aliquot
956 3710 1137 3774 personas,
1153 3690 1292 3771 quaein
1302 3687 1370 3752 Na·

156 3797 281 3863 tiuitate
298 3800 443 3864 Domini
458 3801 616 3865 confiteri
632 3803 761 3878 solent,
777 3802 855 3864 aliis
874 3801 1093 3881 temporibus
1114 3807 1256 3879 praeter
1271 3812 1370 3874 prae·

156 3914 294 3982 gnantes
311 3909 385 3971 fere
405 3910 532 3972 nullae.
556 3908 657 3974 Hanc
686 3919 805 3972 autem
826 3908 1082 3989 negligentiam
1106 3903 1294 3968 emendare
1321 3902 1370 3964 in·

156 4013 324 4092 coepimus
338 4015 544 4078 inducentes
554 4016 687 4095 aliquot
699 4015 744 4078 ad
756 4015 1030 4094 frequentiorem
1042 4011 1312 4087 confessionem,
1328 4008 1371 4071 de

156 4118 272 4198 quibus
283 4121 440 4185 estill.¹¹¹²
454 4119 535 4184 ΠΜ
546 4121 735 4186 Comitissa
746 4121 1043 4199 Hoechstratana,
1061 4121 1160 4183 cuius
1168 4117 1370 4196 exemplum

156 4235 289 4291 secutae
301 4239 383 4291 sunt
399 4229 541 4310 circiter
559 4229 685 4309 viginti
704 4229 841 4291 nobiles
860 4228 1030 4308 virgines,
1054 4227 1184 4290 viduae
1203 4232 1238 4288 et
1253 4224 1371 4288 coniu-

155 4340 263 4412 gatae,
281 4342 351 4398 tam
367 4335 410 4398 de
436 4345 554 4398 castro
570 4353 676 4415 quam
698 4335 742 4398 de
764 4335 919 4399 ciuitatis
927 4333 1106 4413 primatu,
1131 4349 1211 4396 cum
1226 4331 1371 4409 ciuium,

191 4573 197 4602 ¹
226 4572 386 4622 Vocabulum
396 4576 452 4628 froc,
464 4576 530 4630 quod
540 4575 668 4620 Polancus
678 4587 754 4620 verso
766 4578 866 4620 calamo
877 4575 982 4628 delevit,
993 4579 1025 4618 lia
1030 4575 1063 4618 ud
1073 4574 1150 4618 facilc
1160 4573 1212 4627 legl
1222 4578 1318 4628 potest.

192 4645 203 4674 ¹
228 4644 379 4693 Comitissae
394 4648 425 4690 de
443 4645 666 4702 llooglrstraeten,
683 4647 771 4703 oppidi
794 4647 941 4701 Culenborg
956 4645 1084 4691 dominae.
1102 4639 1170 4688 Vide
1188 4655 1276 4699 supra,
1296 4651 1314 4688 t.
1334 4654 1373 4698 ιιι,

158 4727 212 4770 Ρῑε.
220 4717 269 4773 633,
280 4729 362 4764 annot.
373 4721 397 4764 5.

192 4788 203 4818 ⁸
231 4789 308 4834 vocis
320 4792 394 4845 liujus
405 4793 434 4835 in
444 4791 583 4844 vestigium
595 4792 722 4845 quoddam
731 4799 849 4847 apparet,
860 4801 888 4837 at
899 4795 956 4836 leve
967 4794 1054 4838 nimis.
