3578 5534
373 556 410 614 72
762 557 933 618 erraaaa
952 575 1223 628 Quarrmuasraas

382 719 540 766 amorem
564 704 818 784 impellentem,
845 704 949 769 modo
970 706 1107 770 avitiis
1131 704 1367 768 deterrentem
1392 712 1413 769 ¹.
1437 709 1471 767 et
1486 721 1608 784 quom·

380 808 439 870 uis
465 810 513 871 ud
546 816 695 874 nostros
727 811 895 876 lectiones
925 813 1039 892 pauci
1068 818 1132 875 out
1165 812 1262 874 nulli
1285 813 1455 875 accedant
1490 812 1605 892 (quia

378 933 505 979 reuera
528 935 600 980 non
620 925 708 981 sunt
728 936 838 999 neque
856 920 895 982 in
916 920 1045 999 oppido
1066 937 1176 1000 neque
1193 920 1231 981 in
1251 917 1382 999 templo
1401 916 1607 998 lauretano,

379 1023 442 1102 qui
454 1023 588 1087 litteris
602 1042 733 1089 vacare
751 1027 895 1090 omnino
906 1025 1069 1106 possint)
1084 1031 1186 1106 patet
1207 1033 1326 1090 tamen
1350 1025 1512 1088 omnibus
1530 1025 1604 1088 adi·

380 1135 454 1209 tus,
461 1131 626 1212 facitque
640 1132 834 1210 collegium
848 1134 943 1213 quod
955 1133 993 1196 in
1005 1152 1043 1198 so
1056 1139 1122 1197 est.

441 1237 562 1320 Neque
583 1239 724 1304 interim
745 1241 923 1305 interioris
942 1240 1095 1304 hominis
1120 1259 1274 1321 suaeque
1293 1241 1494 1304 vocationis
1512 1239 1607 1320 quis-

380 1363 487 1426 quam
501 1347 641 1411 videtur
656 1348 851 1422 immemor,
873 1347 935 1410 sed
950 1365 1030 1411 cum
1046 1349 1142 1411 omni
1157 1349 1385 1426 subiectione,
1402 1346 1605 1427 simplicita-

379 1468 426 1534 te,
443 1454 642 1518 obedientia
656 1464 691 1517 et
707 1455 850 1535 spiritus
865 1454 1017 1532 feruore,
1034 1453 1111 1518 Deo
1126 1464 1160 1518 et
1175 1454 1373 1518 hominibus
1387 1471 1427 1517 se
1438 1453 1605 1516 exhibent

380 1561 560 1640 gratiosos
575 1569 609 1623 et
623 1560 959 1641 irreprehensibiles,
977 1560 1055 1640 Quo
1071 1562 1178 1625 etiam
1192 1561 1230 1624 fit
1252 1572 1302 1638 vt,
1325 1560 1462 1641 quoties
1476 1561 1522 1622 sit
1536 1559 1608 1622 illis

382 1685 426 1730 ex
451 1667 648 1730 obedientia
673 1667 918 1748 prodeundum
943 1669 978 1730 in
1004 1668 1193 1746 publicum,
1215 1685 1285 1731 non
1310 1668 1424 1730 solum
1450 1666 1607 1729 adstanti

381 1773 596 1838 multitudini
609 1775 785 1854 placeant,
803 1773 863 1836 sed
879 1775 987 1836 etiam
1005 1775 1183 1838 mirabiles
1198 1783 1232 1837 et
1247 1775 1343 1838 omni
1357 1774 1459 1838 laude
1474 1772 1605 1852 dignis·

378 1881 458 1946 simi
473 1882 683 1945 habeantur.

443 1988 482 2052 In
498 1989 628 2068 templo
643 1989 749 2050 etiam
765 1987 920 2068 quotidie
936 1987 977 2050 R.
991 1987 1028 2050 P.
1042 1987 1211 2067 Montoya
1224 1987 1406 2068 profitetur
1419 1988 1605 2052 lectionem

384 2112 531 2158 casuum
546 2095 796 2173 conscientiae,
813 2097 870 2158 cui
885 2095 1059 2158 intersunt
1073 2095 1187 2158 nostri
1202 2111 1324 2158 omnes
1338 2094 1552 2171 sacerdotes
1569 2103 1606 2157 et

382 2202 538 2266 maxima
553 2219 638 2282 pars
653 2201 903 2264 canonicorum
919 2210 953 2263 et
969 2201 1118 2264 aliorum
1134 2200 1433 2281 presbyterorum.

442 2307 548 2371 Pater
564 2309 670 2372 etiam
684 2307 814 2371 Rector
836 2308 998 2371 omnibus
1013 2308 1135 2370 diebus
1150 2307 1336 2371 dominicis
1351 2318 1385 2371 et
1399 2307 1498 2370 lestis
1519 2308 1607 2387 legit

382 2415 569 2495 epistolam
580 2415 625 2478 ad
637 2413 851 2478 Corinthios:
865 2433 909 2477 ex
922 2414 1103 2494 utriusque
1118 2414 1297 2477 laboribus
1309 2415 1476 2493 dignatur
1487 2413 1604 2478 Domi·

381 2539 448 2584 nus
463 2539 533 2584 non
547 2521 762 2584 mediocrem
776 2520 928 2584 fructum
945 2521 1123 2600 colligere.

442 2626 571 2691 Noster
585 2628 692 2691 etiam
707 2629 936 2691 concionator
951 2626 973 2706 ²,
990 2628 1097 2690 certis
1116 2627 1341 2707 temporibus,
1359 2627 1482 2707 optimi
1496 2628 1607 2690 eccle·

381 2734 517 2798 siastici
533 2752 660 2798 munus
675 2743 827 2813 exercet,
841 2752 884 2796 ac
900 2735 1063 2815 relinquit
1077 2735 1113 2796 in
1130 2734 1256 2797 animis
1271 2734 1452 2798 hominum
1466 2752 1537 2797 non
1552 2751 1605 2796 so·

382 2841 454 2904 lum
466 2841 606 2922 pietatis
617 2851 652 2904 et
667 2841 850 2906 doctrinae
865 2841 1078 2920 opinionem,
1092 2841 1154 2903 sed
1166 2842 1272 2904 etiam
1284 2839 1449 2904 fructum.
1465 2839 1508 2903 Et
1523 2841 1607 2920 quia

382 2966 504 3012 omnes
516 2949 562 3011 ad
576 2949 744 3028 templum
757 2965 827 3011 non
839 2947 1031 3025 confluunt,
1046 2947 1229 3010 mittuntur
1241 2946 1285 3009 ad
1298 2949 1434 3028 plateas
1450 2949 1608 3010 nonnulli

381 3073 427 3118 ex
442 3054 622 3134 fratribuS,
639 3055 698 3134 qui
714 3055 848 3118 otiosae
868 3052 1082 3117 multitudini
1101 3053 1299 3132 spiritualia
1314 3053 1529 3118 charismata
1545 3055 1605 3116 irn-

384 3161 594 3241 partiantur,
616 3173 656 3224 vt
675 3172 709 3224 et
730 3161 799 3242 ipsi
824 3161 869 3223 ad
888 3161 1031 3240 nuptias
1050 3159 1188 3239 gratiae
1213 3157 1281 3223 Dei
1303 3159 1441 3238 ingredi
1456 3160 1607 3239 compel-

382 3269 512 3330 lantur.

444 3373 583 3455 Reliqui
597 3393 683 3438 vero
697 3385 828 3456 patres,
845 3376 953 3438 immo
968 3391 1091 3438 omnes
1102 3374 1207 3437 simul
1217 3374 1355 3455 quoties
1369 3390 1459 3453 opus
1472 3380 1526 3436 est
1541 3372 1609 3451 (est

382 3491 500 3544 autem
515 3498 604 3561 opus
622 3481 696 3545 sere
711 3483 878 3562 semper),
895 3491 1009 3545 totum
1029 3499 1117 3562 pene
1133 3481 1201 3545 diei
1220 3491 1358 3560 tempus
1373 3480 1408 3542 in
1424 3478 1607 3543 Poeniten·

380 3587 487 3651 tiaria
502 3599 625 3652 sancte
641 3598 675 3651 et
691 3588 912 3652 laudabiliter
924 3591 1137 3668 transigunt.
1150 3587 1224 3651 Iam
1239 3588 1332 3651 enim
1343 3595 1456 3652 totum
1470 3587 1611 3667 pondus

380 3694 639 3758 audiendarum
667 3695 929 3758 confessionum
958 3695 994 3758 in
1022 3706 1222 3759 nostrorum
1252 3695 1418 3757 humeros
1446 3693 1607 3772 vergisse

380 3801 533 3880 videtur,
561 3819 642 3865 cum
668 3800 772 3881 pauci
798 3801 882 3879 sint,
907 3801 966 3879 qui
991 3820 1062 3865 non
1082 3801 1205 3864 malint
1224 3801 1357 3864 nostris
1370 3799 1488 3880 potius
1501 3815 1609 3879 quam

383 3907 463 3971 aliis
475 3907 647 3971 confiteri.
661 3907 764 3971 Vnde
776 3909 883 3972 etiam
895 3907 934 3970 fit
944 3917 983 3971 vt
992 3910 1182 3972 multorum
1190 3909 1362 3971 bonorum
1375 3923 1484 3970 causa
1495 3906 1609 3969 nostri

382 4014 547 4094 existant,
565 4025 709 4095 propter
724 4015 903 4094 ingentem
918 4025 952 4078 et
968 4015 1147 4079 assiduum
1168 4031 1391 4092 concursum,
1408 4030 1479 4076 non
1494 4014 1608 4076 solum

381 4121 664 4201 peregrinorum,
689 4139 734 4184 ex
755 4120 958 4201 longinquis
979 4121 1184 4200 regionibus
1203 4131 1236 4184 et
1262 4119 1455 4201 prouinciis
1480 4118 1611 4183 aduen-

381 4226 545 4305 tantium,
568 4228 630 4291 sed
651 4227 850 4290 vicinarum
875 4227 981 4290 etiam
1007 4227 1203 4306 ciuitatum,
1220 4228 1291 4308 qui,
1309 4228 1366 4289 vel
1384 4225 1486 4290 suani
1504 4243 1608 4307 expe·

382 4333 511 4396 rientia
527 4335 584 4396 vel
598 4333 748 4414 publicis
763 4333 963 4397 rumoribus
979 4333 1138 4414 permoti,
1152 4335 1197 4397 ad
1208 4343 1362 4411 nostroS,
1379 4342 1549 4413 tanquam
1563 4334 1610 4397 ad

382 4439 619 4503 certissimum
637 4440 921 4521 tutissimumque
941 4457 1085 4504 suarum
1098 4440 1341 4504 infirmitatum
1354 4439 1611 4505 molestiarum·

384 4562 452 4626 que
469 4546 705 4626 spiritualium
720 4545 911 4627 refugium,
929 4547 1083 4626 quotidie
1098 4550 1299 4611 conuolant.

423 4715 432 4748 ¹
462 4717 491 4758 in
503 4715 622 4760 medium
631 4715 749 4771 prodire.
759 4714 901 4760 Patiscus.

423 4789 434 4822 ¹
466 4787 495 4832 P.
505 4787 617 4842 Jounnes
628 4787 783 4832 Laurentius
794 4787 941 4832 Patarlnns.
