3436 5526
495 489 665 550 Aooaaoa
683 505 715 548 ru
735 503 822 548 rouo
843 503 990 548 sacuuoo
1303 483 1360 546 639

125 636 313 715 Dominus,
337 637 397 717 qui
415 635 518 699 uiuos
537 646 687 700 mortem
708 635 795 699 lacit
816 635 957 713 sentire,
985 643 1020 698 et
1045 643 1204 698 mortuos
1227 635 1355 698 reuiui-

125 745 243 808 scerel

190 851 296 915 Pater
309 849 562 931 utplurimum
579 849 587 881 ¹
608 851 644 914 in
663 849 813 930 collegio
834 849 957 914 diebus
978 849 1166 914 dominicis
1187 865 1230 912 ac
1255 849 1356 912 lestis

128 957 175 1022 ad
191 957 358 1038 populum
374 958 617 1036 concionatur,
637 967 673 1020 et
695 964 950 1037 saepenumero
966 954 978 988 ¹
999 957 1034 1019 in
1053 973 1191 1020 summo
1210 957 1354 1036 templo,

125 1081 212 1129 cum
226 1074 325 1128 tanta
339 1065 531 1144 hominum,
548 1075 583 1128 et
597 1065 758 1129 virorum
771 1065 960 1128 illustrium
980 1081 1023 1127 ac
1047 1062 1274 1127 sacerdotum
1295 1063 1353 1125 ad·

126 1171 330 1248 miratione,
345 1181 385 1236 vt
399 1173 512 1251 plenis
526 1173 681 1252 vndique
695 1173 763 1236 uiis
778 1171 824 1235 ad
838 1187 917 1234 eum
933 1169 1164 1234 eatur-Hunc
1179 1171 1290 1233 solem
1304 1171 1353 1234 lu·

127 1293 281 1360 namque
300 1279 446 1358 iaciunt,
467 1279 682 1360 summisque
702 1278 864 1342 laudibus
881 1277 1056 1358 (quamuis
1078 1277 1114 1340 in
1135 1277 1270 1358 pulpito
1290 1293 1354 1340 eos

126 1385 259 1450 acriter
273 1385 521 1466 reprehendat)
536 1403 642 1466 super
656 1396 752 1450 astra
772 1384 901 1448 ierunt.
924 1383 1094 1448 Mirarere
1118 1385 1150 1448 si
1170 1384 1352 1448 hominum

127 1492 362 1574 frequentiam
390 1493 426 1557 in
451 1494 621 1558 sumendo
646 1493 864 1557 diuinissimo
890 1493 1050 1573 corporis
1074 1491 1205 1556 Christi
1234 1507 1351 1555 sacra·

127 1609 249 1664 mento
264 1617 440 1678 cerneres
456 1601 487 1664 si
502 1617 523 1664 a
537 1599 621 1664 ludo
636 1601 817 1664 hominum
828 1610 984 1663 semotos
996 1599 1144 1678 animos
1158 1599 1188 1662 si
1198 1605 1353 1679 pacatas

126 1708 378 1786 detractiones,
395 1708 425 1770 si
440 1716 551 1771 totum
567 1705 579 1737 ³
594 1707 807 1787 reipublicae
823 1716 953 1770 statum
969 1707 1135 1787 quietum,
1158 1707 1188 1769 si
1206 1716 1351 1770 nostrae

125 1814 312 1894 religionis
325 1824 574 1896 persecutores
589 1829 683 1876 nttnc
697 1811 709 1844 ⁴
724 1813 866 1877 tandem
881 1819 955 1876 tam
969 1820 1089 1893 paruo
1104 1820 1262 1893 tempore
1276 1812 1350 1877 lau-

126 1930 226 1984 tores
240 1921 366 1985 factos.
382 1921 483 1986 Unde
498 1937 631 2002 quaeso
646 1919 658 1952 ⁸
674 1936 871 1996 μεταμορφωως
888 1931 922 1983 et
944 1928 1016 1984 tam
1040 1936 1170 1999 magna
1189 1921 1352 1984 mutatio?

125 2027 279 2092 Audies:
295 2027 399 2092 Pater
415 2027 586 2107 Baptista,
604 2037 751 2106 rogatus
765 2028 809 2090 ab
823 2027 1015 2108 Episcopo,
1032 2028 1068 2090 in
1089 2028 1219 2109 templo
1240 2029 1350 2093 maxi-

124 2152 185 2198 mo
199 2144 255 2199 est
268 2134 509 2207 concionatus.
523 2149 604 2198 cum
614 2133 812 2214 Episcopus
824 2152 904 2198 cum
915 2151 1052 2198 summa
1064 2152 1194 2216 pompa
1207 2151 1349 2199 sacrum

122 2242 276 2306 faceret:
292 2242 373 2305 hinc
388 2251 552 2321 coeptum
566 2254 620 2304 est
635 2241 813 2304 hominum
829 2241 947 2305 odium
961 2241 1181 2320 r'mmutari⁸,
1195 2243 1277 2306 hinc
1289 2242 1349 2306 de-

124 2359 303 2413 tractores
317 2348 475 2429 procliuc
489 2348 670 2428 ingenium
690 2348 734 2410 ad
755 2348 1033 2412 maledicendum
1053 2359 1247 2428 mutarunt,
1266 2350 1348 2413 hinc

122 2455 198 2519 ludi
213 2456 341 2536 gratia
352 2454 654 2518 Domr'm'nostrt'¹
670 2455 751 2518 odio
768 2465 848 2519 sunt
863 2455 985 2534 habiti,
1008 2457 1097 2519 coeli
1117 2473 1160 2520 ac
1180 2458 1350 2538 temporis

122 2563 266 2640 iniuria,
294 2579 385 2644 quae
404 2571 510 2626 antea
529 2562 709 2626 hominum
730 2571 866 2626 mentes
889 2563 1114 2642 perturbatas
1135 2565 1289 2642 tenebat,
1313 2565 1349 2627 in

122 2670 455 2752 tranquillissimam
470 2670 563 2733 aeris
578 2669 783 2749 temperiem
797 2678 851 2732 est
865 2679 1017 2733 mutata:
1042 2671 1215 2734 mirantur
1234 2671 1349 2751 plebei

122 2777 298 2855 homines
315 2777 487 2841 mirantur
503 2776 664 2857 orphani,
682 2775 854 2840 mirantur
866 2775 1016 2856 denique
1027 2794 1202 2857 pauperes
1213 2787 1349 2842 tantam

121 2885 282 2963 gratiam
295 2894 367 2947 tam
383 2884 500 2947 subito
514 2882 557 2946 de
576 2885 676 2947 coelo
691 2883 883 2963 delapsam.
901 2881 969 2946 Sed
989 2881 1034 2945 ad
1057 2884 1126 2948 alia
1145 2901 1347 2966 pergamus.

186 2989 315 3055 Mulier
333 2990 607 3071 Concentaynae
629 2987 758 3054 Comes
779 2990 824 3053 ad
847 2989 987 3079 Patrem
1009 2989 1021 3021 ⁸
1042 2992 1228 3072 epistolam
1250 2991 1349 3056 sestis

121 3097 304 3162 Natalitiis
317 3099 469 3178 scripsit,
487 3107 526 3161 vt
541 3115 583 3161 eo
598 3098 847 3162 concionatum
863 3115 901 3160 se
916 3098 1108 3176 conterret3
1133 3115 1258 3162 verum
1277 3117 1349 3164 ma·

119 3205 186 3269 luit
202 3204 398 3270 Gandiensi
412 3207 541 3285 populo
562 3215 658 3268 stare
679 3205 875 3284 promissis.
897 3204 986 3269 Sunt
1007 3206 1115 3269 etiam
1137 3218 1171 3270 et
1194 3205 1349 3271 Concen·

118 3323 255 3393 taynae
280 3312 456 3391 permulti,
477 3312 536 3392 qui
561 3311 672 3374 alacri
697 3311 814 3374 animo
840 3312 886 3375 ad
907 3311 1166 3376 diuinissimum
1188 3316 1349 3394 corporis

118 3417 256 3483 Christi
271 3428 535 3482 sacramentum
550 3417 744 3482 accedunt:
760 3417 867 3482 Pater
882 3418 974 3482 enim
990 3437 1071 3482 cum
1085 3435 1128 3482 eo
1138 3421 1350 3500 peregrinus

118 3543 159 3589 se
174 3525 394 3602 contulisset,
417 3525 648 3588 concionibus
669 3541 860 3605 suspensas
880 3525 1020 3588 illorum
1039 3535 1176 3590 mentes
1195 3528 1347 3608 reliquit.

118 3631 287 3698 Sentiunt
302 3632 372 3696 iam
387 3630 609 3696 Gandienses
629 3629 746 3695 Patris
766 3631 963 3696 discessum
985 3644 1143 3714 tempore
1163 3637 1347 3714 proximae

119 3738 432 3819 quadragesimae,
452 3738 512 3818 qui
537 3737 581 3802 ad
601 3737 779 3818 quoddam
804 3739 958 3802 vicinum
979 3738 1158 3821 oppidum,
1182 3740 1349 3822 frequens

117 3845 265 3926 quidem
280 3855 314 3909 et
329 3861 569 3922 numerosum,
586 3845 793 3908 concionari
809 3846 968 3910 decrevit
983 3844 1006 3910 ⁹.

159 4017 168 4048 Ι
200 4012 299 4057 Noster
309 4013 388 4058 Pater
397 4012 524 4066 Baptista
536 4014 655 4068 saeptus.
666 4013 809 4057 Porsncus.

157 4085 170 4116 ¹
199 4084 404 4138 aliquantula.

155 4155 168 4188 ⁸
195 4157 219 4200 sl
229 4157 334 4210 sopttas
342 4157 526 4209 detractiones,
537 4156 558 4200 sl
570 4163 652 4201 torum
662 4157 751 4200 huius.
762 4156 799 4201 Io.

155 4231 168 4262 ὁ
197 4227 315 4272 tamin.

154 4299 167 4332 ⁵
196 4311 294 4354 quaeso
303 4300 377 4345 haec.
387 4299 425 4344 In.

154 4370 168 4402 θ
196 4371 349 4426 ααροηΗο.

156 4443 168 4475 ¹
194 4447 317 4498 propter.
328 4443 427 4489 x.·1r›.

153 4511 168 4548 ⁸
198 4515 305 4559 Patrem
315 4515 530 4571 Baptistanr.10.

155 4581 169 4613 ⁹
198 4585 248 4630 lile
259 4587 417 4631 interlineas
431 4589 537 4643 scripsit
548 4589 675 4633 Polsncus
685 4588 828 4640 hactenus·
842 4601 907 4644 quse
920 4601 979 4642 vox.
993 4593 1114 4645 quonlam
1129 4595 1226 4638 nullum
1240 4595 1351 4639 lsicseo·

114 4667 175 4701 sum
187 4657 208 4702 sl
218 4667 265 4700 sut
276 4659 491 4712 praecedentibus
498 4668 545 4704 snt
555 4660 721 4716 sequentibus
730 4660 894 4713 adnectatur,
908 4661 996 4715 habet,
1008 4663 1065 4708 ideo
1080 4669 1183 4709 tantum
1197 4666 1296 4721 scripta
1311 4668 1348 4710 vi·

113 4730 197 4772 detur
206 4737 235 4772 ut
246 4729 370 4774 librarlns
378 4731 514 4784 sequentis
523 4731 556 4776 sd
566 4730 641 4775 finem
652 4742 731 4788 usqne
740 4732 867 4785 epistolae
875 4735 1107 4787 praetermitteret.
