3578 5534
363 487 411 552 ³9⁴
760 487 933 553 errunaa'
951 493 1221 560 Quno'munsrnus

373 639 435 702 alii
448 654 547 715 vero,
561 638 624 716 qui
638 638 683 700 ad
697 637 734 702 id
755 637 969 702 sufficientes
987 638 1057 701 visi
1076 647 1158 701 sunt
1168 686 1186 716 ,1
1201 646 1350 718 accepta
1371 655 1392 700 a
1412 634 1602 717 Superiore

371 745 552 820 facultate,
570 744 776 822 praedicare
797 755 832 808 et
852 744 1092 808 consessiones
1114 743 1238 808 audire
1259 754 1462 825 coeperunt.
1486 743 1525 807 ln
1548 743 1609 808 ho·

369 851 502 932 spitali,
520 867 588 932 quo
601 868 722 914 sumus
734 851 884 932 excepti,
900 848 1076 915 a'udiendo
1087 850 1308 915 infirmorum
1320 865 1513 931 pauperum
1527 868 1609 915 con·

373 957 566 1034 sessioneS,
602 956 837 1022 confortando
878 957 1111 1037 agonizantes
1146 965 1181 1020 et
1213 957 1414 1038 sepeliendo
1449 967 1609 1021 mortuos

371 1065 559 1144 (quantum
582 1063 616 1126 id
632 1081 722 1145 opus
734 1064 823 1142 erat)
838 1063 946 1128 credo
960 1063 1169 1143 praestitum
1183 1063 1291 1128 luisse
1306 1062 1460 1128 Domino
1475 1063 1608 1146 aliquid

371 1169 483 1249 grati
497 1169 697 1250 obsequii&

435 1276 554 1341 Nihilo
570 1277 709 1342 minora
724 1277 802 1341 istis
817 1277 950 1341 referre
964 1295 1117 1358 possem,
1135 1287 1218 1341 acta
1234 1278 1270 1342 in
1281 1278 1419 1359 oppidis
1431 1277 1609 1342 Carmona

372 1393 411 1448 et
425 1383 569 1462 Vtrera,
591 1401 660 1464 quo
681 1401 763 1447 cum
781 1384 973 1449 desiderati
991 1385 1104 1449 nostri
1128 1394 1163 1448 et
1184 1401 1298 1466 saepe
1318 1385 1477 1465 requisiti
1495 1385 1609 1448 venis·

371 1500 464 1569 sent,
481 1507 502 1552 a
518 1506 648 1570 magno
664 1507 839 1555 concursu
854 1501 888 1554 et
903 1508 984 1555 cum
998 1491 1097 1554 uberi
1112 1491 1231 1555 fructu
1246 1489 1359 1556 auditi
1370 1502 1469 1556 suut:
1485 1500 1610 1572 postea

376 1597 518 1661 videres
533 1597 779 1661 condonantes
794 1597 948 1662 inuicem
963 1597 1081 1662 illatas
1095 1595 1259 1678 injuriaS,
1275 1607 1466 1678 erogantes
1481 1615 1610 1678 paupe·

373 1704 473 1768 ribus
488 1705 546 1766 vel
561 1705 710 1766 alteram
725 1703 894 1784 tunicam,
911 1704 1159 1768 comburentes
1183 1705 1329 1768 chartas
1349 1713 1385 1768 et
1403 1704 1611 1768 inhonestas

373 1820 412 1874 et
425 1811 558 1891 pictas;
582 1810 709 1891 quibus
730 1811 931 1891 conspectis
949 1820 1100 1892 vterque
1118 1813 1272 1892 populus
1292 1821 1416 1892 petunt
1436 1812 1609 1876 instanter

374 1917 515 1997 aliquos
540 1934 585 1980 ex
610 1917 764 1997 nostris,
793 1917 981 1982 offerentes
1006 1917 1102 1982 vitae
1126 1918 1346 1983 necessaria.
1369 1918 1532 1999 Denique
1557 1935 1608 1982 se·

375 2024 494 2088 cunda
509 2024 565 2087 die
581 2025 773 2104 paschatis
790 2026 946 2103 peractis
959 2023 1017 2087 hic
1031 2024 1312 2089 confessionibus
1329 2035 1363 2088 et
1377 2025 1609 2106 praedicatio·

375 2131 493 2210 nibus,
510 2131 660 2211 proiecti
675 2141 756 2194 sunt
772 2142 926 2212 quatuor
940 2149 985 2196 ex
999 2133 1132 2195 nostris
1146 2133 1194 2194 ad
1208 2131 1220 2162 ¹
1237 2131 1388 2196 finitima
1402 2134 1492 2207 loca,
1516 2132 1611 2215 quod

373 2249 412 2301 et
427 2236 613 2318 oppidanis
628 2237 693 2301 suit
708 2253 839 2318 magno
856 2238 996 2314 solatio,
1013 2247 1048 2301 et
1067 2238 1333 2318 hispalensibus
1348 2239 1479 2302 nostris
1500 2240 1612 2304 maxi-

374 2361 456 2408 mae
471 2343 719 2422 aedificationi,
737 2353 858 2424 vtpote
873 2345 932 2424 qui
947 2343 1013 2408 sibi
1028 2355 1288 2424 persuaserunt
1303 2345 1407 2409 finem
1422 2342 1612 2409 Societatis

371 2468 446 2514 non
461 2453 575 2514 solum
591 2467 669 2514 esse
684 2450 839 2514 residere
855 2450 891 2514 in
906 2451 1112 2514 civitatibus
1128 2453 1279 2531 magnis

436 2557 535 2621 Illam
550 2565 687 2622 tantum
702 2575 747 2620 ex
761 2558 881 2621 multis
896 2558 1059 2638 miseriis,
1076 2559 1203 2639 quibus
1220 2558 1398 2624 Dominus
1412 2559 1612 2624 misericor·

372 2665 467 2729 diter
490 2682 592 2744 opem
616 2665 706 2728 serre
728 2664 895 2745 dignatus
917 2675 971 2728 est
990 2665 1080 2730 inter
1101 2667 1418 2746 peregrinandum,
1446 2667 1610 2732 reseram.

372 2771 650 2852 Computruerat
671 2770 845 2852 quaedam
865 2771 902 2834 in
924 2772 1147 2852 grauissimis
1171 2773 1341 2852 peccatis,
1369 2773 1495 2853 quibus
1516 2783 1613 2837 totos

374 2887 459 2942 octo
474 2896 587 2942 annos
602 2889 677 2942 erat
691 2877 829 2942 irretita
844 2887 878 2941 et
892 2879 1091 2958 vulnerata,
1109 2879 1212 2943 cuius
1230 2881 1378 2943 morbus
1398 2897 1441 2943 eo
1463 2889 1540 2944 erat
1561 2880 1611 2944 in·

373 2985 577 3063 curabilior,
605 3003 674 3066 quo
699 2985 846 3049 medicis
871 2985 1117 3064 spiritualibus
1144 2986 1328 3050 occultior.
1352 2985 1499 3050 Vtinam
1522 3003 1612 3050 nun·

372 3110 484 3174 quam
498 3092 581 3155 mihi
597 3093 764 3156 excidant
778 3093 911 3171 animo,
928 3108 1019 3172 quae
1033 3111 1078 3156 ex
1092 3092 1166 3156 hoc
1180 3093 1320 3172 collegi,
1332 3109 1438 3173 quam
1449 3103 1552 3156 caute
1564 3093 1611 3156 sit

373 3199 639 3279 poenitentibus
652 3198 739 3264 fides
754 3199 934 3278 habenda,
952 3217 1058 3280 quam
1081 3200 1230 3264 indubie
1251 3201 1298 3263 sit
1317 3200 1457 3265 diuinae
1478 3200 1613 3264 miseri-

372 3305 456 3368 diae
480 3305 669 3382 fidendum,
696 3323 786 3386 quae
811 3305 864 3368 sic
884 3315 1029 3384 reparat
1053 3323 1145 3386 quae
1175 3323 1322 3386 serpens
1344 3305 1535 3386 dextruxit,
1561 3307 1614 3372 sic

377 3411 519 3474 vincula
535 3412 641 3474 soluit
656 3428 748 3490 quae
762 3412 819 3474 ille
834 3411 994 3475 tetendit.
1009 3411 1228 3476 Tetenderat
1245 3422 1366 3476 autem
1381 3413 1417 3476 in
1432 3413 1500 3478 hac
1511 3431 1550 3476 re
1561 3423 1615 3476 tot

372 3519 530 3598 taliaque
551 3517 650 3596 retia,
671 3527 710 3581 vt
730 3517 761 3580 si
782 3519 963 3598 publicare
986 3519 1160 3599 potuisset
1185 3534 1283 3600 quae
1308 3521 1442 3582 iecerat
1461 3520 1612 3600 occulta,

374 3622 592 3688 exhibuisset
607 3623 809 3687 videntibus
830 3624 990 3687 mirabile
1012 3627 1266 3705 spectaculum,
1304 3625 1423 3706 qualia
1446 3625 1615 3690 exhibere

373 3732 412 3794 in
427 3731 482 3796 bis
497 3731 656 3811 partibus
671 3731 856 3795 consueuit
871 3730 916 3794 ad
932 3730 1161 3795 deterendum
1176 3733 1273 3813 quod
1288 3732 1324 3795 in
1345 3733 1424 3814 ipso
1447 3743 1541 3796 esset
1562 3733 1613 3796 di·

376 3839 499 3902 uinum
514 3836 696 3916 bonorem,
713 3845 747 3900 et
767 3837 970 3918 opinionem
990 3837 1046 3902 bis
1066 3836 1245 3918 debitam,
1267 3839 1328 3919 qui
1348 3839 1520 3904 virtutum
1542 3850 1613 3903 stu·

373 3946 445 4009 diis
460 3954 495 4008 et
508 3952 816 4008 sacramentorum
831 3943 1049 4024 frequentiae
1069 3945 1259 4010 insudant.
1283 3944 1365 4022 Sed,
1388 3946 1466 4011 Deo
1488 3947 1615 4011 melius

374 4051 602 4132 prouidente,
630 4052 804 4114 reserauit
828 4051 1030 4132 plenissime
1049 4052 1171 4115 omnia
1199 4062 1348 4132 peccata
1367 4053 1615 4134 praestititque

375 4175 484 4222 verae
499 4157 736 4238 poenitentiae
751 4157 866 4237 signa.
883 4158 1064 4222 lniuuctas
1079 4159 1173 4224 enim
1190 4160 1258 4223 sibi
1273 4159 1354 4240 (quo
1368 4161 1542 4242 propositi
1553 4161 1616 4225 lir-

373 4265 481 4328 mitas
495 4264 717 4343 probaretur)
734 4274 808 4328 tam
822 4264 1024 4345 spirituales
1038 4282 1145 4346 quam
1162 4269 1372 4347 corporales
1390 4269 1619 4332 exercitatio.

375 4389 445 4434 nes
463 4371 602 4451 accepit
618 4370 806 4451 humiliter,
824 4371 977 4452 expleuit
991 4383 1262 4453 perseueranter
1276 4391 1340 4454 per
1355 4373 1445 4438 duos
1459 4393 1616 4455 menses,

420 4577 428 4608 Ι
457 4575 562 4629 aliquid
580 4579 654 4628 grau·
665 4575 786 4630 obsequii
794 4576 898 4632 scripsit
909 4575 1036 4623 Polnncns
1046 4576 1088 4622 ubi
1105 4577 1215 4632 aliquod
1232 4579 1387 4632 obsequium
1403 4579 1551 4626 litterarum
1567 4592 1617 4626 nu·

374 4655 436 4692 otor
446 4647 598 4702 scripserat.

419 4719 430 4750 ἱ
458 4718 494 4761 ad
505 4729 553 4773 pro
563 4719 682 4762 visitare
692 4719 826 4763 substituit
837 4718 972 4764 Polnncus.
