3382 5528
333 493 390 554 lau
633 493 638 506 '
724 500 891 560 Ltrruttau
910 505 1181 568 Qunuanrssrnus

325 653 509 728 apparata
524 649 618 709 esset
635 644 642 678 ¹
659 647 738 727 (qua
755 648 791 711 in
803 665 845 710 re
859 648 941 711 boni
953 649 1096 729 quidam
1107 649 1176 712 uiri
1188 667 1231 712 ac
1243 650 1572 732 nostri-cupidines

325 753 491 816 ‘maxime
505 752 748 832 adiuuerunt),
769 770 918 834 cumque,
934 754 1046 836 nujus
1062 753 1073 786 ¹
1087 756 1141 819 rei
1158 755 1254 820 lama
1268 774 1332 837 per
1344 757 1472 821 urbem
1491 757 1569 822 uni·

337 876 479 924 uersam
494 861 737 941 diuulgaretur
758 871 864 944 atque
885 863 922 925 in
947 880 1009 928 ore
1030 873 1065 927 et
1089 881 1252 928 sermone
1276 864 1434 928 omniurn
1456 873 1565 942 esset,

336 961 452 1030 omnis
473 968 654 1032 hominum
680 985 806 1033 cursus
830 978 908 1034 erat
933 969 978 1034 ad
1002 987 1079 1048 nos,
1102 975 1292 1052 tantaeque
1315 971 1564 1048 multitudiniS,

334 1084 509 1153 quantum
524 1076 649 1138 domus
665 1087 787 1140 nostra
801 1077 965 1156 superius
976 1087 1011 1141 et
1020 1078 1169 1144 inferius
1181 1080 1288 1159 capit,
1301 1095 1500 1143 concursus
1509 1086 1566 1143 est

337 1182 384 1245 ad
398 1196 464 1246 nos
477 1181 608 1262 iactus,
625 1185 674 1247 ita
690 1192 727 1247 ut
742 1193 777 1248 ct
792 1184 827 1248 in
842 1184 1027 1249 ostiarium
1046 1186 1216 1265 impetum
1234 1185 1410 1262 facerent,
1427 1185 1564 1250 inuitis·

324 1295 407 1368 'nne
420 1290 598 1370 omnibus,
620 1292 900 1372 ingrederentur.
922 1293 971 1356 Er
990 1311 1033 1356 ne
1051 1292 1190 1373 alr'qea‘d
1206 1294 1245 1356 in
1264 1299 1365 1358 tanto
1381 1298 1565 1374 apparatu

324 1395 607 1462 desideraretur
621 1399 854 1480 (praesertim
868 1401 952 1481 quia
968 1419 1027 1464 res
1045 1403 1097 1464 r'ta
1113 1401 1343 1482 postulabat,
1357 1417 1420 1464 nee
1434 1417 1565 1464 conene-

324 1506 417 1584 am,
431 1511 471 1570 ut
482 1511 609 1585 posteo
624 1507 744 1570 uisum
758 1514 826 1587 est,
840 1507 947 1572 aliter
961 1507 1038 1571 sine
1052 1509 1220 1573 dedecore
1233 1509 1303 1588 agi
1309 1509 1490 1589 poterut),
1503 1523 1565 1571 uo·

338 1618 441 1676 caius
462 1614 683 1694 est-quaram
703 1616 882 1694 egregius
895 1616 1075 1690 musicus,
1097 1617 1161 1696 qni
1172 1616 1297 1696 gratis
1316 1633 1421 1678 suam
1436 1613 1566 1678 neuile-

339 1737 490 1802 rumqne
514 1721 732 1786 musicorum
757 1731 903 1803 operam
927 1729 982 1786 esi
1003 1722 1197 1802 polu'cuus.
1224 1723 1389 1786 Fuerunt
1414 1721 1567 1802 dene'que

216 1887 220 1894 .
323 1817 601 1907 ··'quamplurimi
611 1829 688 1892 uiri
699 1829 959 1910 symphoniaci,
972 1831 1069 1893 enter
1090 1846 1179 1910 qnos
1200 1828 1371 1908 lyricincs
1390 1829 1566 1891 tr'br'cines·

336 1935 677 2015 aare,sanrbucistae,
688 1936 902 2015 organistae
912 1942 946 2001 et
957 1935 1300 2018 alri'qrramplurimi‚
1310 1936 1374 2015 qui
1385 1933 1471 1998 aliis
1480 1951 1565 1998 sua·

327 2040 501 2104 -uissrnu's
514 2042 767 2106 instrumentis
781 2049 815 2106 ct
830 2049 937 2106 cantu
952 2061 1062 2106 aures
1075 2041 1288 2112 mulcebant.
1299 2041 1429 2122 'qmleus
1438 2041 1490 2103 ita
1501 2059 1566 2103 au·

328 2143 475 2211 ²'ditores
488 2149 719 2229 capiebantur
733 2167 775 2212 ac
788 2151 1017 2229 tenebantur,
1032 2156 1072 2214 ut
1092 2151 1132 2212 in
1150 2156 1253 2214 tanto
1274 2149 1457 2212 nonn'mim
1475 2163 1561 2210 con·

338 2261 448 2318 uentu
468 2272 509 2318 aa
520 2257 732 2336 frequentia
753 2257 984 2321 solitudinem
1003 2258 1165 2338 aliquam
1188 2273 1267 2320 esse
1282 2255 1491 2336 J'udicares:
1511 2253 1568 2318 iio

335 2363 496 2426 omnium
511 2364 626 2426 amnti
635 2364 870 2446 symphoniae
883 2371 988 2430 erant
1000 2365 1133 2428 intenti
1144 2363 1167 2428 ³.

397 2469 548 2534 Actores
562 2482 747 2551 praeterea
761 2473 837 2536 siue
851 2472 1011 2536 comoedi
1025 2472 1292 2552 pretiosissimis
1301 2469 1567 2536 ornatissimis·

332 2587 404 2656 qne
417 2575 429 2608 ⁸
443 2578 601 2641 uestibus
615 2576 862 2657 induebantur,
874 2579 1014 2659 sere'cr‘s,
1027 2578 1209 2658 coccineis,
1215 2577 1416 2659 purpureis
1426 2582 1568 2656 algau-

327 2682 491 2764 supinis,
504 2683 709 2764 atque-aiiis
724 2685 932 2766 magnificis
951 2685 1065 2750 totius
1079 2686 1244 2770 corporis
1265 2683 1488 2748 ornamentis
1501 2699 1568 2747 au·

332 2781 477 2870 ‘rbisqne
487 2791 675 2871 torquebas
687 2789 710 2856 ⁵.
723 2791 858 2856 Verum
869 2793 900 2856 si
911 2794 998 2856 haec
1010 2793 1128 2858 omnia
1140 2809 1221 2856 cum
1232 2801 1429 2869 uenustate,
1442 2791 1519 2854 sale
1531 2799 1567 2853 et

328 2893 546 2962 'facetiarum
567 2900 689 2979 lepore
710 2911 871 2964 actorum
893 2899 1133 2977 conserantur,
1151 2900 1227 2964 sine
1249 2899 1355 2963 dubio
1374 2897 1505 2977 frigida
1522 2913 1568 2960 ac

327 3002 1568 3084 insulsnuidebuntur.timimcumuixduooecimum,tredecimumue

325 3109 580 3188 ‘adsummum
597 3127 728 3176 annum
740 3113 969 3192 attingerent,
979 3119 1127 3194 praeter
1138 3113 1231 3176 riuos
1241 3129 1365 3176 eornm
1377 3110 1434 3174 nel
1449 3116 1527 3176 ires
1542 3108 1567 3190 ⁸,

328 3223 410 3282 ‹tiim
424 3229 567 3282 strenue
582 3237 625 3282 ac
640 3221 822 3301 praeclare
842 3219 878 3282 in
893 3237 935 3283 eo
953 3237 992 3284 se
1011 3237 1162 3284 munere
1179 3226 1380 3312 gesserunt,
1395 3229 1434 3282 ut
1449 3219 1567 3283 nullus

326 3334 430 3389 esset
441 3326 501 3404 qui
515 3341 637 3389 eorum
652 3325 873 3405 industriam,
890 3334 1024 3404 gestus,
1039 3343 1165 3392 uocem
1180 3343 1224 3390 ac
1244 3326 1480 3406 prolationem
1495 3341 1565 3390 non

324 3432 491 3496 ··maxime
506 3433 743 3496 admiraretur
763 3432 901 3513 illisque
921 3433 1008 3497 bene
1030 3445 1254 3514 precaretur:
1274 3443 1347 3496 tam
1368 3432 1480 3496 miros
1501 3448 1565 3496 suo

335 3547 495 3620 tempore
510 3540 603 3603 risus
622 3539 838 3616 excitabant,
862 3555 942 3603 cnm
964 3556 1022 3603 res
1042 3539 1209 3603 nimirum
1228 3539 1278 3603 ita
1297 3529 1513 3620 postulabat,
1528 3549 1566 3602 ut

328 3644 424 3709 'nihil
438 3655 580 3725 prae-ter
594 3647 788 3710 cachinnos
803 3646 1003 3710 audiretur:
1018 3647 1088 3709 alio
1103 3663 1189 3710 uero
1202 3655 1362 3726 tempore
1381 3645 1431 3708 ita
1445 3645 1566 3709 anirno

324 3751 1566 3834 spectatoresmouebantur,utmu1tiexpraecipuis'pturimaslacnry·

326 3873 414 3924 mas
429 3859 692 3940 profunderent.
710 3860 917 3924 Incredibile
930 3860 1073 3942 quidem
1088 3870 1141 3922 est
1156 3867 1374 3940 quantopere
1396 3859 1565 3924 uniuerso

265 4047 269 4054 ,
335 3969 468 4050 populo
478 3961 662 4049 placuerit,
676 3977 915 4048 quantumque
928 3983 1050 4030 omnes
1062 3975 1231 4047 cuperent
1242 3975 1282 4036 ut
1296 3963 1500 4046 hujusmodi
1510 3983 1567 4031 co·

327 4075 498 4142 moediae
512 4075 715 4155 frequenter
730 4084 932 4154 agerentur,
949 4074 1104 4138 maxime
1123 4073 1339 4152 scholastici,
1355 4072 1417 4155 qui
1439 4075 1511 4138 hac
1532 4091 1569 4137 re

329 4322 362 4334 ”’
377 4319 386 4347 ¹
400 4327 403 4334 ’
416 4315 481 4362 Cum
490 4317 578 4372 itaquo
588 4317 617 4359 in
627 4315 697 4358 nune
709 4317 817 4360 rnodum
827 4321 957 4370 apparata
968 4311 1173 4360 erseniomnia.‘

379 4391 392 4422 ¹
419 4389 560 4446 hujusque.

378 4462 390 4494 ⁸
418 4461 527 4514 Quidam
536 4460 620 4505 eliam
632 4459 752 4514 egreglus
762 4461 874 4503 musicos
884 4461 996 4502 uocatur
1005 4457 1128 4510 accessit,
1138 4455 1181 4510 qui
1195 4467 1270 4500 suam
1284 4458 1476 4512 multorumque
1491 4457 1570 4502 mnri-

335 4545 426 4578 eorum
436 4533 643 4588 operamgraiis
651 4533 679 4576 in
689 4543 720 4574 ea
733 4529 922 4586 repraestitit.
1192 4521 1196 4530 ’

379 4607 391 4638 ⁴
420 4604 768 4650 Delctumorthocverbunr.
860 4613 862 4620 ’

339 4668 805 4730 ‘'⁶³⁸⁵'Ettnmnaecsuetdeteta···-
867 4696 869 4704 ·
933 4683 939 4712 '·
1033 4699 1037 4708 ·

378 4757 391 4794 Ι
416 4756 586 4812 ferrumnes.
