3382 5528
170 1441 328 1502 Nicotaus
342 1443 502 1503 Belleiille

209 1540 299 1600 Patri
313 1541 352 1601 Ν.
368 1542 418 1610 N..
433 1543 584 1602 Romam.

240 1637 394 1712 Parisiis,
407 1641 426 1699 3
438 1641 645 1716 Septembris
657 1641 735 1706 '1556
747 1644 768 1698 ¹.

175 1850 229 1914 Ex
243 1853 322 1915 aliis
339 1849 475 1934 [literis]
496 1853 653 1918 eiusdem
675 1852 773 1935 [M.trl
792 1853 930 1918 Nicolai
948 1851 1126 1934 Bellefille]
1145 1852 1167 1915 3
1185 1851 1341 1933 Septem-

116 1957 189 2021 bris
204 1957 291 2022 1556.
501 1979 504 1984 ·
1082 1981 1085 1988 ¹

174 2066 274 2131 Multi
289 2068 348 2132 hic
364 2079 573 2149 permanent
588 2070 702 2134 nostri
715 2068 983 2147 studiosissimi,
1004 2077 1040 2130 et
1055 2067 1175 2132 uidere
1197 2065 1264 2132 fuit
1281 2066 1338 2132 his

116 2174 237 2238 dicbus
260 2191 342 2240 cum
361 2175 563 2241 uehementi
582 2176 679 2241 febre
701 2184 889 2256 urgeretur
907 2175 949 2239 R.
972 2174 1010 2238 P.
1031 2173 1222 2240 Pascasius
1239 2171 1271 2254 ¹;
1295 2191 1339 2238 eo

116 2281 207 2344 enim
232 2293 391 2362 tempore
411 2282 532 2348 limina
557 2284 683 2348 domus
707 2283 811 2347 huius
834 2282 985 2362 singulis
1012 2279 1110 2346 horis
1133 2281 1338 2344 terebantur

112 2388 293 2465 gressibus
304 2406 440 2469 eorum,
452 2391 512 2471 qui
522 2390 567 2455 de
577 2390 654 2454 eius
665 2390 867 2455 ualetudine
879 2398 952 2453 tam
961 2389 1090 2452 soliciti
1101 2397 1215 2466 erant,
1229 2397 1267 2453 ut
1280 2389 1338 2452 uel

114 2503 216 2558 nocte
234 2495 310 2559 iere
328 2496 443 2561 media
462 2498 512 2563 illi
531 2497 670 2573 afferri,
692 2513 784 2578 quae
803 2495 970 2598 uidebant
989 2495 1209 2574 necessaria,
1236 2512 1337 2560 cura·

114 2613 199 2666 rent.
217 2601 261 2666 Et
275 2605 530 2684 propemodum
549 2604 775 2684 impatienter
793 2603 886 2667 illius
906 2601 1065 2666 ferebant
1084 2601 1334 2666 infirmitatem.

115 2706 194 2773 Post
217 2709 354 2774 febrem
372 2709 580 2788 extinctam,
602 2710 771 2792 reliquiae
795 2709 1054 2790 supersperans
1080 2708 1143 2772 sed
1168 2708 1335 2774 continua

113 2817 366 2882 exercitatione
380 2828 415 2882 et
428 2818 550 2882 labore
564 2819 725 2898 improbo
740 2835 802 2884 eas
816 2817 989 2882 excussit:
1006 2817 1179 2897 siquidem
1193 2815 1242 2879 illi
1263 2833 1336 2880 non

114 2935 215 3014 uacat
229 2941 308 2988 esse
323 2934 471 3004 aegroto
485 2925 578 2990 inter
592 2936 666 2989 tam
680 2926 811 2990 multas
824 2925 902 3005 pias
916 2923 1179 3005 occupationes.

168 3030 236 3096 Hic
251 3033 404 3098 daemon
422 3034 497 3097 suis
517 3016 654 3097 technis
672 3033 815 3113 saepius
833 3031 1030 3110 fraudatuS,
1047 3031 1136 3095 adeo
1151 3031 1334 3111 improbus

110 3146 172 3216 est,
189 3148 227 3202 ut
242 3139 342 3203 malit
356 3139 449 3204 eludi
464 3139 637 3220 quotidie,
655 3157 761 3220 quam
777 3137 883 3202 fateri
902 3153 940 3202 se
956 3138 1107 3215 uictum;
1127 3136 1216 3201 nihil
1238 3137 1334 3202 enim
1417 3219 1420 3224 Ι

110 3242 261 3309 daemon
274 3247 486 3311 intentatum
501 3247 677 3328 relinquit,
695 3263 764 3328 quo
783 3246 886 3309 nobis
906 3245 1158 3324 grauissimum
1179 3243 1335 3310 lacessat

110 3353 308 3432 negocium,
323 3353 386 3416 sed
401 3354 494 3419 illius
508 3364 658 3418 conatus
672 3355 756 3417 uani
770 3363 863 3432 sunt,
880 3370 951 3417 non
965 3369 1029 3432 per
1040 3368 1117 3430 nos,
1133 3367 1217 3416 nam
1232 3359 1332 3416 tanta

111 3459 272 3522 machina
286 3469 341 3524 est
355 3459 471 3541 impar
485 3461 642 3524 humeris
657 3461 799 3524 nostris.
815 3459 951 3524 Verum
971 3459 1075 3542 Jesus
1093 3459 1156 3524 X.⁸
1168 3468 1222 3523 est
1235 3458 1333 3523 sorti·

109 3563 192 3628 todo
205 3576 327 3630 nostra
343 3576 377 3630 et
392 3567 569 3647 refugium
583 3577 755 3631 nostrum.
778 3567 947 3632 Nostrum
964 3577 1018 3633 est
1033 3579 1071 3631 ut
1091 3579 1254 3631 tueamur
1268 3567 1331 3630 hu·

109 3671 303 3753 militatem,
318 3689 340 3736 a
355 3674 456 3738 cuius
471 3674 599 3738 castris
611 3675 742 3738 nemini
753 3685 913 3738 nostrum
925 3675 1107 3740 discedere
1118 3675 1210 3754 licet,
1224 3675 1332 3756 potis·

109 3775 235 3844 simum
257 3779 447 3860 sacerdoti,
474 3781 510 3844 in
530 3799 633 3863 quem
653 3799 698 3844 ex
720 3779 880 3861 professo
900 3799 1023 3846 omnes
1042 3785 1165 3847 oculos
1185 3799 1332 3847 conuer-

107 3891 198 3948 tant:
214 3887 307 3950 vnde
321 3887 496 3952 oculatior
514 3887 561 3951 sit
579 3897 734 3968 oportet,
756 3905 800 3951 ne
819 3889 903 3968 quid
925 3903 988 3968 per
1007 3888 1180 3955 incuriam
1201 3899 1264 3953 aut
1284 3907 1330 3954 err

108 3993 302 4073 composito
320 3993 497 4068 admittat,
523 3995 618 4075 quod
637 3996 771 4058 minuat
797 4011 942 4059 usuram
962 3994 1105 4060 Domini
1130 4013 1175 4060 ex
1196 3997 1331 4060 talento

108 4099 214 4164 credo
227 4099 239 4132 ⁸
253 4109 491 4182 expectatam.

164 4205 322 4272 Parisiis.
352 4227 360 4244 ⁴

144 4412 152 4444 ¹
181 4413 370 4468 apographum
380 4413 555 4468 fragmentum
566 4413 591 4456 ln
600 4413 660 4458 tollo
670 4425 695 4457 n.
705 4415 733 4456 ³7
744 4425 779 4468 v.;
789 4421 829 4457 est
840 4419 867 4458 et
877 4414 948 4459 allud
959 4414 1018 4458 ltulc
1028 4413 1112 4459 simile
1124 4415 1149 4459 ln
1160 4413 1221 4459 lolio
1230 4425 1256 4460 o.
1265 4415 1329 4460 tt.-

107 4482 251 4530 Deeernere
265 4496 315 4530 noo
328 4487 452 4531 eudemus
467 4485 506 4530 col
523 4485 572 4530 irre
588 4486 692 4529 litterae
704 4486 915 4540 inscriptse‘rlnt,
931 4485 1040 4540 scillcet,
1052 4486 1149 4532 Sancto
1163 4485 1275 4542 lquetlo.
1288 4497 1332 4530 an·

107 4567 168 4600 vero
178 4555 250 4601 Patri
260 4557 358 4610 Jacobo
368 4555 482 4613 Lnynez.
493 4549 632 4602 Societatls
642 4555 757 4608 Vloario,
771 4557 831 4612 quie
840 4558 951 4602 nondum
966 4565 1039 4602 certo
1050 4557 1147 4603 solmon
1156 4557 1259 4613 quondo
1273 4565 1332 4603 ton·

104 4627 160 4671 dem
170 4629 242 4674 illum
250 4629 345 4674 obiisse
355 4639 381 4672 et
391 4629 459 4674 ltunc
469 4629 495 4674 ln
505 4627 640 4674 Vlosrium
650 4631 761 4674 electum
770 4641 866 4675 novere
877 4629 947 4676 Socii
953 4631 1117 4686 parisienses

143 4696 158 4732 ¹
182 4699 378 4746 armantur
387 4699 482 4746 Eroti.

143 4769 157 4802 ⁸
183 4771 225 4818 Sic
234 4774 370 4829 perspicue
379 4773 406 4818 ln
416 4779 524 4828 utroque
534 4775 695 4829 eporrepltm
704 4773 787 4818 eritne
797 4773 914 4818 credin?
