3472 5528
657 525 720 589 Au.
744 525 813 590 loto
1296 523 1351 588 205

122 676 257 756 egregii
285 685 319 739 et
349 677 530 757 praecipui
556 676 710 739 ciuitatis
739 659 1008 738 concionatores
1034 691 1232 737 sermonem
1257 674 1348 738 face-

122 794 210 846 rent.
224 782 329 846 Vnde
341 783 526 846 manifeste
539 785 646 863 liquet
662 783 852 846 Dominum
868 791 1027 845 nostrum
1043 781 1199 844 omnium
1211 782 1349 845 animos

122 890 166 952 ad
182 890 440 954 confessionem
457 891 649 970 impulisse,
662 889 788 970 quibus
800 889 1027 952 vehementer
1040 899 1073 951 et
1085 887 1213 950 obnixe
1226 887 1336 952 aduer

122 997 238 1060 sarius
253 1007 374 1060 noster
389 997 595 1060 obsistebat.

181 1102 389 1167 Praedictus
418 1079 519 1184 pater
548 1105 779 1167 concionatus
804 1111 857 1165 est
881 1103 988 1165 etiam
1012 1101 1287 1182 quadragesima
1315 1103 1349 1164 in

123 1210 277 1290 quodam
291 1213 497 1274 monialium
513 1211 739 1289 monasterio,
756 1211 840 1273 etin
857 1209 997 1290 oppid0,
1015 1209 1096 1272 huic
1113 1209 1249 1272 ciuitati
1274 1225 1349 1289 pro-

123 1318 231 1397 ximo,
248 1319 474 1399 primogeniti
490 1319 499 1351 ¹
515 1319 661 1383 Comitis
672 1318 792 1382 Monte
804 1317 868 1380 Rei
881 1317 903 1394 ¹,
917 1317 977 1398 qui
990 1315 1130 1398 quidem
1142 1333 1207 1380 nos
1220 1333 1350 1396 magno

123 1441 246 1488 amore
260 1427 498 1506 prosequitur,
515 1437 549 1490 et
564 1443 634 1489 non
650 1427 763 1489 solum
787 1425 834 1504 ei,
852 1424 915 1488 sed
938 1425 1014 1486 eius
1034 1423 1187 1487 familiae
1211 1423 1350 1503 frugem

124 1549 292 1612 magnam
305 1533 415 1596 fuisse
429 1534 562 1597 factam
577 1531 766 1610 credimuS,
784 1533 828 1594 ob
843 1531 947 1612 idque
963 1531 1116 1594 maxime
1128 1529 1220 1610 quod
1235 1548 1350 1594 sacer·

125 1640 187 1702 dos
203 1641 363 1719 quidam,
380 1641 482 1704 bonls
498 1641 609 1704 literis
624 1639 849 1720 moribusque
865 1648 1028 1718 ornatus,
1045 1639 1105 1718 qui
1121 1655 1243 1702 curam
1259 1639 1352 1702 illius

125 1748 245 1826 populi
268 1749 416 1827 gerebat
436 1765 627 1827 omnesque
647 1756 767 1827 patres
788 1746 942 1826 hospitio
968 1745 1182 1825 excipiebat,
1205 1747 1352 1809 summis

126 1854 218 1916 votis
234 1853 405 1934 efflagitat
420 1855 546 1934 recipi,
564 1855 732 1933 brevique
754 1855 786 1916 ei
807 1850 1070 1916 concedendum
1091 1853 1215 1932 credo;
1232 1869 1351 1932 quam·

124 1961 178 2023 uis
192 1962 287 2024 enim
303 1963 410 2040 multa
426 1962 492 2024 sibi
507 1961 663 2037 obiecta,
682 1971 719 2023 vt
736 1959 807 2023 fieri
824 1961 971 2036 assolet,
995 1961 1112 2022 omnia
1133 1969 1251 2022 tamen
1268 1976 1350 2040 pro·

125 2069 229 2132 cliuia
246 2087 322 2132 esse
338 2069 369 2132 ei
384 2067 664 2150 apparent.·Hac
680 2069 787 2130 etiam
803 2067 1076 2147 quadragesima
1092 2083 1275 2130 sermones
1289 2067 1351 2130 ha·

125 2176 185 2239 biti
199 2186 282 2240 sunt
297 2177 333 2239 in
349 2193 493 2240 carcere
508 2185 542 2238 et
557 2176 635 2238 aliis
650 2175 822 2256 proximis
843 2173 997 2254 oppidiS,
1019 2174 1145 2254 quibus
1169 2175 1351 2254 quamplu-

125 2285 203 2347 rimi
218 2295 362 2347 nostrae
377 2283 546 2347 Societati
567 2282 684 2346 affecti
698 2293 791 2346 sunt.

183 2391 262 2454 Hoc
283 2392 452 2472 temporis
477 2391 653 2454 curriculo
681 2391 746 2454 fuit
765 2407 786 2452 a
806 2389 935 2452 diuinis
955 2389 1119 2470 imposita
1142 2391 1294 2453 cessatio
1314 2391 1350 2454 in

124 2500 279 2578 ciuitate;
295 2507 512 2580 quapropter
532 2508 652 2579 patres
670 2498 880 2561 necessitate
900 2497 1072 2576 compulsi
1088 2496 1230 2560 fuerunt
1245 2498 1281 2560 in
1296 2515 1351 2560 ec·

124 2607 233 2668 clesia
248 2608 372 2687 procul
387 2606 531 2669 ciuitate
547 2605 666 2669 diuina
682 2620 854 2686 peragere
875 2605 1059 2684 mysteria;
1077 2605 1203 2684 ingens
1223 2605 1351 2686 quippe

124 2713 235 2792 labor,
252 2715 314 2778 sed
330 2715 396 2776 hoc
412 2712 557 2792 dignum
569 2711 802 2776 admiratione
817 2729 895 2774 esse
906 2709 1036 2790 judico,
1054 2713 1281 2792 quamplures
1293 2714 1351 2776 vel

123 2821 190 2884 hoc
205 2821 326 2884 labore
341 2821 387 2884 ad
402 2821 660 2884 consessionem
675 2836 898 2882 concurrere.
917 2817 1062 2896 Eorum,
1080 2820 1140 2898 qui
1154 2808 1249 2882 domi
1266 2821 1350 2883 assi·

123 2927 189 2990 due
204 2927 429 3006 confitentur,
446 2928 659 2990 centesimus
673 2925 746 2989 fere
761 2943 929 2989 numerus
944 2942 1021 2988 esse
1037 2926 1209 2989 creditur:
1228 2944 1350 2990 eorum

123 3045 254 3114 autem,
276 3035 335 3116 qui
354 3052 568 3115 vnaquaque
587 3033 810 3097 hebdomada
836 3050 978 3096 sacram
1001 3033 1238 3097 eucharistiae
1258 3050 1351 3097 com·

123 3143 326 3206 munionem
341 3143 575 3223 participant,
593 3141 924 3222 quinquagesimus,
941 3141 999 3202 vel
1014 3141 1140 3203 saltem
1154 3140 1350 3220 quadrage·

121 3251 245 3328 simuS,
261 3259 437 3313 censetur.
454 3249 720 3313 Praedictorum
734 3257 885 3326 centum,
903 3249 1086 3327 octoginta
1105 3259 1186 3310 sunt
1211 3248 1348 3311 schola·

121 3359 214 3421 stici:
232 3359 356 3439 reliqui
372 3368 503 3434 autem,
520 3356 623 3420 huius
643 3355 887 3419 universitatis
901 3357 998 3419 ciues
1013 3365 1047 3418 et
1071 3355 1220 3417 oriundi.
1246 3355 1351 3418 Fiunt

121 3466 230 3528 etiam
258 3466 397 3546 aliquae
426 3463 669 3528 confessiones
698 3462 885 3525 illustrium
915 3471 949 3524 et
978 3461 1210 3542 optimatum,
1245 3472 1351 3543 atque

121 3573 230 3635 etiarn
246 3571 384 3651 aliquae
400 3571 640 3634 confessiones
654 3571 839 3650 generales
855 3585 975 3631 eorum
991 3569 1084 3631 vltra
1105 3569 1164 3649 qui
1180 3569 1350 3632 exercitia

122 3680 322 3759 spiritualia
337 3679 507 3756 fecerunt,
525 3688 558 3740 et
571 3677 720 3740 aliorum
730 3677 922 3756 insignium
934 3693 1091 3754 casuum,
1106 3676 1165 3738 vbi
1178 3675 1351 3739 Dominus

121 3797 246 3849 noster
269 3803 370 3849 suam
395 3784 606 3848 ineffabilem
636 3783 915 3847 misericordiam
940 3783 1121 3863 patefecit,
1152 3783 1351 3864 aliquorum

122 3895 274 3957 miseras
293 3892 450 3974 peccatis
476 3893 621 3955 obrutas
647 3891 784 3954 animas
809 3891 853 3954 ad
881 3906 1049 3968 magnum
1075 3889 1217 3953 virtutis
1237 3889 1350 3970 prose·

121 4011 220 4064 ctum
233 3999 463 4077 traducendo,
477 4009 511 4061 et
523 3999 625 4078 quasi
636 3999 671 4060 ui
683 3997 835 4078 quodam
848 3997 951 4060 modo
963 3997 1145 4072 trahendo;
1162 3997 1251 4060 inter
1264 4013 1352 4078 quos

121 4126 214 4172 vnus
231 4125 316 4171 sane
335 4118 605 4184 annumeratur,
627 4107 687 4185 qui
706 4105 815 4186 (quod
837 4106 964 4169 mirum
985 4105 1049 4183 est)
1071 4105 1216 4184 triginta
1239 4121 1352 4167 annos

120 4233 305 4296 nunquam
321 4215 505 4278 confessus
519 4223 585 4292 est,
602 4216 658 4277 vel
670 4213 701 4276 si
712 4213 833 4276 forsan
846 4212 1047 4293 aliquando,
1062 4197 1096 4275 id
1109 4212 1144 4275 in
1158 4212 1350 4275 maximam

120 4326 174 4388 sui
190 4323 429 4404 perditionem
445 4321 591 4386 fecerat.

180 4431 306 4510 Aliqui
320 4440 441 4510 patres
456 4438 599 4509 propter
615 4427 742 4491 delicta
758 4427 802 4490 ad
820 4428 978 4490 ultimum
1001 4427 1188 4507 suplicium
1209 4426 1351 4492 damna·

162 4713 169 4742 l
200 4709 377 4765 Hieronymus
387 4709 418 4751 de
431 4707 559 4752 Acebedo.

161 4785 173 4815 ¹
202 4781 351 4836 Alphonsua
363 4780 393 4822 de
405 4780 525 4824 Acebedo
536 4787 562 4822 et
572 4779 680 4834 Zudlga.
691 4779 757 4824 Vide
769 4787 787 4824 t.
799 4791 834 4830 ιιι,
845 4791 904 4835 pag.
916 4781 949 4834 al,
960 4785 1047 4823 annot.
1058 4777 1079 4822 9.
