3472 5528
600 1221 880 1320 ¹GDXCVIII

183 1589 217 1648 P.
232 1589 271 1649 N.
317 1591 380 1660 u'z,

216 1689 267 1748 Ex
278 1591 520 1748 {amissione
534 1688 642 1779 Patris
656 1687 770 1747 Basilii
783 1686 875 1760 (olim
888 1685 1065 1761 Alphonsi)
1078 1685 1191 1757 Avila,

254 1787 343 1846 Patri
359 1787 484 1861 lgnatio
497 1787 539 1846 de
552 1787 693 1860 Loyola.

286 1881 446 1958 Granata,
459 1883 497 1944 30
511 1885 638 1960 Aprilis
655 1883 725 1944 1556
741 1886 758 1940 ¹.

700 2119 773 2238 nis

187 2417 310 2481 Gratia
326 2427 361 2481 et
376 2435 447 2498 pax
461 2417 604 2481 Domini
622 2417 734 2500 nostri
748 2417 828 2500 Jhu.
846 2415 978 2482 Christi
992 2416 1037 2479 sit
1052 2429 1192 2494 semper
1207 2415 1242 2478 in
1266 2414 1352 2478 dies·

132 2541 193 2602 quc
210 2533 345 2588 crescat
360 2524 395 2587 in
411 2523 577 2588 cordibus
591 2523 732 2586 nostris.
750 2523 876 2586 Amen.

187 2629 298 2695 Tanta
313 2640 368 2696 est
382 2631 481 2694 vrbis
491 2631 595 2695 huius
607 2629 808 2693 taeniarum
819 2647 904 2710 erga
919 2635 1065 2692 nostrae
1078 2629 1267 2692 Socratatis
1279 2629 1351 2692 Pa·

131 2741 203 2800 tres
218 2744 321 2818 atque
328 2738 477 2817 fratres
492 2737 687 2802 dilectione
704 2737 853 2815 deuotio,
868 2737 1059 2800 admodum
1073 2735 1149 2800 Rae
1161 2737 1196 2799 in
1210 2735 1351 2800 Christo

133 2841 243 2924 Pater,
258 2855 297 2909 vt
311 2855 346 2909 et
361 2845 487 2909 merito
503 2845 723 2922 erubescere,
744 2853 777 2906 et
800 2843 961 2908 Creatori
976 2862 1019 2907 ac
1038 2843 1267 2924 Redemptori
1289 2859 1349 2906 no·

131 2959 201 3014 stro
213 2953 347 3032 gratias
358 2969 466 3032 agere
478 2951 680 3028 debeamus,
694 2951 759 3031 qui
769 2969 836 3014 sua
848 2950 1008 3013 na'rabili
1015 2950 1248 3029 prouidentia
1261 2948 1351 3012 talia

131 3059 240 3121 nadair
254 3059 401 3122 ordinat
414 3075 456 3120 ac
475 3043 634 3138 disponit
649 3057 696 3119 ad
715 3059 919 3136 profectum
938 3057 1157 3130 animarum,
1172 3073 1263 3136 quas
1286 3073 1351 3117 suo

129 3166 385 3242 pretiosissimo
414 3165 596 3244 sanguine
618 3165 775 3228 redemit.
804 3163 895 3228 Hinc
916 3165 1008 3228 enim
1034 3173 1170 3227 tantum
1191 3164 1353 3244 prouenit

131 3274 364 3352 emolumenti,
382 3273 507 3337 tamin
523 3272 751 3336 concionibus
766 3271 1115 3352 confessionibusque
1128 3270 1353 3348 exercendis,
1442 3328 1446 3336 ,

131 3395 230 3458 quam
244 3381 278 3443 in
290 3381 369 3444 aliis
380 3380 491 3444 nostri
505 3379 653 3442 instituti
664 3378 879 3456 ministeriis
897 3378 1024 3459 quibus
1035 3379 1234 3441 animarum
1247 3377 1353 3440 saluti

131 3487 328 3566 consulitur,
350 3495 389 3550 vt
403 3485 507 3550 facile
522 3485 676 3566 perspici
691 3485 802 3566 possit
817 3483 933 3548 Deum
947 3483 1128 3563 Optimum
1143 3483 1351 3547 Maximum·

130 3609 193 3671 que
215 3605 358 3675 propter
372 3593 517 3657 nimiam
534 3593 754 3670 charitatem,
776 3609 846 3671 qua
871 3591 1002 3654 dilexit
1022 3608 1101 3666 n05,
1116 3591 1208 3653 hanc
1231 3591 1351 3670 populi

132 3697 349 3766 deuotionem
370 3700 562 3775 excitasse,
584 3712 624 3762 vt
648 3699 718 3778 illa,
746 3701 841 3762 uclut
867 3699 1020 3779 quodam
1044 3699 1162 3778 hamo,
1191 3697 1352 3761 homines

133 3808 317 3871 sceleribus
331 3809 517 3871 immersos
533 3806 630 3869 adse
645 3807 812 3869 alliceret.

187 3913 361 3996 Imprimis
382 3930 535 3994 namque
557 3913 608 3992 (vt
630 3913 673 3976 de
695 3911 977 3976 confessionibus
999 3914 1173 3976 rationem
1193 3912 1351 3992 reddam)
1414 3947 1418 3958 ·

130 4020 275 4102 plurimi,
297 4039 378 4086 cum
399 4035 552 4100 magnae
572 4020 733 4082 utilitatis
754 4019 1015 4099 experimento,
1035 4021 1250 4100 generaliter
1271 4037 1350 4083 con·

129 4125 209 4191 lessi
222 4138 311 4206 sunt,
328 4145 479 4209 quorum
493 4127 599 4189 saluti
615 4127 716 4189 aliter
731 4125 911 4189 subueniri
926 4144 998 4188 non
1013 4135 1168 4206 poterat:
1185 4126 1243 4206 qui
1264 4125 1352 4188 soii-

129 4239 164 4295 ta
187 4235 325 4300 incuria
350 4235 396 4298 ad
422 4234 489 4297 boc
513 4242 775 4296 sacramentum
799 4243 967 4313 tanquam
991 4233 1035 4296 ad
1057 4250 1132 4296 rem
1154 4234 1256 4314 parui
1280 4249 1351 4296 mo·

129 4343 231 4406 menti
245 4343 465 4420 accedebant,
480 4351 515 4404 et
530 4341 668 4404 animae
684 4341 831 4403 vulnera
847 4341 1003 4404 exterius
1018 4340 1151 4405 mederi
1167 4341 1351 4404 conaban-

128 4457 191 4526 tur,
214 4451 359 4515 interius
374 4448 516 4529 putrida
531 4457 636 4527 atquc
658 4447 777 4510 letalia
799 4448 1048 4527 relinquentes.
1065 4447 1210 4510 Plurimi
1229 4448 1350 4526 etiam,

165 4653 174 4686 ¹
203 4655 388 4711 Antonephae
399 4655 494 4710 dupllcl
505 4654 573 4702 tollo.
584 4653 666 4708 primo
677 4665 700 4696 n.
710 4652 758 4704 bil,
771 4653 855 4695 altero
865 4663 914 4695 non
923 4661 1067 4699 numerato.
1077 4654 1183 4699 Italicis
1191 4651 1352 4699 characteri·

127 4727 172 4768 bns
181 4727 325 4772 indicantur
334 4739 375 4776 eu.
386 4737 451 4781 qnae
463 4737 479 4770 a
491 4725 602 4770 Polnnco
612 4725 655 4768 vel
663 4730 765 4768 mutata
775 4725 818 4767 vel
828 4725 929 4768 omniuo
941 4737 1079 4782 suppressa
1087 4727 1168 4770 luere.
1179 4726 1296 4772 Litteras
1306 4738 1350 4772 au·

129 4805 178 4844 tm
187 4801 224 4844 ele
234 4800 385 4844 emendatas
394 4799 463 4844 inira
472 4798 645 4853 snbjlclemus.
