3368 5528
726 471 898 535 Ltrrnnatt
915 485 1187 544 connumeras

487 1073 675 1122 praecedentes
683 1073 788 1128 Jornnls
798 1071 924 1120 Gambnrl
932 1073 1038 1118 litterae
1049 1083 1066 1117 ι
1076 1071 1105 1118 P.
1115 1071 1228 1118 Polauco
1237 1071 1392 1118 emendatae
1404 1068 1425 1114 ⁰.

949 1280 971 1354 †

404 1501 480 1567 Pax
496 1500 627 1568 Christi
643 1509 710 1566 etc.

402 1609 500 1691 Quae
516 1609 707 1691 praecipua
722 1609 770 1672 ad
787 1609 982 1674 Picentium
1001 1609 1076 1673 siue
1097 1608 1386 1673 Marchianorum
1406 1605 1564 1678 salutem,

344 1727 422 1800 post
451 1719 572 1781 literas
602 1715 893 1798 quadrimestreS,
920 1717 1119 1798 proximas,
1150 1735 1215 1797 pro
1243 1715 1463 1796 benignitate
1491 1737 1561 1784 sua.

342 1835 544 1890 nostrorum
558 1827 654 1889 tenui
677 1841 785 1906 opera
810 1835 844 1889 et
869 1826 998 1906 exiguo
1024 1842 1066 1888 ac
1092 1834 1293 1906 contempto
1318 1827 1561 1894 instrumento.

341 1935 441 1998 Deus
456 1941 622 2014 operatus
646 1941 711 2010 est,
736 1951 778 1996 ea
796 1933 870 2009 tibi,
893 1931 969 1996 Rae
991 1931 1042 2011 P..
1059 1933 1183 2014 paucis
1204 1933 1493 2013 significabimus.
1509 1934 1560 1998 Ab

341 2042 385 2105 iis
400 2050 517 2106 autem
532 2057 711 2105 sumemus
726 2041 874 2119 initium,
892 2057 982 2121 quae
997 2041 1033 2104 in
1049 2041 1204 2106 finitimis
1219 2051 1321 2122 gesta
1334 2051 1416 2107 sunt
1427 2043 1560 2124 propin·

341 2149 420 2231 quis
435 2148 580 2213 urbibus
595 2158 701 2230 atque
722 2149 871 2229 oppidis.

400 2255 452 2319 Ea
467 2257 609 2336 quidem
620 2266 674 2320 est
685 2258 784 2337 apud
795 2255 966 2320 Picenses
977 2254 1020 2331 de
1034 2255 1224 2321 societatis
1234 2258 1438 2340 integritate
1450 2258 1560 2323 existi·

341 2364 460 2428 matio:
477 2363 766 2444 r'dfim'tt'morum
782 2364 1002 2445 populorum
1021 2364 1098 2427 eius
1117 2366 1215 2446 apud
1228 2383 1267 2428 se
1287 2367 1460 2430 tenendae
1478 2365 1561 2429 desi·

340 2472 493 2550 derium,
508 2481 545 2534 ut
559 2471 729 2535 obtestari
745 2481 850 2554 atque
864 2473 1049 2536 obsecrare
1061 2490 1241 2554 nunquam
1256 2473 1431 2552 desinant,
1448 2480 1489 2538 vt
1503 2473 1572 2554 ali-¹

341 2580 421 2660 quis
441 2597 486 2642 ex
502 2596 543 2642 ea
574 2579 619 2644 ad
644 2597 681 2642 se
707 2579 875 2643 mittatur.
904 2578 1075 2644 Omnibus
1099 2597 1187 2644 uero
1211 2581 1376 2645 satisfieri
1397 2599 1418 2646 a
1444 2579 1561 2663 paucis

339 2683 482 2750 omnino
497 2705 578 2750 cum
592 2696 754 2768 nequeat,
776 2687 819 2751 iis
837 2688 1061 2767 potissimum
1086 2689 1340 2754 consulendum
1365 2706 1444 2752 esse
1466 2689 1559 2751 duxi·

339 2811 429 2872 mue,
446 2810 595 2874 quorum
620 2793 733 2857 maior
758 2793 793 2857 id
816 2794 1009 2858 necessitas
1035 2795 1191 2875 exigere,
1218 2796 1347 2876 quique
1375 2796 1558 2862 certiorem

338 2901 608 2982 uberioremque
619 2900 756 2965 fructus
770 2902 1053 2981 expectationem
1068 2901 1226 2981 polliceri
1242 2903 1460 2968 uiderentur.

400 3007 554 3072 Primum
569 3009 724 3089 itaquea
745 3007 923 3072 Macereto
945 3008 1141 3072 Picentium
1166 3009 1340 3091 auspicati
1365 3010 1561 3091 metropoli,

339 3135 380 3181 co
396 3126 469 3180 tres
483 3115 633 3195 proiecti
662 3133 707 3180 ex
730 3117 872 3196 nostris,
899 3127 1040 3198 praeter
1065 3117 1205 3182 habitas
1229 3135 1352 3184 sacras
1369 3121 1562 3194 contiones,

338 3233 480 3306 praeter
503 3223 685 3288 doctrinae
711 3223 925 3288 christianae
950 3242 1136 3306 promote
1168 3225 1357 3290 Societatis
1382 3227 1560 3302 lectiones,

338 3341 479 3413 praeter
499 3331 639 3395 auditas
660 3331 879 3396 intirmorum
905 3331 1156 3421 firmorumque
1181 3334 1312 3398 multas
1337 3334 1380 3398 de
1408 3335 1564 3415 peccatis

338 3439 591 3518 confessiones;
615 3440 810 3519 composita
838 3448 918 3503 sunt
943 3439 1034 3504 inter
1054 3440 1241 3504 seditiosos
1262 3441 1460 3505 inueterata
1482 3458 1560 3505 non·

337 3548 432 3610 nulla
457 3544 620 3625 dissidia,
647 3555 851 3626 reparatum
875 3546 1109 3612 diuersorium
1136 3564 1328 3629 pauperum
1357 3549 1432 3612 siue
1461 3565 1564 3613 xeno·

337 3653 513 3733 dochium,
530 3671 594 3734 per
609 3653 782 3718 incuriam
801 3655 986 3718 ruinosum
1008 3665 1043 3717 et
1064 3656 1245 3718 occlusum
1266 3656 1488 3735 iampridem
1508 3673 1563 3718 ae·

337 3762 462 3840 grotis;
484 3751 685 3824 ¹instaurata
719 3770 753 3824 et
787 3769 912 3824 coacta
937 3761 1051 3826 denuo
1081 3761 1121 3825 B.
1149 3743 1364 3842 Hieronymi
1391 3763 1563 3844 quaedam

337 3868 508 3946 societas,
535 3885 640 3949 quam
668 3868 844 3948 principes
877 3867 1031 3932 ciuitatis
1061 3869 1153 3933 illius
1178 3868 1275 3932 ciues
1299 3870 1370 3934 iarn
1396 3871 1496 3949 olim,
1519 3867 1564 3932 ad

338 3992 506 4056 magnum
527 3983 744 4056 pauperum,
768 3981 844 4040 tam
858 3974 991 4038 salutis
1016 3983 1207 4056 corporum
1232 3993 1339 4056 quam
1362 3977 1563 4041 anemurum

337 4082 566 4165 praesidium,
587 4083 750 4147 inierant:
773 4085 903 4148 sensim
924 4101 1009 4147 ueto
1029 4083 1176 4148 dissolui
1198 4101 1241 4147 ac
1262 4083 1379 4148 dirimi
1396 4085 1564 4149 sustinue-

337 4200 431 4269 rant,
447 4191 528 4254 talis
543 4191 678 4278 scilicet
693 4190 842 4254 alicuius
854 4191 899 4255 ad
911 4208 990 4254 eam
1001 4191 1214 4256 seruandam
1227 4191 1390 4284 authoris
1403 4193 1559 4274 penuria,

338 4298 496 4380 qualium
510 4315 551 4362 ea
566 4297 681 4362 suerat
696 4297 910 4362 authoritate
929 4299 1093 4363 conflata.
1116 4300 1183 4380 Qui
1200 4300 1309 4380 igitur
1324 4299 1360 4364 in
1379 4310 1477 4365 tanto
1492 4300 1562 4382 ple·
1603 4285 1611 4304 '

339 4407 423 4470 tatis
438 4423 544 4487 opere
559 4415 593 4470 et
608 4405 674 4470 sibi
689 4414 723 4469 et
737 4406 898 4486 pereunti
913 4408 1074 4488 proximo
1088 4409 1249 4490 deerant,
1274 4425 1405 4489 magno
1420 4408 1455 4473 id
1470 4423 1559 4472 nuuc

340 4531 404 4594 pro
426 4522 628 4577 nostrorum
654 4514 873 4594 praescripto
896 4514 1076 4592 religionis
1102 4514 1228 4579 ardore
1253 4525 1428 4596 repetunt,
1454 4523 1561 4579 statas

382 4755 389 4796 t
420 4754 519 4812 omnia,
530 4767 595 4816 quae
603 4756 1081 4815 ttattctscnareeterlbusextruentur,
1091 4767 1232 4812 suntnanu
1241 4759 1320 4818 lprlus
1328 4759 1436 4810 Poltnci
1447 4766 1556 4812 exarata·
