3368 5528
633 521 698 588 An.
719 521 789 588 155⁶
1270 519 1324 588 511

102 677 270 756 palmente
285 675 355 738 alla
370 683 494 740 nostra
508 674 742 756 Compagnia)
765 674 930 739 dedicati.
954 673 984 738 E
1004 682 1057 738 tra
1081 675 1129 754 gl'
1153 657 1233 739 altri
1256 693 1326 740 uno

104 783 191 846 assai
207 783 336 862 nobile,
353 799 372 845 e
386 783 478 846 nelle
493 784 600 847 letere
615 783 734 860 latine,
750 797 869 862 grece,
886 798 950 862 per
960 783 1057 846 molt'
1075 783 1159 847 anni
1170 791 1328 860 uersato,

104 907 120 953 e
142 891 232 954 delle
257 889 425 954 hebraice
447 890 546 954 dotto
567 889 574 918 ¹
597 891 782 970 alquanto,
805 907 827 953 a
852 890 967 970 questi
988 889 1107 970 giorni
1128 891 1185 954 nel
1206 899 1330 954 nostro

104 1014 243 1062 numero
258 997 290 1060 si
305 997 492 1074 condnsse,
509 1013 529 1060 e
551 998 755 1076 congiunse.
781 995 884 1076 Qual,
907 997 1062 1078 peroche
1076 997 1170 1062 dalla
1184 998 1329 1078 gioucn·

104 1108 134 1167 tir
148 1103 341 1168 Messinese
355 1120 418 1167 era
440 1103 574 1167 hauuto
595 1103 707 1180 (come
736 1103 771 1168 in
795 1121 880 1167 uero
902 1103 975 1182 era)
999 1121 1062 1185 per
1076 1122 1124 1169 un
1143 1105 1330 1186 essempio,

105 1215 170 1274 cosi
184 1211 220 1274 iri
234 1212 358 1275 lettere
374 1227 473 1274 come
489 1211 525 1275 in
541 1214 665 1290 uertit,
681 1228 744 1292 per
759 1221 898 1292 questo,
915 1211 961 1275 ha
977 1220 1084 1276 tratto
1099 1213 1197 1276 molti
1212 1213 1248 1275 in
1263 1229 1326 1274 sua

105 1318 373 1382 ammirationee
389 1317 596 1396 imitatione,
613 1327 648 1381 et
661 1323 680 1381 e
696 1318 852 1398 giouane
864 1321 939 1382 cosi
953 1335 1054 1382 come
1068 1317 1104 1382 di
1118 1311 1254 1398 sanfigue
1269 1337 1328 1384 no·

105 1427 180 1504 bile,
206 1427 282 1490 cosi
304 1424 340 1488 di
361 1425 514 1488 costumi
537 1432 723 1501 uertuoso;
748 1425 964 1490 nondimeno
987 1426 1074 1489 hora
1096 1443 1169 1491 non
1192 1427 1327 1506 riguar·

104 1531 211 1596 dando
236 1538 282 1596 ne
306 1530 451 1612 degnita
476 1537 522 1595 ne
546 1532 683 1596 nobilta
709 1534 854 1612 alcuna,
882 1532 912 1596 si
938 1533 1108 1597 essercita
1132 1533 1168 1596 in
1191 1535 1274 1613 qual
1299 1534 1330 1598 si

106 1639 217 1720 uoglia
239 1638 354 1704 ufficio
377 1640 521 1703 anchor’
543 1638 608 1703 che
629 1640 787 1704 minimo.
810 1638 881 1703 Dui
902 1639 1022 1704 abbati
1043 1657 1148 1720 sono,
1171 1639 1215 1703 de
1234 1641 1330 1722 quali

105 1748 124 1809 l’
145 1765 212 1811 uno
232 1749 267 1810 la
290 1746 386 1809 fama
407 1745 418 1778 ¹
439 1745 485 1810 da
503 1745 668 1810 Calabria
694 1764 716 1810 a
739 1747 799 1810 noi
818 1747 840 1808 l’
865 1747 911 1810 ha
932 1741 1114 1826 condotto,
1137 1749 1159 1810 l'
1183 1749 1274 1811 altro
1295 1749 1328 1812 la

109 1854 270 1934 singolar'
288 1853 460 1918 modestia
476 1852 533 1916 dei
547 1853 659 1917 nostri
674 1853 803 1918 fratelli
818 1851 1044 1934 ognigiorno
1060 1856 1082 1919 l'
1101 1855 1245 1934 acendo,
1263 1873 1331 1920 con

108 1961 201 2026 molti
214 1961 355 2043 prieghi
375 1960 601 2025 domandano
620 1961 727 2024 esser'
742 1962 870 2041 postia
892 1963 975 2042 qual
995 1963 1025 2026 si
1045 1961 1167 2043 uoglia
1181 1962 1291 2027 uffitio
1310 1979 1330 2026 a

109 2069 236 2134 benche
250 2069 407 2133 minimo.

163 2175 298 2241 Alcune
325 2175 359 2240 di
380 2175 492 2257 quelle
512 2176 646 2256 donne,
667 2176 733 2240 che
756 2177 816 2241 dal
840 2186 1023 2259 peccatoa
1042 2178 1111 2242 Dio
1126 2179 1156 2242 si
1171 2195 1235 2242 son
1250 2195 1329 2241 con·

112 2300 223 2364 nerse,
249 2283 315 2348 che
339 2284 490 2348 uiueano
515 2284 607 2348 nella
633 2300 718 2349 casa
743 2283 851 2364 (detta
871 2285 907 2348 di
931 2285 1161 2365 probatione),
1189 2285 1218 2348 si
1244 2302 1331 2348 sono

113 2391 280 2455 maritate.
297 2391 470 2472 Equattr’
489 2392 578 2456 altre
599 2391 634 2454 in
654 2409 702 2456 un
723 2391 915 2456 medesimo
936 2391 1061 2470 giorno
1085 2409 1173 2456 sono
1195 2403 1332 2456 entrare

116 2497 339 2579 inreligione.
570 2477 573 2486 Α

172 2604 249 2670 Non
263 2605 310 2670 mi
325 2621 389 2669 son
404 2613 552 2685 pensato
564 2605 641 2670 hor’
655 2610 726 2687 qui,
740 2605 777 2670 P.
790 2603 845 2686 R.,
859 2607 1108 2670 connumerar’
1119 2605 1143 2669 il
1153 2614 1256 2686 tutto,
1270 2622 1333 2686 per

117 2713 166 2775 cib
191 2713 254 2776 che
279 2714 310 2776 si
334 2713 652 2777 ricercherebbono
677 2713 739 2794 pii1
761 2713 892 2793 lunghe
917 2713 1040 2777 lettere
1065 2713 1220 2777 chenon
1240 2713 1331 2777 siri·

115 2819 240 2884 chiede.
257 2817 315 2884 Ma
330 2818 407 2883 diro
422 2821 538 2900 quello
560 2819 625 2884 che
649 2837 670 2882 a
691 2821 775 2900 ogni
794 2820 899 2884 modo
922 2837 992 2885 non
1012 2820 1042 2884 si
1064 2825 1134 2901 pub
1156 2828 1292 2899 tacere,
1315 2839 1334 2884 e

114 2926 171 2990 che
193 2927 485 3008 principalmente
504 2927 655 2991 dichiari
675 2929 710 2990 la
732 2927 845 2992 bonta
865 2945 884 2990 e
904 2927 1068 3008 patienza
1087 2926 1122 2990 di
1136 2927 1252 3008 quelli,
1269 2927 1334 2991 che

115 3031 335 3116 frequentano
351 3034 374 3098 il
388 3043 511 3099 nostro
528 3035 677 3117 tempio,
698 3035 754 3100 nel
775 3035 973 3116 sopportar'
996 3035 1165 3116 oltraggi,
1184 3035 1334 3115 ingiuric

117 3158 133 3202 e
152 3141 322 3223 uituperii.
343 3141 371 3205 ll
390 3142 457 3205 che
476 3148 561 3222 perb
583 3143 672 3206 (leue
690 3117 797 3224 parer
821 3143 931 3221 assai,
953 3143 1102 3207 essendo
1123 3143 1188 3207 che
1210 3153 1334 3223 questa

115 3257 209 3324 gente
224 3255 243 3312 e
257 3251 365 3314 molto
380 3259 511 3330 pronta
534 3251 601 3313 alle
621 3249 786 3314 uendette
806 3269 825 3313 e
843 3249 1066 3315 ricordeuole
1085 3250 1165 3314 dell’
1184 3250 1335 3330 ingiurio

115 3355 255 3421 antiche.
271 3356 324 3420 Fu
339 3356 444 3420 ferito
460 3357 496 3419 in
512 3367 637 3439 questa
654 3357 741 3422 citta
755 3375 802 3420 un
816 3358 971 3437 giouane
986 3359 1080 3422 assai
1095 3358 1211 3422 nobile
1231 3357 1276 3420 da
1288 3375 1335 3420 un

117 3463 196 3525 altro
211 3463 243 3526 d’
260 3469 318 3528 eta
332 3464 427 3546 pari,
445 3481 503 3528 ma
526 3463 561 3528 di
576 3464 726 3529 costumi
740 3464 900 3544 diuerso,
916 3481 935 3527 e
958 3465 1125 3528 taimente
1147 3463 1250 3527 ferito
1271 3465 1336 3526 ebe

117 3566 143 3629 si
155 3567 313 3636 dubitaua
329 3570 588 3650 grandemente
603 3571 695 3635 della
709 3589 773 3634 sua
790 3573 915 3635 salute:
933 3569 1009 3634 bor'
1027 3571 1050 3634 il
1066 3570 1257 3634 malfattor'
1274 3587 1336 3651 per

118 3672 230 3740 timore
244 3677 279 3742 di
293 3694 364 3740 non
380 3678 488 3741 esser'
504 3678 684 3742 chiamato
701 3677 737 3741 in
757 3687 855 3742 corte
871 3678 930 3742 dal
949 3677 1089 3742 fratello
1105 3678 1139 3742 di
1159 3677 1239 3757 quel
1257 3677 1335 3741 feri·

119 3789 159 3860 to,
175 3785 200 3846 s'
213 3801 348 3864 ascose,
365 3802 438 3849 non
453 3784 616 3849 hauendo
632 3784 738 3848 ardir’
754 3786 788 3850 d'
804 3786 912 3849 uscir'
935 3785 1029 3850 iuori
1049 3785 1083 3848 di
1105 3803 1200 3849 casa.
1221 3785 1247 3848 Il
1269 3784 1337 3848 lra-

119 3892 191 3954 tello
208 3892 241 3956 di
259 3894 340 3974 quel
354 3893 457 3957 ferito
472 3894 506 3957 lo
524 3898 628 3956 cercb
648 3893 756 3971 assai,
773 3910 844 3956 non
858 3893 919 3974 gia
940 3911 1006 3956 con
1024 3894 1141 3957 animo
1162 3893 1197 3956 di
1218 3892 1337 3956 uendi·

119 3997 180 4060 car'
194 4001 215 4062 l’
231 4000 385 4080 ingiuria
401 4000 488 4064 satta
504 4001 539 4064 al
554 4000 704 4079 fratello,
721 4017 780 4064 ma
795 4001 863 4063 ben
877 4016 944 4063 con
961 4001 1154 4062 intentione
1166 3999 1201 4062 di
1212 4001 1337 4080 perdo·

119 4106 232 4186 nargli,
247 4125 311 4188 per
326 4107 391 4172 che
406 4117 548 4172 trouato
570 4107 636 4171 che
650 4108 673 4170 l'
698 4107 826 4185 hebbe,
848 4107 1122 4170 humanamente
1143 4106 1194 4186 gli
1213 4106 1337 4187 perdo-

119 4215 165 4273 nb.
181 4211 246 4277 Vn'
264 4217 355 4279 altro
371 4233 461 4279 anco
478 4215 522 4294 (d'
541 4215 624 4295 ogni
637 4213 717 4278 iode
733 4213 862 4294 degno)
883 4231 953 4276 non
969 4213 1140 4293 ignobile,
1156 4213 1222 4277 che
1238 4222 1337 4278 tanto

118 4319 377 4396 patientemente
396 4334 561 4386 sostcnne
583 4340 628 4386 un
650 4320 812 4400 schiaffo,
840 4321 905 4384 che
921 4338 991 4383 non
1006 4323 1081 4384 solo
1097 4338 1167 4384 non
1185 4338 1336 4384 cercaua

121 4473 318 4492 *-·-——·

156 4558 162 4589 ¹
190 4559 334 4618 Stephanae
345 4564 488 4618 scripserat
498 4564 682 4618 consapevotae.
731 4571 734 4578 ⁴

153 4629 165 4662 ¹
187 4631 420 4690 Sic3exlstimamus
431 4642 518 4682 tamen
529 4635 692 4680 scribendum
703 4634 851 4689 ioresome.
864 4634 1017 4679 Praevaluit
1033 4635 1100 4678 enlm
1111 4635 1135 4678 ln
1146 4634 1225 4679 ltalia
1239 4643 1265 4681 ot
1277 4635 1339 4682 Sicl-

122 4697 160 4754 llt,
168 4709 193 4747 nt
202 4714 290 4752 narrat
302 4707 438 4763 agonen,
449 4710 496 4753 sub
506 4707 581 4752 linem
591 4708 651 4751 anni
661 4707 714 4750 1555
723 4713 749 4750 et
761 4707 834 4750 lnltlo
844 4707 984 4762 sequentia,
995 4717 1090 4761 magna
1101 4717 1217 4752 annonae
1228 4709 1338 4764 caritas,

123 4771 179 4818 unde
188 4775 279 4823 iactant
291 4787 330 4823 est
344 4787 371 4824 ut
386 4793 399 4823 e
410 4782 528 4834 proxima
539 4779 663 4823 Calabria
674 4781 761 4834 plures
772 4779 796 4822 in
807 4778 922 4823 Siciliam
933 4779 1094 4835 trajicerent.
