3472 5528
646 468 711 530 Au.
737 467 806 530 1556
1288 471 1342 532 207

127 607 312 696 flagremus:
329 615 365 681 id
379 616 493 697 ipsum
509 615 733 698 exposcimus
745 635 766 679 a
779 616 938 698 patribus
952 615 1190 695 fratribusque
1206 609 1339 682 nostris'
1445 615 1451 630 '

128 721 158 782 in
170 719 229 786 X.⁰
242 722 472 804 charissimis,
490 725 550 805 qui
564 726 696 790 ibidem
711 722 851 788 adsunt.

178 827 420 910 Salmanticae,
433 831 546 911 pridie
558 831 739 896 Kalendas
751 831 833 895 Maii
849 829 936 894 1556.

431 936 601 1018 Indignus
614 938 716 1018 filius,

1013 1153 1141 1219 Ruani
1158 1153 1179 1216 ¹.

67 1557 69 1566 J
176 1475 437 1557 Superscriptio
452 1477 490 1539 in
506 1481 637 1556 quarta
647 1475 804 1556 pagina:
819 1473 843 1555 †
857 1475 957 1558 Jhus.
975 1474 1021 1540 Al
1037 1494 1121 1556 muy
1136 1475 1212 1540 R.‘¹⁰
1224 1475 1338 1541 Padre

121 1595 253 1647 nuestro
268 1601 312 1648 en
328 1583 419 1664 Xpo.
438 1585 470 1647 el
484 1582 522 1646 P.
539 1583 602 1648 ΜΡ
617 1583 755 1663 Ignatio
771 1583 814 1646 de
829 1581 978 1662 Loyola,
995 1583 1174 1664 preposito
1189 1587 1333 1664 general

123 1689 162 1751 de
176 1690 208 1752 la
223 1689 418 1772 Compailia
434 1690 476 1753 de
490 1689 605 1772 JesuS,
622 1708 666 1754 en
682 1689 805 1754 Roma.

174 1797 255 1860 Alia
269 1815 393 1860 manu:
411 1798 498 1861 1556.
514 1796 731 1862 Salmantica
759 1795 1043 1875 Quadrimestres
1059 1795 1099 1859 30
1112 1795 1259 1878 Aprilis

174 1905 293 1968 Manet
305 1905 504 1986 vestigium
520 1921 620 1967 cerae
635 1905 765 1968 rubrae
780 1903 912 1983 sigilli.

167 2893 364 2956 Franciscus
378 2895 537 2958 Adornus

200 2993 288 3054 Patri
301 2994 432 3069 ignatio
445 2993 486 3054 de
500 2994 640 3070 Loyola.

235 3089 456 3160 Conimbrica‚
469 3093 506 3152 30
520 3093 644 3193 Aprilis
661 3093 729 3152 1556
743 3095 766 3150 ¹.

686 3275 761 3393 uis

169 3517 250 3599 Muy
266 3518 345 3584 R.d⁰
366 3536 411 3581 en
425 3518 567 3582 Christo
581 3517 708 3582 Padre.

168 3625 219 3689 La
232 3643 371 3690 summa
385 3625 503 3704 gratia
516 3643 542 3704 y
557 3623 658 3689 amor
673 3625 716 3689 de
740 3635 884 3690 nuestro
910 3625 1024 3689 Senor
1040 3643 1138 3689 more
1161 3624 1204 3688 de
1224 3624 1335 3687 conti·

117 3748 180 3796 nuo
194 3752 237 3796 en
251 3743 417 3797 nuestras
433 3733 580 3796 animas
604 3731 729 3796 Amen.

168 3839 256 3904 Para
271 3840 422 3920 complir
437 3841 471 3903 lo
491 3857 557 3920 que
581 3838 626 3903 V.
653 3837 692 3901 P.
720 3857 785 3904 nos
811 3840 903 3904 tiene
929 3840 1106 3904 mandado
1134 3855 1261 3902 acerca
1277 3838 1332 3902 del

21 4033 22 4038 ἵ
116 3947 241 4010 screuir
252 3945 326 4011 dei
341 3964 386 4010 en
398 3945 420 4008 4
433 3963 547 4010 meses
563 3948 596 4010 lo
616 3963 684 4027 que
709 3948 741 4009 el
765 3945 877 4012 Seuor
902 3965 966 4028 por
981 3965 1022 4010 su
1038 3945 1178 4010 bondad
1196 3961 1233 4008 se
1248 3944 1332 4008 dina

115 4052 211 4116 obrar
226 4072 290 4134 por
304 4063 401 4118 estos
412 4070 473 4117 sus
481 4051 581 4132 iujos,
596 4071 640 4116 en
657 4063 732 4116 esta
748 4054 972 4118 breuemente
984 4055 1016 4116 le
1029 4054 1193 4116 daremus
1204 4061 1332 4115 cuenta

115 4158 224 4224 destos
238 4162 381 4224 ultimos
402 4161 551 4224 imeses
574 4160 775 4240 pasados;a
797 4160 1069 4240 primerarnente
1094 4159 1272 4224 habiando
1291 4157 1334 4246 de

148 4365 156 4398 ¹
182 4367 360 4410 videturesse
372 4365 398 4408 P.
410 4365 538 4410 Antonius
547 4365 578 4408 de
591 4363 688 4417 Rueua,
699 4366 741 4419 qul
752 4377 819 4408 auno
829 4365 979 4419 praecedetl
992 4364 1166 4409 Salmantlcae
1178 4365 1336 4408 Societatem

114 4443 148 4480 rrt
158 4439 298 4494 ingressus.

147 4511 158 4538 ⁹
184 4511 353 4569 Archetypae
364 4511 459 4566 duplici
468 4511 537 4566 sollo.
549 4524 589 4556 nn.
600 4512 641 4556 547
652 4519 676 4556 et
687 4509 734 4554 548.
746 4509 775 4552 In
786 4510 817 4552 lis
828 4509 880 4552 alla
892 4520 982 4553 manus
992 4509 1129 4562 epistolum
1145 4507 1276 4560 exaravit,
1286 4507 1339 4551 alla

116 4591 237 4634 postrema
248 4587 338 4638 verba,
349 4584 383 4628 de
395 4583 517 4628 Coimbra
520 4613 560 4628 .....
564 4581 707 4635 -Odomo,·
718 4583 782 4626 haec
794 4587 963 4624 autemcerte
973 4586 1073 4624 nonest
1084 4578 1216 4624 Fruuclsel
1231 4580 1338 4630 Adurni.

115 4656 154 4698 sed
161 4656 214 4711 ejus
221 4657 262 4710 qul
272 4657 421 4702 versionem
429 4657 547 4710 latinam,
555 4666 614 4701 mox
623 4667 639 4700 a
646 4655 719 4700 nobis
730 4653 963 4706 transcribendam.
972 4652 1132 4706 subscripsit,
1140 4651 1249 4702 scillcet,
1258 4651 1338 4694 Anto·

117 4727 148 4770 uli
159 4729 288 4773 audrade.
