3472 5528
379 482 434 542 296
765 483 936 546 erreaaa
954 499 1225 556 quaomncsrnas

379 631 525 711 ficuum,
550 632 768 700 laboriosum
790 642 909 698 tamen
926 634 973 698 sit
992 641 1098 716 atque
1118 651 1163 698 ex
1183 634 1302 714 aliqua
1321 642 1422 714 parte
1444 633 1622 710 inconne-

379 739 491 819 niens,
508 757 641 822 nosque
663 759 684 804 a
705 741 821 820 rebus,
844 759 934 830 quae
955 741 1072 822 magis
1089 751 1229 822 urgent,
1252 739 1431 822 impediat,
1453 739 1489 808 in
1507 757 1619 822 prae·
1722 789 1723 798 ,

379 847 574 916 sentiarum
588 848 644 914 his
658 849 726 930 piis
739 849 834 914 votis
843 847 1008 916 satisfieri
1022 866 1094 914 non
1104 849 1243 930 poterit.
1256 848 1418 914 Laudent
1429 865 1493 930 pro
1505 847 1619 912 nobis
1722 845 1723 848 ’

379 953 654 1037 omnipotentem
669 957 908 1038 optimumque
920 955 1034 1040 Deum
1045 965 1206 1022 nostrum
1217 973 1341 1022 omnes
1351 954 1471 1036 angeli
1482 963 1517 1020 et
1527 971 1616 1020 san·
1722 1035 1723 1044 ἵ

379 1061 427 1126 cti
440 1059 527 1144 eJus,
548 1063 610 1145 qui
629 1080 709 1130 cum
729 1063 778 1130 ita
796 1062 927 1131 dudum
950 1064 1040 1130 inter
1061 1060 1227 1144 odibiles,
1248 1081 1377 1128 exosos
1399 1071 1504 1145 atque
1525 1079 1617 1128 con·
1722 1145 1723 1158 ἵ

379 1169 591 1251 temptibiles
619 1170 686 1240 sibi
711 1171 867 1239 maxima
892 1169 996 1251 hujus
1020 1170 1142 1254 populi
1166 1187 1251 1253 pars
1274 1187 1342 1245 nos
1366 1169 1617 1252 computabat,
1722 1179 1723 1208 l

379 1279 451 1342 iam
465 1277 609 1344 nuncin
624 1279 815 1344 multorum
834 1279 999 1350 cordibus
1019 1295 1151 1348 nouum
1168 1276 1358 1361 quemdam
1376 1277 1616 1360 eumdemque

378 1383 555 1456 intensum
567 1385 738 1452 excitauit
753 1386 917 1454 affectum
932 1386 968 1451 in
983 1386 1114 1450 virtute
1127 1385 1335 1468 proficiendi
1349 1403 1458 1468 opera
1473 1395 1508 1453 ct
1522 1404 1614 1450 con·
1722 1377 1723 1416 ³

377 1490 467 1560 siliis
478 1492 609 1566 nostris
623 1495 855 1575 propriasque
870 1493 906 1557 in
921 1493 1053 1558 nostris
1067 1492 1230 1564 manibus
1243 1493 1382 1558 animas
1401 1510 1525 1560 secure
1548 1493 1614 1560 de·

377 1608 524 1681 ponant.
539 1599 728 1670 Praeterea
742 1601 788 1666 ad
802 1599 960 1666 infirmos
975 1601 1161 1682 aliquoties
1179 1600 1304 1667 Patres
1324 1610 1508 1667 vocantur:
1530 1617 1615 1666 mo·
1722 1617 1723 1700 J

377 1706 499 1772 rituris
513 1706 653 1788 adsunt,
670 1725 800 1790 eosque
811 1705 938 1789 junant
952 1716 991 1772 vt
1006 1708 1043 1772 in
1056 1706 1210 1775 Domino
1223 1707 1505 1790 proficiscantur:
1519 1709 1611 1774 mul·

376 1823 495 1881 torum
523 1813 756 1896 indigentium
784 1813 1053 1882 necessitatibus
1080 1832 1127 1879 ex
1154 1814 1377 1882 eleemosinis
1408 1815 1613 1896 aliquorum

376 1922 452 2004 (qui
464 1921 567 1986 nobis
581 1933 662 1988 sunt
677 1921 870 2000 familiares
885 1931 920 1986 et
934 1921 1064 2002 deuoti)
1080 1921 1268 2003 aliquando
1283 1939 1329 1988 ex
1342 1921 1455 1990 mutui
1469 1921 1612 1989 liberali
1722 1997 1723 2000 Ἴ

377 2029 616 2111 praestatione
631 2046 718 2094 cura
733 2037 767 2096 et
782 2029 963 2110 diligentia
977 2038 1100 2094 nostra
1115 2029 1296 2095 subueniri
1310 2030 1414 2095 solet:
1430 2047 1500 2112 qua
1514 2029 1551 2094 in
1565 2047 1611 2096 re
1722 2031 1723 2034 ’

377 2145 527 2219 utraque
542 2137 692 2216 contigit
707 2136 971 2202 misericordiae
986 2152 1094 2216 opera
1109 2137 1280 2217 exerceri;
1297 2137 1380 2204 dum
1395 2136 1500 2216 enim,
1515 2153 1613 2218 quae
1722 2111 1723 2194 J

377 2243 520 2326 corpori
538 2245 740 2310 necessaria
761 2254 853 2325 sunt,
874 2245 1049 2327 aliquibus
1069 2244 1280 2325 tribuuntur,
1302 2244 1529 2317 conscientiis
1549 2261 1609 2308 eo·
1722 2303 1723 2306 ,

377 2369 467 2450 rum,
494 2369 583 2433 quas
603 2351 793 2433 aliquando
812 2352 1039 2428 aduersarius
1058 2361 1180 2418 noster
1198 2360 1356 2433 egestate
1377 2351 1505 2418 misere
1528 2368 1611 2433 pre·
1722 2413 1723 2422 ,

376 2457 450 2538 mit,
466 2458 618 2526 salubris
632 2458 805 2525 medicina
824 2459 1045 2540 propinatur.
1067 2458 1231 2525 Pluribus
1250 2459 1357 2525 etiam
1378 2458 1468 2548 aliis,
1490 2458 1608 2522 diuer·
1722 2461 1723 2500 ³

376 2567 494 2649 sisque
508 2566 692 2632 charitatis
706 2567 882 2649 operibus,
898 2576 1004 2648 prout
1018 2583 1068 2648 se,
1085 2583 1179 2634 nunc
1192 2564 1293 2648 baec,
1305 2583 1399 2634 nunc
1415 2565 1485 2645 alia
1502 2583 1540 2630 se
1555 2568 1609 2632 of·

375 2675 443 2744 sert
457 2673 663 2753 necessitas,
679 2682 800 2756 patres
815 2673 995 2742 intendere
1006 2675 1133 2740 solent:
1147 2683 1180 2738 et
1192 2691 1298 2756 saepe
1309 2673 1483 2754 contingit
1496 2673 1610 2754 (quod

376 2782 412 2847 in
425 2781 638 2864 quibusdam
651 2791 820 2862 expertus
833 2799 913 2846 sum
927 2791 961 2847 et
976 2781 1165 2868 aliquandp
1186 2799 1231 2846 ex
1251 2780 1411 2863 patribus
1432 2781 1609 2857 intellexi)

375 2897 414 2956 vt
428 2889 624 2970 gratissimi
639 2888 716 2954 Deo
730 2897 852 2954 nostro
867 2905 1054 2956 successus
1067 2890 1243 2956 eueniant.

435 2997 475 3063 Ρ.
502 2995 759 3062 Santanderius
788 2997 918 3079 optime
941 2998 1153 3063 concionari
1180 2999 1270 3062 solet
1297 2997 1483 3078 placetque
1512 3013 1611 3060 com·

375 3104 526 3174 muniter
559 3104 800 3184 audientibus,
830 3122 980 3187 quorum
1009 3122 1204 3171 concursus
1237 3104 1302 3170 suit
1329 3104 1461 3186 pluries
1491 3120 1611 3184 usque

374 3197 464 3281 ad'eo
478 3212 656 3294 frequens,
678 3221 717 3276 vt
731 3213 900 3278 sacellum
922 3221 1081 3278 nostrum
1101 3228 1230 3292 capere
1249 3228 1311 3276 eos
1325 3209 1517 3292 aliquando
1532 3227 1611 3276 non
1698 3204 1704 3212 ’

375 3329 510 3401 posset:
533 3321 721 3386 nonnullas
736 3321 928 3384 conciones
942 3319 1066 3386 habuit
1080 3319 1192 3400 domi,
1209 3319 1300 3386 alias
1313 3335 1399 3387 vero
1414 3318 1450 3382 in
1465 3318 1610 3399 quibus·

376 3427 458 3496 darn
479 3427 763 3509 parrochialibus
783 3426 960 3506 ecclesiis;
987 3435 1022 3492 et
1047 3426 1149 3490 nobis
1174 3443 1219 3493 ex
1243 3427 1362 3492 multis
1386 3433 1613 3506 compertum

376 3544 440 3613 est,
459 3535 553 3616 quod
566 3550 697 3614 magna
719 3533 962 3615 proximorum
982 3533 1211 3598 conscientiis
1231 3549 1277 3599 ex
1298 3533 1354 3598 his
1375 3531 1611 3600 concionibus

376 3641 564 3723 proueniat
584 3641 728 3706 utilitas.
747 3639 976 3705 Praecedenti
996 3640 1156 3722 proxime
1173 3640 1447 3722 quadragesima
1462 3639 1608 3722 inquisi-

375 3759 432 3814 tor
446 3749 590 3831 quidam
604 3748 805 3814 haereticae
819 3748 1023 3829 prauitatis,
1040 3748 1153 3812 nostri
1173 3747 1456 3825 amantissimus,
1479 3746 1607 3812 visita-

374 3865 474 3922 turus
489 3859 525 3922 in
540 3857 608 3920 hoc
623 3871 734 3936 regno
749 3872 873 3920 eorum
886 3856 977 3934 loca,
991 3855 1050 3935 qui
1065 3872 1110 3919 ex
1124 3863 1223 3920 secta
1237 3853 1475 3920 mahometica
1487 3854 1607 3921 denuo

374 3963 421 4028 ad
442 3963 546 4030 tidem
567 3963 699 4029 Christi
719 3964 883 4028 conuersi
902 3971 1000 4044 sunt,
1023 3961 1165 4031 Patrem
1190 3961 1464 4028 Santanderium
1483 3977 1608 4028 secum

374 4070 498 4136 detulit
517 4071 565 4150 (id
584 4070 681 4151 prins
701 4071 876 4136 instanter
897 4079 1019 4152 petens
1041 4079 1076 4134 et
1098 4069 1295 4149 affectans),
1319 4071 1381 4151 qui
1401 4069 1608 4139 huiusmodi

374 4178 574 4244 huminibus
585 4176 782 4244 doctrinam
793 4187 986 4259 exponeret
996 4177 1241 4257 christianam,
1251 4177 1608 4259 eosqueiniis,qoae

375 4285 421 4351 ad
445 4285 548 4352 fidem
572 4294 732 4350 nostram
758 4294 964 4365 expectant,
991 4282 1236 4350 concionando
1261 4283 1422 4364 doceret;
1448 4285 1544 4365 quod
1568 4297 1607 4352 et

375 4392 550 4474 praestitit
576 4409 647 4457 non
672 4391 748 4457 sine
772 4409 902 4472 magno
928 4391 1089 4472 proiectu
1114 4391 1271 4456 illorum:
1297 4391 1357 4472 qui
1385 4391 1526 4475 quidem
1551 4400 1608 4460 tot
1722 4433 1723 4442 κ

376 4499 658 4580 compunctionis
686 4499 1021 4580 resipiscentiaeque
1045 4507 1297 4580 expresserunt
1321 4499 1441 4580 signa,
1469 4509 1508 4566 vt
1532 4516 1607 4589 qun

375 4604 552 4672 modicam
567 4617 601 4672 et
616 4606 803 4688 inquisitor
817 4615 852 4674 et
866 4623 946 4670 eum
965 4606 1176 4678 comitantes
1197 4606 1426 4686 conceperint
1445 4622 1544 4688 spem
1558 4605 1605 4682 de

376 4713 596 4783 correctione
610 4713 884 4794 praedictorum:
902 4713 960 4794 qui
973 4714 1112 4796 quidem
1125 4714 1307 4794 hucusque
1322 4723 1360 4778 vt
1375 4713 1411 4778 in
1427 4711 1603 4790 Altissimi
