3436 5526
692 387 765 500 'nn
787 439 856 500 raas
899 387 902 394 Δ
941 403 944 410 “
1335 404 1412 502 ωὲο*

158 585 253 680 ribus
264 581 423 666 erogent
439 583 589 667 denique
600 586 726 664 vitam,
739 603 847 668 quam
862 587 1003 654 incaute
1014 604 1053 650 se
1065 587 1199 651 vixisse
1213 586 1381 677 fatentur,

156 693 192 756 in
214 688 340 756 melius
358 701 586 758 commutent.
612 693 747 761 Amant
771 693 999 764 vehanemer
1014 702 1161 775 patres,
1185 683 1404 777 redeatque

157 815 279 864 eorum
293 800 426 866 iudicio
444 817 519 864 rem
540 817 682 865 omnem
700 815 802 866 suam
821 801 1036 866 familiarem.
1052 801 1264 866 distribuere
1279 797 1388 884 atque

158 907 192 969 in
208 923 287 971 eam
301 924 378 971 rem
393 907 481 972 dant
496 923 640 988 operam
656 916 690 971 et
705 917 833 988 urgent
849 917 886 972 ut
901 906 976 972 fiat.
1146 977 1149 986 ,
1358 897 1361 907 ’

210 1013 362 1095 Aliquot
377 1015 448 1079 iam
464 1014 567 1078 annis
581 1013 672 1079 inter
692 1015 783 1080 duos
804 1031 850 1079 ex
871 1015 1085 1096 primoribus
1105 1016 1211 1080 huius
1231 1017 1388 1080 civitatis

156 1119 272 1185 luerat
285 1121 431 1186 suborta
452 1122 496 1185 lis
514 1137 620 1204 super
634 1139 674 1186 re
688 1139 759 1186 non
781 1122 899 1188 minus
919 1123 1026 1202 gravi
1045 1139 1154 1204 quam
1167 1123 1384 1210 periculosa,¹

156 1245 262 1308 quam
276 1229 376 1293 multi
391 1229 563 1293 hactenus
578 1229 696 1293 conati
712 1239 793 1294 sunt
809 1228 1027 1309 rescindere,
1044 1230 1107 1296 sed
1127 1230 1278 1314 trustra.
1291 1230 1387 1294 Ten·

155 1344 275 1400 tarunt
290 1354 365 1400 rem
379 1336 523 1418 quidam
538 1354 583 1400 ex
597 1336 767 1416 patribus,
785 1335 973 1417 implorato
988 1336 1123 1402 auxilio
1138 1337 1273 1402 divino:
1292 1338 1387 1418 yotis

152 1444 337 1524 respondit
351 1453 511 1523 evenurs,
528 1443 622 1526 quod
638 1443 741 1510 cedat
755 1444 792 1508 in
806 1442 873 1509 Dei
888 1442 1052 1524 gloriam.
1073 1442 1164 1508 Nam
1182 1461 1255 1510 non
1269 1446 1385 1510 solum

154 1549 325 1615 distracta
340 1551 586 1615 controversia
600 1561 665 1630 est,
682 1567 751 1631 qua
766 1552 908 1632 planum
923 1561 1000 1614 erat
1014 1568 1118 1616 omne
1130 1550 1259 1627 lorum,
1273 1552 1336 1616 sed
1350 1539 1387 1616 in

154 1675 329 1722 summam
344 1658 495 1737 gratiam
512 1658 666 1736 redacti,
684 1657 837 1738 benigno
852 1674 1047 1738 congressu
1069 1658 1199 1722 mutuis
1215 1658 1385 1739 amplexi-

153 1765 219 1828 bus
233 1765 537 1846 familiaribusque
553 1764 714 1845 alloquiis
729 1764 764 1828 in
780 1764 834 1828 his
848 1765 980 1828 nostris
1000 1765 1147 1829 aedibus
1169 1781 1383 1845 propensam

153 1874 243 1935 alter
258 1871 294 1935 in
310 1873 461 1936 alterum
476 1871 584 1936 animi
599 1873 820 1937 voluntatem
835 1869 1015 1935 testificati
1030 1881 1124 1936 sunt.

213 1976 269 2042 De
283 1995 475 2043 sarraceno
490 1995 570 2043 cum
586 1979 794 2044 sumendum
814 1989 907 2043 esset
926 1979 1154 2061 supplicium,
1171 1979 1292 2044 divina
1314 1996 1382 2060 ope

152 2084 316 2151 eflectum
331 2096 395 2165 est,
412 2094 450 2150 ut
465 2085 510 2150 ad
525 2086 629 2150 fidem
644 2096 802 2150 nostram
823 2103 1018 2152 conversus
1039 2103 1082 2150 ac
1096 2087 1297 2168 baptizatus
1311 2087 1381 2167 pie,

153 2203 193 2258 ut
207 2195 385 2276 apparuit,
402 2211 445 2258 ac
460 2193 653 2259 christiane
668 2213 713 2258 ex
728 2195 796 2258 hac
812 2195 886 2258 vita
900 2193 1081 2274 migravit.
1205 2266 1209 2274 ,

211 2299 266 2364 De
282 2301 403 2366 schola
419 2301 584 2376 breviter;
599 2311 738 2382 praeter
754 2301 954 2366 auditorum
965 2318 1162 2380 numerum,
1174 2301 1237 2382 qui
1250 2301 1287 2365 in
1301 2299 1379 2366 dies

151 2417 316 2488 augetur,
332 2425 404 2471 non
420 2409 496 2472 sine
510 2409 670 2491 proiectu
682 2417 716 2473 et
731 2409 881 2490 spiritali
893 2418 927 2472 et
938 2409 1095 2473 literario
1111 2407 1167 2473 die
1181 2407 1377 2472 beatissimi

150 2514 270 2579 Lucae
286 2533 331 2578 ex
344 2514 513 2580 iratribus
529 2494 772 2596 unus‘publice
787 2516 982 2580 orationem
1004 2515 1125 2579 habuit
1145 2514 1180 2578 in
1202 2531 1380 2580 commen·

150 2621 332 2687 dationem
355 2622 603 2687 scientiarum:
625 2624 760 2703 placuit
787 2639 895 2704 supra
918 2622 1072 2686 modum.
1098 2620 1303 2686 Orationem
1324 2639 1379 2686 se-

149 2737 281 2808 quutae
306 2739 387 2792 sunt
405 2728 662 2810 disputationes
682 2729 908 2809 dialecticae,
931 2745 1022 2810 quae
1042 2728 1163 2809 praelo
1190 2726 1381 2793 mandatae

149 2835 262 2899 variis
278 2835 315 2899 in
329 2835 418 2901 locis
432 2835 559 2900 affixae
574 2848 666 2901 sunt.
684 2836 846 2901 Perstant
859 2837 895 2901 in
907 2835 1111 2916 disputandi
1123 2836 1380 2900 exercitatione

149 2942 248 3007 iuxta
263 2943 523 3024 praescriptam
538 2943 573 3007 in
588 2944 722 3024 regulis
736 2944 897 3009 sormam.
916 2943 984 3023 Qui
996 2959 1084 3007 vero
1099 2943 1206 3007 latine
1222 2942 1375 3022 student,

148 3048 301 3114 dicendo
321 3060 356 3114 et
375 3051 619 3131 componendo
645 3067 682 3114 se
704 3059 882 3115 exercent.
910 3050 1049 3114 Cedunt
1075 3050 1193 3114 omnia
1217 3049 1379 3130 ieliciter,

147 3156 294 3220 Christo
310 3157 466 3238 auspice,
483 3157 540 3220 cui
556 3157 601 3221 sit
616 3157 742 3238 gloria.

206 3262 408 3344 Tragoedia
423 3273 504 3327 acta
519 3273 584 3344 est,
601 3281 666 3328 nec
681 3263 822 3328 defuere
837 3265 897 3345 qui
918 3265 964 3329 ad
982 3263 1243 3328 consessionem
1257 3261 1379 3328 consu·

146 3371 266 3448 gerint
281 3371 449 3435 commoti
472 3371 673 3437 miserando
693 3371 817 3452 Euripi
838 3373 952 3450 exitu;
976 3388 1059 3435 nam
1079 3371 1115 3435 id
1137 3381 1213 3435 erat
1237 3380 1379 3452 tragoe-

147 3479 228 3542 diae
244 3496 383 3558 nomen,
400 3495 491 3561 quae
507 3481 633 3544 mortis
647 3490 751 3560 atque
767 3480 895 3543 inferni
914 3480 1106 3559 imaginem
1129 3477 1376 3542 adumbrabat.

206 3585 308 3649 Haec
323 3603 361 3649 se
382 3585 535 3650 offerunt
554 3585 754 3650 scribenda.
775 3571 900 3650 Patres
919 3594 954 3650 et
976 3585 1107 3650 fratres
1125 3594 1222 3649 recte
1244 3584 1375 3661 valent,

148 3691 293 3758 Christo
306 3691 455 3772 gratias.
472 3691 581 3757 Suum
604 3693 752 3775 quisque
774 3710 902 3757 munus
921 3703 1047 3756 curant
1067 3675 1266 3772 diligenter.
1289 3689 1376 3753 Peti·

147 3817 227 3864 mus
248 3799 453 3880 suppliciter
472 3800 636 3880 precibus
661 3797 737 3864 Pstss
755 3811 838 3864 tuae
858 3800 1060 3864 tumetium
1082 3805 1222 3879 patrum
1242 3813 1285 3860 ac
1307 3796 1376 3860 lra-

149 3917 242 3972 trum
258 3907 434 3982 adiuvari,
451 3923 541 3987 quos
557 3923 679 3971 omnes
695 3908 730 3971 in
746 3905 888 3972 Christo
902 3907 988 3989 Jesu
1003 3907 1123 3968 valere
1138 3913 1302 3985 optamus
1318 3921 1378 3966 ve-

148 4014 343 4080 hementer.

206 4121 406 4203 Cordubae,
419 4118 537 4203 'pridie
552 4123 719 4188 calendas
733 4121 912 4206 Januarii‚
931 4139 1024 4186 anno
1045 4121 1134 4184 1556.

370 4227 425 4293 Ex
439 4230 687 4295 commissione
702 4230 740 4294 P.
758 4230 932 4312 Alphonsi
947 4229 1077 4310 Lopez,

469 4336 508 4400 P.
530 4337 570 4400 T.
588 4337 856 4419 indignissimus
870 4337 962 4400 filius

569 4455 604 4509 et
619 4462 745 4508 servus
759 4445 794 4507 in
807 4444 971 4522 Domino,
