<?xml version="1.0" encoding="UTF-8"?>
<!DOCTYPE html PUBLIC "-//W3C//DTD XHTML 1.0 Transitional//EN"
    "http://www.w3.org/TR/xhtml1/DTD/xhtml1-transitional.dtd">
<html xmlns="http://www.w3.org/1999/xhtml" xml:lang="en" lang="en">
 <head>
  <title>
</title>
<meta http-equiv="Content-Type" content="text/html;charset=utf-8" />
  <meta name='ocr-system' content='tesseract 3.04.00' />
  <meta name='ocr-capabilities' content='ocr_page ocr_carea ocr_par ocr_line ocrx_word'/>
</head>
<body>
  <div class='ocr_page' id='page_1' title='image "./litteraequadrim00jesugoog/litteraequadrim00jesugoog_0392.png"; bbox 0 0 3410 5528; ppageno 0'>
   <div class='ocr_carea' id='block_1_1' title="bbox 393 491 1241 560">
    <p class='ocr_par' dir='ltr' id='par_1_1' title="bbox 393 491 1241 560">
     <span class='ocr_line' id='line_1_1' title="bbox 393 491 1241 560; baseline 0.004 -10"><span class='ocrx_word' id='word_1_1' title='bbox 393 491 447 550; x_wconf 71' lang='lat' dir='ltr'>libo</span> <span class='ocrx_word' id='word_1_2' title='bbox 779 491 951 552; x_wconf 75' lang='lat' dir='ltr'>erreaaa</span> <span class='ocrx_word' id='word_1_3' title='bbox 969 507 1241 560; x_wconf 75' lang='lat' dir='ltr'>Quannmasrnns</span> 
     </span>
    </p>
   </div>
   <div class='ocr_carea' id='block_1_2' title="bbox 386 636 1616 3816">
    <p class='ocr_par' dir='ltr' id='par_1_2' title="bbox 389 636 1607 2208">
     <span class='ocr_line' id='line_1_2' title="bbox 394 636 1606 717; baseline 0.001 -19"><span class='ocrx_word' id='word_1_4' title='bbox 394 653 433 699; x_wconf 92' lang='lat' dir='ltr'>re</span> <span class='ocrx_word' id='word_1_5' title='bbox 447 637 587 714; x_wconf 87' lang='lat' dir='ltr'>audeat,</span> <span class='ocrx_word' id='word_1_6' title='bbox 604 636 649 699; x_wconf 91' lang='lat' dir='ltr'>ab</span> <span class='ocrx_word' id='word_1_7' title='bbox 665 637 744 699; x_wconf 85' lang='lat' dir='ltr'>aliis</span> <span class='ocrx_word' id='word_1_8' title='bbox 759 653 842 700; x_wconf 87' lang='lat' dir='ltr'>mox</span> <span class='ocrx_word' id='word_1_9' title='bbox 854 637 1135 717; x_wconf 86' lang='lat' dir='ltr'>reprehenditur:</span> <span class='ocrx_word' id='word_1_10' title='bbox 1148 647 1183 700; x_wconf 91' lang='lat' dir='ltr'>et</span> <span class='ocrx_word' id='word_1_11' title='bbox 1198 638 1339 716; x_wconf 87' lang='lat' dir='ltr'>quando</span> <span class='ocrx_word' id='word_1_12' title='bbox 1351 653 1416 700; x_wconf 92' lang='lat' dir='ltr'>nos</span> <span class='ocrx_word' id='word_1_13' title='bbox 1428 638 1606 700; x_wconf 88' lang='lat' dir='ltr'>aduentare</span> 
     </span>
     <span class='ocr_line' id='line_1_3' title="bbox 392 742 1604 824; baseline -0.001 -18"><span class='ocrx_word' id='word_1_14' title='bbox 392 743 549 822; x_wconf 90' lang='lat' dir='ltr'>audiunt,</span> <span class='ocrx_word' id='word_1_15' title='bbox 565 761 637 807; x_wconf 92' lang='lat' dir='ltr'>non</span> <span class='ocrx_word' id='word_1_16' title='bbox 656 743 784 824; x_wconf 89' lang='lat' dir='ltr'>estqui</span> <span class='ocrx_word' id='word_1_17' title='bbox 805 744 932 808; x_wconf 89' lang='lat' dir='ltr'>mutire</span> <span class='ocrx_word' id='word_1_18' title='bbox 951 743 1091 808; x_wconf 83' lang='lat' dir='ltr'>audeat.</span> <span class='ocrx_word' id='word_1_19' title='bbox 1115 742 1189 808; x_wconf 91' lang='lat' dir='ltr'>Imo</span> <span class='ocrx_word' id='word_1_20' title='bbox 1208 745 1281 808; x_wconf 90' lang='lat' dir='ltr'>iam</span> <span class='ocrx_word' id='word_1_21' title='bbox 1296 745 1363 808; x_wconf 94' lang='lat' dir='ltr'>uiri</span> <span class='ocrx_word' id='word_1_22' title='bbox 1385 753 1420 806; x_wconf 89' lang='lat' dir='ltr'>et</span> <span class='ocrx_word' id='word_1_23' title='bbox 1443 746 1604 820; x_wconf 86' lang='lat' dir='ltr'>mulieres,</span> 
     </span>
     <span class='ocr_line' id='line_1_4' title="bbox 392 849 1605 930; baseline 0 -17"><span class='ocrx_word' id='word_1_24' title='bbox 392 850 524 930; x_wconf 91' lang='lat' dir='ltr'>pariter</span> <span class='ocrx_word' id='word_1_25' title='bbox 540 860 715 914; x_wconf 91' lang='lat' dir='ltr'>mortuum</span> <span class='ocrx_word' id='word_1_26' title='bbox 731 849 777 912; x_wconf 88' lang='lat' dir='ltr'>ad</span> <span class='ocrx_word' id='word_1_27' title='bbox 788 850 976 914; x_wconf 84' lang='lat' dir='ltr'>ecclesiam</span> <span class='ocrx_word' id='word_1_28' title='bbox 988 851 1210 930; x_wconf 80' lang='lat' dir='ltr'>comitanteS,</span> <span class='ocrx_word' id='word_1_29' title='bbox 1228 869 1299 916; x_wconf 91' lang='lat' dir='ltr'>non</span> <span class='ocrx_word' id='word_1_30' title='bbox 1316 861 1539 914; x_wconf 89' lang='lat' dir='ltr'>reuertuntur</span> <span class='ocrx_word' id='word_1_31' title='bbox 1550 852 1605 914; x_wconf 90' lang='lat' dir='ltr'>nisi</span> 
     </span>
     <span class='ocr_line' id='line_1_5' title="bbox 391 955 1605 1038; baseline 0 -20"><span class='ocrx_word' id='word_1_32' title='bbox 391 957 512 1020; x_wconf 90' lang='lat' dir='ltr'>audito</span> <span class='ocrx_word' id='word_1_33' title='bbox 523 973 628 1020; x_wconf 90' lang='lat' dir='ltr'>sacro</span> <span class='ocrx_word' id='word_1_34' title='bbox 640 965 674 1020; x_wconf 80' lang='lat' dir='ltr'>et</span> <span class='ocrx_word' id='word_1_35' title='bbox 686 973 849 1020; x_wconf 88' lang='lat' dir='ltr'>sermone</span> <span class='ocrx_word' id='word_1_36' title='bbox 861 957 979 1038; x_wconf 91' lang='lat' dir='ltr'>aliquo</span> <span class='ocrx_word' id='word_1_37' title='bbox 990 955 1034 1020; x_wconf 90' lang='lat' dir='ltr'>de</span> <span class='ocrx_word' id='word_1_38' title='bbox 1045 965 1196 1037; x_wconf 88' lang='lat' dir='ltr'>quatuor</span> <span class='ocrx_word' id='word_1_39' title='bbox 1207 956 1421 1020; x_wconf 90' lang='lat' dir='ltr'>nouissimis.</span> <span class='ocrx_word' id='word_1_40' title='bbox 1437 957 1515 1022; x_wconf 92' lang='lat' dir='ltr'>Hoc</span> <span class='ocrx_word' id='word_1_41' title='bbox 1526 957 1605 1020; x_wconf 88' lang='lat' dir='ltr'>enim</span> 
     </span>
     <span class='ocr_line' id='line_1_6' title="bbox 391 1061 1604 1141; baseline 0.001 -17"><span class='ocrx_word' id='word_1_42' title='bbox 391 1079 455 1140; x_wconf 95' lang='lat' dir='ltr'>pro</span> <span class='ocrx_word' id='word_1_43' title='bbox 470 1079 569 1126; x_wconf 92' lang='lat' dir='ltr'>more</span> <span class='ocrx_word' id='word_1_44' title='bbox 584 1063 710 1141; x_wconf 88' lang='lat' dir='ltr'>habeo,</span> <span class='ocrx_word' id='word_1_45' title='bbox 732 1072 780 1137; x_wconf 89' lang='lat' dir='ltr'>ut,</span> <span class='ocrx_word' id='word_1_46' title='bbox 802 1062 989 1126; x_wconf 88' lang='lat' dir='ltr'>monachis</span> <span class='ocrx_word' id='word_1_47' title='bbox 1003 1061 1157 1126; x_wconf 89' lang='lat' dir='ltr'>officium</span> <span class='ocrx_word' id='word_1_48' title='bbox 1176 1073 1394 1128; x_wconf 90' lang='lat' dir='ltr'>mortuorum</span> <span class='ocrx_word' id='word_1_49' title='bbox 1410 1065 1604 1141; x_wconf 87' lang='lat' dir='ltr'>dicentibus,</span> 
     </span>
     <span class='ocr_line' id='line_1_7' title="bbox 391 1169 1606 1251; baseline 0 -19"><span class='ocrx_word' id='word_1_50' title='bbox 391 1187 446 1232; x_wconf 90' lang='lat' dir='ltr'>me</span> <span class='ocrx_word' id='word_1_51' title='bbox 461 1169 506 1234; x_wconf 92' lang='lat' dir='ltr'>ad</span> <span class='ocrx_word' id='word_1_52' title='bbox 521 1186 665 1234; x_wconf 88' lang='lat' dir='ltr'>sacrum</span> <span class='ocrx_word' id='word_1_53' title='bbox 677 1186 899 1251; x_wconf 85' lang='lat' dir='ltr'>praeparem,</span> <span class='ocrx_word' id='word_1_54' title='bbox 916 1179 951 1233; x_wconf 90' lang='lat' dir='ltr'>et</span> <span class='ocrx_word' id='word_1_55' title='bbox 965 1171 1112 1234; x_wconf 90' lang='lat' dir='ltr'>missam</span> <span class='ocrx_word' id='word_1_56' title='bbox 1127 1186 1192 1250; x_wconf 90' lang='lat' dir='ltr'>pro</span> <span class='ocrx_word' id='word_1_57' title='bbox 1207 1171 1383 1234; x_wconf 84' lang='lat' dir='ltr'>defunctis</span> <span class='ocrx_word' id='word_1_58' title='bbox 1396 1171 1530 1250; x_wconf 77' lang='lat' dir='ltr'>dicenS,</span> <span class='ocrx_word' id='word_1_59' title='bbox 1544 1170 1606 1234; x_wconf 89' lang='lat' dir='ltr'>fini·</span> 
     </span>
     <span class='ocr_line' id='line_1_8' title="bbox 391 1277 1606 1359; baseline -0.002 -19"><span class='ocrx_word' id='word_1_60' title='bbox 391 1287 427 1339; x_wconf 92' lang='lat' dir='ltr'>to</span> <span class='ocrx_word' id='word_1_61' title='bbox 442 1277 641 1356; x_wconf 85' lang='lat' dir='ltr'>euangeli0,</span> <span class='ocrx_word' id='word_1_62' title='bbox 657 1277 785 1340; x_wconf 90' lang='lat' dir='ltr'>sedens</span> <span class='ocrx_word' id='word_1_63' title='bbox 799 1287 882 1340; x_wconf 89' lang='lat' dir='ltr'>ante</span> <span class='ocrx_word' id='word_1_64' title='bbox 898 1279 1021 1355; x_wconf 90' lang='lat' dir='ltr'>altare,</span> <span class='ocrx_word' id='word_1_65' title='bbox 1039 1278 1195 1358; x_wconf 87' lang='lat' dir='ltr'>aliquam</span> <span class='ocrx_word' id='word_1_66' title='bbox 1209 1277 1494 1342; x_wconf 85' lang='lat' dir='ltr'>exhortationem</span> <span class='ocrx_word' id='word_1_67' title='bbox 1509 1279 1606 1359; x_wconf 67' lang='lat' dir='ltr'>facio,</span> 
     </span>
     <span class='ocr_line' id='line_1_9' title="bbox 390 1383 1605 1466; baseline -0.001 -21"><span class='ocrx_word' id='word_1_68' title='bbox 390 1392 425 1446; x_wconf 88' lang='lat' dir='ltr'>ct</span> <span class='ocrx_word' id='word_1_69' title='bbox 439 1383 586 1447; x_wconf 88' lang='lat' dir='ltr'>multum</span> <span class='ocrx_word' id='word_1_70' title='bbox 600 1383 780 1462; x_wconf 84' lang='lat' dir='ltr'>gaudeant</span> <span class='ocrx_word' id='word_1_71' title='bbox 795 1401 833 1447; x_wconf 88' lang='lat' dir='ltr'>se</span> <span class='ocrx_word' id='word_1_72' title='bbox 854 1401 926 1448; x_wconf 93' lang='lat' dir='ltr'>non</span> <span class='ocrx_word' id='word_1_73' title='bbox 941 1385 1094 1464; x_wconf 86' lang='lat' dir='ltr'>obligari</span> <span class='ocrx_word' id='word_1_74' title='bbox 1106 1383 1152 1446; x_wconf 88' lang='lat' dir='ltr'>ad</span> <span class='ocrx_word' id='word_1_75' title='bbox 1166 1383 1226 1447; x_wconf 93' lang='lat' dir='ltr'>illa</span> <span class='ocrx_word' id='word_1_76' title='bbox 1241 1384 1398 1464; x_wconf 90' lang='lat' dir='ltr'>antiqua,</span> <span class='ocrx_word' id='word_1_77' title='bbox 1414 1385 1540 1466; x_wconf 92' lang='lat' dir='ltr'>quibus</span> <span class='ocrx_word' id='word_1_78' title='bbox 1553 1384 1605 1446; x_wconf 91' lang='lat' dir='ltr'>ali-</span> 
     </span>
     <span class='ocr_line' id='line_1_10' title="bbox 389 1490 1606 1571; baseline 0 -19"><span class='ocrx_word' id='word_1_79' title='bbox 389 1491 450 1569; x_wconf 92' lang='lat' dir='ltr'>qui</span> <span class='ocrx_word' id='word_1_80' title='bbox 468 1490 536 1554; x_wconf 88' lang='lat' dir='ltr'>sibi</span> <span class='ocrx_word' id='word_1_81' title='bbox 560 1490 646 1571; x_wconf 92' lang='lat' dir='ltr'>ipsis</span> <span class='ocrx_word' id='word_1_82' title='bbox 669 1491 792 1554; x_wconf 89' lang='lat' dir='ltr'>mortis</span> <span class='ocrx_word' id='word_1_83' title='bbox 813 1507 922 1554; x_wconf 88' lang='lat' dir='ltr'>causa</span> <span class='ocrx_word' id='word_1_84' title='bbox 937 1500 1050 1570; x_wconf 89' lang='lat' dir='ltr'>erant;</span> <span class='ocrx_word' id='word_1_85' title='bbox 1072 1490 1143 1554; x_wconf 89' lang='lat' dir='ltr'>imo</span> <span class='ocrx_word' id='word_1_86' title='bbox 1168 1507 1326 1554; x_wconf 88' lang='lat' dir='ltr'>errorem</span> <span class='ocrx_word' id='word_1_87' title='bbox 1344 1499 1502 1556; x_wconf 88' lang='lat' dir='ltr'>ueterem</span> <span class='ocrx_word' id='word_1_88' title='bbox 1524 1493 1606 1555; x_wconf 87' lang='lat' dir='ltr'>clare</span> 
     </span>
     <span class='ocr_line' id='line_1_11' title="bbox 389 1596 1606 1678; baseline -0.001 -19"><span class='ocrx_word' id='word_1_89' title='bbox 389 1606 658 1676; x_wconf 62' lang='lat' dir='ltr'>cognoscentes</span> <span class='ocrx_word' id='word_1_90' title='bbox 684 1596 847 1661; x_wconf 91' lang='lat' dir='ltr'>eumdem</span> <span class='ocrx_word' id='word_1_91' title='bbox 871 1598 1092 1661; x_wconf 88' lang='lat' dir='ltr'>detestantur</span> <span class='ocrx_word' id='word_1_92' title='bbox 1117 1607 1152 1660; x_wconf 91' lang='lat' dir='ltr'>et</span> <span class='ocrx_word' id='word_1_93' title='bbox 1178 1598 1214 1660; x_wconf 94' lang='lat' dir='ltr'>in</span> <span class='ocrx_word' id='word_1_94' title='bbox 1240 1597 1319 1661; x_wconf 91' lang='lat' dir='ltr'>aliis</span> <span class='ocrx_word' id='word_1_95' title='bbox 1342 1599 1606 1678; x_wconf 88' lang='lat' dir='ltr'>reprehendunt.</span> 
     </span>
     <span class='ocr_line' id='line_1_12' title="bbox 389 1703 1607 1782; baseline -0.001 -16"><span class='ocrx_word' id='word_1_96' title='bbox 389 1703 492 1767; x_wconf 90' lang='lat' dir='ltr'>Vnde</span> <span class='ocrx_word' id='word_1_97' title='bbox 506 1705 544 1767; x_wconf 91' lang='lat' dir='ltr'>in</span> <span class='ocrx_word' id='word_1_98' title='bbox 557 1705 718 1768; x_wconf 89' lang='lat' dir='ltr'>ecclesiis</span> <span class='ocrx_word' id='word_1_99' title='bbox 733 1704 900 1782; x_wconf 89' lang='lat' dir='ltr'>continui,</span> <span class='ocrx_word' id='word_1_100' title='bbox 918 1705 954 1768; x_wconf 94' lang='lat' dir='ltr'>in</span> <span class='ocrx_word' id='word_1_101' title='bbox 969 1704 1251 1768; x_wconf 79' lang='lat' dir='ltr'>confessionibus</span> <span class='ocrx_word' id='word_1_102' title='bbox 1265 1714 1300 1768; x_wconf 91' lang='lat' dir='ltr'>et</span> <span class='ocrx_word' id='word_1_103' title='bbox 1311 1706 1607 1768; x_wconf 87' lang='lat' dir='ltr'>communionibus</span> 
     </span>
     <span class='ocr_line' id='line_1_13' title="bbox 389 1809 1607 1892; baseline 0 -19"><span class='ocrx_word' id='word_1_104' title='bbox 389 1811 499 1873; x_wconf 92' lang='lat' dir='ltr'>multo</span> <span class='ocrx_word' id='word_1_105' title='bbox 516 1809 774 1890; x_wconf 83' lang='lat' dir='ltr'>frequentiores</span> <span class='ocrx_word' id='word_1_106' title='bbox 788 1812 893 1874; x_wconf 91' lang='lat' dir='ltr'>solito</span> <span class='ocrx_word' id='word_1_107' title='bbox 908 1811 1076 1889; x_wconf 85' lang='lat' dir='ltr'>existunt,</span> <span class='ocrx_word' id='word_1_108' title='bbox 1092 1810 1231 1891; x_wconf 84' lang='lat' dir='ltr'>gratias</span> <span class='ocrx_word' id='word_1_109' title='bbox 1245 1827 1404 1876; x_wconf 89' lang='lat' dir='ltr'>summas</span> <span class='ocrx_word' id='word_1_110' title='bbox 1418 1811 1495 1876; x_wconf 91' lang='lat' dir='ltr'>Deo</span> <span class='ocrx_word' id='word_1_111' title='bbox 1510 1828 1607 1892; x_wconf 84' lang='lat' dir='ltr'>agen·</span> 
     </span>
     <span class='ocr_line' id='line_1_14' title="bbox 389 1916 1605 1999; baseline 0.001 -20"><span class='ocrx_word' id='word_1_112' title='bbox 389 1927 444 1980; x_wconf 90' lang='lat' dir='ltr'>tes</span> <span class='ocrx_word' id='word_1_113' title='bbox 465 1917 559 1998; x_wconf 91' lang='lat' dir='ltr'>quod</span> <span class='ocrx_word' id='word_1_114' title='bbox 573 1916 609 1979; x_wconf 92' lang='lat' dir='ltr'>in</span> <span class='ocrx_word' id='word_1_115' title='bbox 624 1918 731 1980; x_wconf 87' lang='lat' dir='ltr'>talem</span> <span class='ocrx_word' id='word_1_116' title='bbox 746 1918 908 1980; x_wconf 91' lang='lat' dir='ltr'>uenerint</span> <span class='ocrx_word' id='word_1_117' title='bbox 929 1917 1180 1996; x_wconf 81' lang='lat' dir='ltr'>cognitionem,</span> <span class='ocrx_word' id='word_1_118' title='bbox 1197 1917 1390 1999; x_wconf 90' lang='lat' dir='ltr'>beatasque</span> <span class='ocrx_word' id='word_1_119' title='bbox 1405 1935 1528 1982; x_wconf 90' lang='lat' dir='ltr'>eorum</span> <span class='ocrx_word' id='word_1_120' title='bbox 1543 1919 1605 1981; x_wconf 88' lang='lat' dir='ltr'>ani·</span> 
     </span>
     <span class='ocr_line' id='line_1_15' title="bbox 390 2021 1607 2107; baseline 0 -21"><span class='ocrx_word' id='word_1_121' title='bbox 390 2041 468 2087; x_wconf 92' lang='lat' dir='ltr'>mas</span> <span class='ocrx_word' id='word_1_122' title='bbox 492 2023 760 2105; x_wconf 88' lang='lat' dir='ltr'>praedicantes,</span> <span class='ocrx_word' id='word_1_123' title='bbox 788 2024 833 2087; x_wconf 89' lang='lat' dir='ltr'>ad</span> <span class='ocrx_word' id='word_1_124' title='bbox 857 2041 1008 2103; x_wconf 89' lang='lat' dir='ltr'>quorum</span> <span class='ocrx_word' id='word_1_125' title='bbox 1032 2025 1112 2087; x_wconf 88' lang='lat' dir='ltr'>loca</span> <span class='ocrx_word' id='word_1_126' title='bbox 1139 2021 1300 2088; x_wconf 86' lang='lat' dir='ltr'>Societas</span> <span class='ocrx_word' id='word_1_127' title='bbox 1324 2024 1515 2107; x_wconf 90' lang='lat' dir='ltr'>aliquando</span> <span class='ocrx_word' id='word_1_128' title='bbox 1538 2041 1607 2106; x_wconf 86' lang='lat' dir='ltr'>per-</span> 
     </span>
     <span class='ocr_line' id='line_1_16' title="bbox 392 2131 516 2208; baseline 0 -15"><span class='ocrx_word' id='word_1_129' title='bbox 392 2131 498 2194; x_wconf 90' lang='lat' dir='ltr'>uenit.</span> <span class='ocrx_word' id='word_1_130' title='bbox 513 2191 516 2208; x_wconf 77' lang='grc'>,</span> 
     </span>
    </p>

    <p class='ocr_par' dir='ltr' id='par_1_3' title="bbox 386 2237 1616 3816">
     <span class='ocr_line' id='line_1_17' title="bbox 447 2237 1605 2320; baseline -0.002 -18"><span class='ocrx_word' id='word_1_131' title='bbox 447 2237 517 2303; x_wconf 88' lang='lat' dir='ltr'>Sed</span> <span class='ocrx_word' id='word_1_132' title='bbox 531 2239 561 2302; x_wconf 93' lang='lat' dir='ltr'>si</span> <span class='ocrx_word' id='word_1_133' title='bbox 576 2239 696 2308; x_wconf 87' lang='lat' dir='ltr'>laetati</span> <span class='ocrx_word' id='word_1_134' title='bbox 711 2250 792 2302; x_wconf 89' lang='lat' dir='ltr'>sunt</span> <span class='ocrx_word' id='word_1_135' title='bbox 815 2239 982 2302; x_wconf 91' lang='lat' dir='ltr'>italenses</span> <span class='ocrx_word' id='word_1_136' title='bbox 1002 2248 1205 2302; x_wconf 88' lang='lat' dir='ltr'>nostrorum</span> <span class='ocrx_word' id='word_1_137' title='bbox 1226 2240 1379 2303; x_wconf 86' lang='lat' dir='ltr'>iratrum</span> <span class='ocrx_word' id='word_1_138' title='bbox 1399 2239 1605 2320; x_wconf 83' lang='lat' dir='ltr'>praesentia,</span> 
     </span>
     <span class='ocr_line' id='line_1_18' title="bbox 388 2341 1608 2427; baseline -0.002 -19"><span class='ocrx_word' id='word_1_139' title='bbox 388 2363 458 2408; x_wconf 89' lang='lat' dir='ltr'>non</span> <span class='ocrx_word' id='word_1_140' title='bbox 476 2347 591 2411; x_wconf 90' lang='lat' dir='ltr'>minus</span> <span class='ocrx_word' id='word_1_141' title='bbox 602 2345 673 2425; x_wconf 92' lang='lat' dir='ltr'>alii,</span> <span class='ocrx_word' id='word_1_142' title='bbox 686 2346 745 2427; x_wconf 90' lang='lat' dir='ltr'>qui</span> <span class='ocrx_word' id='word_1_143' title='bbox 757 2341 995 2409; x_wconf 76' lang='lat' dir='ltr'>messanensis</span> <span class='ocrx_word' id='word_1_144' title='bbox 1005 2354 1086 2408; x_wconf 91' lang='lat' dir='ltr'>sunt</span> <span class='ocrx_word' id='word_1_145' title='bbox 1097 2345 1283 2409; x_wconf 82' lang='lat' dir='ltr'>dioecesis</span> <span class='ocrx_word' id='word_1_146' title='bbox 1297 2345 1388 2410; x_wconf 92' lang='lat' dir='ltr'>Nam</span> <span class='ocrx_word' id='word_1_147' title='bbox 1399 2363 1481 2410; x_wconf 88' lang='lat' dir='ltr'>cum</span> <span class='ocrx_word' id='word_1_148' title='bbox 1493 2347 1608 2410; x_wconf 88' lang='lat' dir='ltr'>ultima</span> 
     </span>
     <span class='ocr_line' id='line_1_19' title="bbox 389 2453 1610 2535; baseline -0.002 -19"><span class='ocrx_word' id='word_1_149' title='bbox 389 2453 534 2533; x_wconf 77' lang='lat' dir='ltr'>ApriliS,</span> <span class='ocrx_word' id='word_1_150' title='bbox 552 2453 753 2518; x_wconf 89' lang='lat' dir='ltr'>Messanam</span> <span class='ocrx_word' id='word_1_151' title='bbox 767 2453 981 2535; x_wconf 90' lang='lat' dir='ltr'>relinquens,</span> <span class='ocrx_word' id='word_1_152' title='bbox 994 2469 1058 2533; x_wconf 88' lang='lat' dir='ltr'>per</span> <span class='ocrx_word' id='word_1_153' title='bbox 1072 2462 1184 2516; x_wconf 91' lang='lat' dir='ltr'>totam</span> <span class='ocrx_word' id='word_1_154' title='bbox 1198 2453 1275 2517; x_wconf 93' lang='lat' dir='ltr'>eius</span> <span class='ocrx_word' id='word_1_155' title='bbox 1290 2453 1480 2517; x_wconf 89' lang='lat' dir='ltr'>dioecesim</span> <span class='ocrx_word' id='word_1_156' title='bbox 1495 2469 1610 2534; x_wconf 82' lang='lat' dir='ltr'>perge·</span> 
     </span>
     <span class='ocr_line' id='line_1_20' title="bbox 388 2557 1611 2640; baseline -0.002 -17"><span class='ocrx_word' id='word_1_157' title='bbox 388 2577 475 2638; x_wconf 90' lang='lat' dir='ltr'>rem,</span> <span class='ocrx_word' id='word_1_158' title='bbox 492 2578 573 2624; x_wconf 90' lang='lat' dir='ltr'>cum</span> <span class='ocrx_word' id='word_1_159' title='bbox 588 2561 700 2624; x_wconf 89' lang='lat' dir='ltr'>literis</span> <span class='ocrx_word' id='word_1_160' title='bbox 714 2570 787 2624; x_wconf 91' lang='lat' dir='ltr'>tam</span> <span class='ocrx_word' id='word_1_161' title='bbox 802 2559 969 2638; x_wconf 79' lang='lat' dir='ltr'>Protegis</span> <span class='ocrx_word' id='word_1_162' title='bbox 989 2559 997 2590; x_wconf 81' lang='lat'>⁸</span> <span class='ocrx_word' id='word_1_163' title='bbox 1018 2576 1178 2622; x_wconf 89' lang='lat' dir='ltr'>seorsum</span> <span class='ocrx_word' id='word_1_164' title='bbox 1196 2559 1340 2640; x_wconf 89' lang='lat' dir='ltr'>scriptis</span> <span class='ocrx_word' id='word_1_165' title='bbox 1358 2559 1501 2624; x_wconf 88' lang='lat' dir='ltr'>cuilibet</span> <span class='ocrx_word' id='word_1_166' title='bbox 1522 2557 1611 2640; x_wconf 90' lang='lat' dir='ltr'>oppi-</span> 
     </span>
     <span class='ocr_line' id='line_1_21' title="bbox 388 2663 1609 2747; baseline 0.002 -19"><span class='ocrx_word' id='word_1_167' title='bbox 388 2666 445 2742; x_wconf 92' lang='lat' dir='ltr'>do,</span> <span class='ocrx_word' id='word_1_168' title='bbox 462 2668 508 2731; x_wconf 88' lang='lat' dir='ltr'>ad</span> <span class='ocrx_word' id='word_1_169' title='bbox 522 2668 616 2747; x_wconf 89' lang='lat' dir='ltr'>quod</span> <span class='ocrx_word' id='word_1_170' title='bbox 631 2669 743 2730; x_wconf 88' lang='lat' dir='ltr'>iturus</span> <span class='ocrx_word' id='word_1_171' title='bbox 758 2684 868 2744; x_wconf 89' lang='lat' dir='ltr'>eram,</span> <span class='ocrx_word' id='word_1_172' title='bbox 885 2675 920 2729; x_wconf 92' lang='lat' dir='ltr'>et</span> <span class='ocrx_word' id='word_1_173' title='bbox 935 2666 1079 2746; x_wconf 88' lang='lat' dir='ltr'>insuper</span> <span class='ocrx_word' id='word_1_174' title='bbox 1094 2665 1232 2729; x_wconf 90' lang='lat' dir='ltr'>Vicarii</span> <span class='ocrx_word' id='word_1_175' title='bbox 1248 2664 1258 2696; x_wconf 83' lang='lat'>⁸</span> <span class='ocrx_word' id='word_1_176' title='bbox 1273 2665 1352 2729; x_wconf 56' lang='lat' dir='ltr'>Rani</span> <span class='ocrx_word' id='word_1_177' title='bbox 1371 2665 1570 2731; x_wconf 88' lang='lat' dir='ltr'>Cardinalis</span> <span class='ocrx_word' id='word_1_178' title='bbox 1588 2663 1609 2739; x_wconf 81' lang='lat'>³.</span> 
     </span>
     <span class='ocr_line' id='line_1_22' title="bbox 388 2772 1613 2854; baseline -0.001 -17"><span class='ocrx_word' id='word_1_179' title='bbox 388 2773 659 2854; x_wconf 87' lang='lat' dir='ltr'>Archiepiscopi</span> <span class='ocrx_word' id='word_1_180' title='bbox 673 2773 924 2852; x_wconf 78' lang='lat' dir='ltr'>MessanensiS,</span> <span class='ocrx_word' id='word_1_181' title='bbox 940 2789 1063 2836; x_wconf 91' lang='lat' dir='ltr'>omnes</span> <span class='ocrx_word' id='word_1_182' title='bbox 1078 2789 1159 2835; x_wconf 91' lang='lat' dir='ltr'>cum</span> <span class='ocrx_word' id='word_1_183' title='bbox 1173 2773 1338 2836; x_wconf 89' lang='lat' dir='ltr'>audirent</span> <span class='ocrx_word' id='word_1_184' title='bbox 1352 2772 1539 2838; x_wconf 91' lang='lat' dir='ltr'>Societatis</span> <span class='ocrx_word' id='word_1_185' title='bbox 1560 2789 1613 2836; x_wconf 91' lang='lat' dir='ltr'>no·</span> 
     </span>
     <span class='ocr_line' id='line_1_23' title="bbox 389 2879 1612 2962; baseline -0.002 -19"><span class='ocrx_word' id='word_1_186' title='bbox 389 2897 480 2958; x_wconf 91' lang='lat' dir='ltr'>men,</span> <span class='ocrx_word' id='word_1_187' title='bbox 497 2880 678 2962; x_wconf 89' lang='lat' dir='ltr'>nostrique</span> <span class='ocrx_word' id='word_1_188' title='bbox 694 2897 839 2944; x_wconf 88' lang='lat' dir='ltr'>causam</span> <span class='ocrx_word' id='word_1_189' title='bbox 854 2879 1028 2942; x_wconf 89' lang='lat' dir='ltr'>aduentus</span> <span class='ocrx_word' id='word_1_190' title='bbox 1052 2895 1131 2943; x_wconf 90' lang='lat' dir='ltr'>esse</span> <span class='ocrx_word' id='word_1_191' title='bbox 1151 2888 1190 2942; x_wconf 92' lang='lat' dir='ltr'>ut</span> <span class='ocrx_word' id='word_1_192' title='bbox 1211 2879 1422 2960; x_wconf 89' lang='lat' dir='ltr'>principium</span> <span class='ocrx_word' id='word_1_193' title='bbox 1438 2881 1560 2944; x_wconf 93' lang='lat' dir='ltr'>demus</span> <span class='ocrx_word' id='word_1_194' title='bbox 1580 2889 1612 2942; x_wconf 87' lang='lat' dir='ltr'>et</span> 
     </span>
     <span class='ocr_line' id='line_1_24' title="bbox 389 2984 1613 3067; baseline -0.001 -17"><span class='ocrx_word' id='word_1_195' title='bbox 389 2985 531 3051; x_wconf 92' lang='lat' dir='ltr'>modum</span> <span class='ocrx_word' id='word_1_196' title='bbox 546 2987 771 3052; x_wconf 90' lang='lat' dir='ltr'>instituamus</span> <span class='ocrx_word' id='word_1_197' title='bbox 785 2985 936 3066; x_wconf 84' lang='lat' dir='ltr'>singulis</span> <span class='ocrx_word' id='word_1_198' title='bbox 950 2985 1137 3050; x_wconf 88' lang='lat' dir='ltr'>dominicis</span> <span class='ocrx_word' id='word_1_199' title='bbox 1157 2995 1192 3049; x_wconf 88' lang='lat' dir='ltr'>et</span> <span class='ocrx_word' id='word_1_200' title='bbox 1206 2984 1305 3050; x_wconf 88' lang='lat' dir='ltr'>festis</span> <span class='ocrx_word' id='word_1_201' title='bbox 1324 2986 1475 3051; x_wconf 89' lang='lat' dir='ltr'>docendi</span> <span class='ocrx_word' id='word_1_202' title='bbox 1488 3004 1613 3067; x_wconf 88' lang='lat' dir='ltr'>pueros</span> 
     </span>
     <span class='ocr_line' id='line_1_25' title="bbox 388 3091 1613 3175; baseline -0.004 -17"><span class='ocrx_word' id='word_1_203' title='bbox 388 3095 425 3158; x_wconf 89' lang='lat' dir='ltr'>in</span> <span class='ocrx_word' id='word_1_204' title='bbox 446 3095 607 3158; x_wconf 91' lang='lat' dir='ltr'>ecclesiis</span> <span class='ocrx_word' id='word_1_205' title='bbox 630 3093 894 3175; x_wconf 85' lang='lat' dir='ltr'>parochialibus</span> <span class='ocrx_word' id='word_1_206' title='bbox 913 3091 1115 3156; x_wconf 88' lang='lat' dir='ltr'>doctrinam</span> <span class='ocrx_word' id='word_1_207' title='bbox 1136 3092 1378 3171; x_wconf 90' lang='lat' dir='ltr'>christianam,</span> <span class='ocrx_word' id='word_1_208' title='bbox 1399 3110 1464 3173; x_wconf 89' lang='lat' dir='ltr'>pro</span> <span class='ocrx_word' id='word_1_209' title='bbox 1486 3109 1613 3174; x_wconf 82' lang='lat' dir='ltr'>magno</span> 
     </span>
     <span class='ocr_line' id='line_1_26' title="bbox 390 3195 1614 3278; baseline -0.006 -12"><span class='ocrx_word' id='word_1_210' title='bbox 390 3201 559 3266; x_wconf 88' lang='lat' dir='ltr'>beneficio</span> <span class='ocrx_word' id='word_1_211' title='bbox 574 3195 642 3265; x_wconf 93' lang='lat' dir='ltr'>Dei</span> <span class='ocrx_word' id='word_1_212' title='bbox 658 3199 693 3265; x_wconf 92' lang='lat' dir='ltr'>id</span> <span class='ocrx_word' id='word_1_213' title='bbox 708 3201 895 3278; x_wconf 88' lang='lat' dir='ltr'>ducebant,</span> <span class='ocrx_word' id='word_1_214' title='bbox 912 3208 946 3262; x_wconf 90' lang='lat' dir='ltr'>et</span> <span class='ocrx_word' id='word_1_215' title='bbox 961 3215 1092 3278; x_wconf 86' lang='lat' dir='ltr'>magno</span> <span class='ocrx_word' id='word_1_216' title='bbox 1108 3199 1224 3263; x_wconf 91' lang='lat' dir='ltr'>studio</span> <span class='ocrx_word' id='word_1_217' title='bbox 1245 3216 1367 3264; x_wconf 91' lang='lat' dir='ltr'>omnes</span> <span class='ocrx_word' id='word_1_218' title='bbox 1387 3201 1434 3264; x_wconf 88' lang='lat' dir='ltr'>ad</span> <span class='ocrx_word' id='word_1_219' title='bbox 1448 3201 1614 3264; x_wconf 85' lang='lat' dir='ltr'>ecclesias</span> 
     </span>
     <span class='ocr_line' id='line_1_27' title="bbox 388 3306 1614 3387; baseline -0.003 -13"><span class='ocrx_word' id='word_1_220' title='bbox 388 3307 623 3374; x_wconf 88' lang='lat' dir='ltr'>confluebant.</span> <span class='ocrx_word' id='word_1_221' title='bbox 639 3307 684 3371; x_wconf 91' lang='lat' dir='ltr'>Et</span> <span class='ocrx_word' id='word_1_222' title='bbox 699 3308 780 3371; x_wconf 88' lang='lat' dir='ltr'>licet</span> <span class='ocrx_word' id='word_1_223' title='bbox 795 3307 882 3370; x_wconf 92' lang='lat' dir='ltr'>mihi</span> <span class='ocrx_word' id='word_1_224' title='bbox 896 3306 964 3369; x_wconf 95' lang='lat' dir='ltr'>hoc</span> <span class='ocrx_word' id='word_1_225' title='bbox 979 3322 1166 3370; x_wconf 91' lang='lat' dir='ltr'>commune</span> <span class='ocrx_word' id='word_1_226' title='bbox 1180 3316 1269 3386; x_wconf 90' lang='lat' dir='ltr'>erat,</span> <span class='ocrx_word' id='word_1_227' title='bbox 1291 3315 1328 3369; x_wconf 95' lang='lat' dir='ltr'>ut</span> <span class='ocrx_word' id='word_1_228' title='bbox 1348 3307 1502 3387; x_wconf 89' lang='lat' dir='ltr'>quotidie</span> <span class='ocrx_word' id='word_1_229' title='bbox 1526 3309 1614 3370; x_wconf 90' lang='lat' dir='ltr'>cele·</span> 
     </span>
     <span class='ocr_line' id='line_1_28' title="bbox 387 3411 1614 3494; baseline -0.006 -13"><span class='ocrx_word' id='word_1_230' title='bbox 387 3418 506 3491; x_wconf 67' lang='lat' dir='ltr'>brana</span> <span class='ocrx_word' id='word_1_231' title='bbox 521 3415 619 3480; x_wconf 86' lang='lat' dir='ltr'>linito</span> <span class='ocrx_word' id='word_1_232' title='bbox 635 3415 833 3494; x_wconf 85' lang='lat' dir='ltr'>euangelio,</span> <span class='ocrx_word' id='word_1_233' title='bbox 850 3412 983 3494; x_wconf 89' lang='lat' dir='ltr'>aliquid</span> <span class='ocrx_word' id='word_1_234' title='bbox 997 3411 1040 3476; x_wconf 90' lang='lat' dir='ltr'>de</span> <span class='ocrx_word' id='word_1_235' title='bbox 1055 3413 1115 3477; x_wconf 94' lang='lat' dir='ltr'>illo</span> <span class='ocrx_word' id='word_1_236' title='bbox 1132 3415 1260 3494; x_wconf 92' lang='lat' dir='ltr'>populo</span> <span class='ocrx_word' id='word_1_237' title='bbox 1280 3413 1518 3494; x_wconf 89' lang='lat' dir='ltr'>declararem,</span> <span class='ocrx_word' id='word_1_238' title='bbox 1544 3414 1614 3476; x_wconf 88' lang='lat' dir='ltr'>lini-</span> 
     </span>
     <span class='ocr_line' id='line_1_29' title="bbox 388 3520 1614 3612; baseline -0.003 -25"><span class='ocrx_word' id='word_1_239' title='bbox 388 3534 493 3605; x_wconf 89' lang='lat' dir='ltr'>toque</span> <span class='ocrx_word' id='word_1_240' title='bbox 508 3539 623 3600; x_wconf 91' lang='lat' dir='ltr'>sacro,</span> <span class='ocrx_word' id='word_1_241' title='bbox 641 3521 850 3585; x_wconf 88' lang='lat' dir='ltr'>conuocatis</span> <span class='ocrx_word' id='word_1_242' title='bbox 863 3520 992 3601; x_wconf 90' lang='lat' dir='ltr'>pueris,</span> <span class='ocrx_word' id='word_1_243' title='bbox 1009 3520 1154 3612; x_wconf 83' lang='lat' dir='ltr'>modum</span> <span class='ocrx_word' id='word_1_244' title='bbox 1173 3536 1235 3583; x_wconf 89' lang='lat' dir='ltr'>eos</span> <span class='ocrx_word' id='word_1_245' title='bbox 1254 3520 1405 3585; x_wconf 92' lang='lat' dir='ltr'>docendi</span> <span class='ocrx_word' id='word_1_246' title='bbox 1426 3521 1614 3597; x_wconf 88' lang='lat' dir='ltr'>traderem,</span> 
     </span>
     <span class='ocr_line' id='line_1_30' title="bbox 386 3626 1616 3711; baseline -0.004 -17"><span class='ocrx_word' id='word_1_247' title='bbox 386 3633 502 3711; x_wconf 88' lang='lat' dir='ltr'>primo</span> <span class='ocrx_word' id='word_1_248' title='bbox 517 3630 679 3696; x_wconf 87' lang='lat' dir='ltr'>ordinate</span> <span class='ocrx_word' id='word_1_249' title='bbox 693 3629 771 3692; x_wconf 92' lang='lat' dir='ltr'>illos</span> <span class='ocrx_word' id='word_1_250' title='bbox 787 3628 989 3708; x_wconf 63' lang='lat' dir='ltr'>disponens</span> <span class='ocrx_word' id='word_1_251' title='bbox 1006 3626 1133 3690; x_wconf 90' lang='lat' dir='ltr'>deinde</span> <span class='ocrx_word' id='word_1_252' title='bbox 1148 3627 1353 3707; x_wconf 91' lang='lat' dir='ltr'>utilitatem,</span> <span class='ocrx_word' id='word_1_253' title='bbox 1370 3627 1442 3692; x_wconf 92' lang='lat' dir='ltr'>imo</span> <span class='ocrx_word' id='word_1_254' title='bbox 1464 3628 1616 3694; x_wconf 90' lang='lat' dir='ltr'>necessi-</span> 
     </span>
     <span class='ocr_line' id='line_1_31' title="bbox 386 3734 1614 3816; baseline -0.003 -15"><span class='ocrx_word' id='word_1_255' title='bbox 386 3747 494 3801; x_wconf 90' lang='lat' dir='ltr'>tatem</span> <span class='ocrx_word' id='word_1_256' title='bbox 509 3737 613 3800; x_wconf 93' lang='lat' dir='ltr'>huius</span> <span class='ocrx_word' id='word_1_257' title='bbox 627 3735 811 3800; x_wconf 88' lang='lat' dir='ltr'>doctrinae</span> <span class='ocrx_word' id='word_1_258' title='bbox 826 3734 1024 3813; x_wconf 77' lang='lat' dir='ltr'>declaranS,</span> <span class='ocrx_word' id='word_1_259' title='bbox 1042 3734 1145 3797; x_wconf 89' lang='lat' dir='ltr'>tertio</span> <span class='ocrx_word' id='word_1_260' title='bbox 1160 3735 1239 3799; x_wconf 91' lang='lat' dir='ltr'>loco</span> <span class='ocrx_word' id='word_1_261' title='bbox 1255 3735 1373 3816; x_wconf 88' lang='lat' dir='ltr'>aliqua</span> <span class='ocrx_word' id='word_1_262' title='bbox 1389 3734 1614 3811; x_wconf 90' lang='lat' dir='ltr'>documenta,</span> 
     </span>
    </p>
   </div>
   <div class='ocr_carea' id='block_1_3' title="bbox 301 3840 1614 3922">
    <p class='ocr_par' dir='ltr' id='par_1_4' title="bbox 301 3840 1614 3922">
     <span class='ocr_line' id='line_1_32' title="bbox 301 3840 1614 3922; baseline -0.005 -13"><span class='ocrx_word' id='word_1_263' title='bbox 301 3856 305 3866; x_wconf 86' lang='lat'>&#39;</span> <span class='ocrx_word' id='word_1_264' title='bbox 386 3844 581 3919; x_wconf 87' lang='lat' dir='ltr'>secundum</span> <span class='ocrx_word' id='word_1_265' title='bbox 595 3843 675 3906; x_wconf 94' lang='lat' dir='ltr'>libri</span> <span class='ocrx_word' id='word_1_266' title='bbox 690 3841 966 3921; x_wconf 84' lang='lat' dir='ltr'>dispositionem,</span> <span class='ocrx_word' id='word_1_267' title='bbox 984 3841 1183 3904; x_wconf 91' lang='lat' dir='ltr'>tradebam:</span> <span class='ocrx_word' id='word_1_268' title='bbox 1201 3840 1342 3921; x_wconf 86' lang='lat' dir='ltr'>deinde,</span> <span class='ocrx_word' id='word_1_269' title='bbox 1359 3858 1428 3922; x_wconf 89' lang='lat' dir='ltr'>quo</span> <span class='ocrx_word' id='word_1_270' title='bbox 1448 3843 1554 3905; x_wconf 90' lang='lat' dir='ltr'>modo</span> <span class='ocrx_word' id='word_1_271' title='bbox 1570 3843 1614 3904; x_wconf 90' lang='lat' dir='ltr'>sit</span> 
     </span>
    </p>
   </div>
   <div class='ocr_carea' id='block_1_4' title="bbox 386 3946 1617 4252">
    <p class='ocr_par' dir='ltr' id='par_1_5' title="bbox 386 3946 1617 4252">
     <span class='ocr_line' id='line_1_33' title="bbox 386 3946 1614 4030; baseline -0.005 -14"><span class='ocrx_word' id='word_1_272' title='bbox 386 3951 542 4016; x_wconf 91' lang='lat' dir='ltr'>orandus</span> <span class='ocrx_word' id='word_1_273' title='bbox 555 3950 665 4029; x_wconf 89' lang='lat' dir='ltr'>Deus,</span> <span class='ocrx_word' id='word_1_274' title='bbox 682 3950 746 4012; x_wconf 90' lang='lat' dir='ltr'>suh</span> <span class='ocrx_word' id='word_1_275' title='bbox 761 3948 934 4012; x_wconf 89' lang='lat' dir='ltr'>breuitate</span> <span class='ocrx_word' id='word_1_276' title='bbox 956 3947 1209 4028; x_wconf 92' lang='lat' dir='ltr'>proponebam.</span> <span class='ocrx_word' id='word_1_277' title='bbox 1233 3946 1325 4028; x_wconf 89' lang='lat' dir='ltr'>Quid</span> <span class='ocrx_word' id='word_1_278' title='bbox 1339 3950 1470 4013; x_wconf 86' lang='lat' dir='ltr'>multa?</span> <span class='ocrx_word' id='word_1_279' title='bbox 1483 3949 1614 4030; x_wconf 87' lang='lat' dir='ltr'>gaude-</span> 
     </span>
     <span class='ocr_line' id='line_1_34' title="bbox 387 4054 1615 4140; baseline -0.004 -17"><span class='ocrx_word' id='word_1_280' title='bbox 387 4062 473 4136; x_wconf 86' lang='lat' dir='ltr'>bant</span> <span class='ocrx_word' id='word_1_281' title='bbox 488 4057 598 4140; x_wconf 85' lang='lat' dir='ltr'>pueri,</span> <span class='ocrx_word' id='word_1_282' title='bbox 613 4055 818 4137; x_wconf 82' lang='lat' dir='ltr'>gaudebant</span> <span class='ocrx_word' id='word_1_283' title='bbox 838 4063 873 4118; x_wconf 93' lang='lat' dir='ltr'>et</span> <span class='ocrx_word' id='word_1_284' title='bbox 886 4054 946 4118; x_wconf 90' lang='lat' dir='ltr'>alii</span> <span class='ocrx_word' id='word_1_285' title='bbox 968 4054 1094 4118; x_wconf 90' lang='lat' dir='ltr'>instrui</span> <span class='ocrx_word' id='word_1_286' title='bbox 1115 4064 1150 4118; x_wconf 89' lang='lat' dir='ltr'>et</span> <span class='ocrx_word' id='word_1_287' title='bbox 1173 4054 1262 4118; x_wconf 90' lang='lat' dir='ltr'>haec</span> <span class='ocrx_word' id='word_1_288' title='bbox 1276 4054 1314 4118; x_wconf 90' lang='lat' dir='ltr'>in</span> <span class='ocrx_word' id='word_1_289' title='bbox 1327 4056 1447 4136; x_wconf 90' lang='lat' dir='ltr'>pueris</span> <span class='ocrx_word' id='word_1_290' title='bbox 1462 4066 1615 4121; x_wconf 91' lang='lat' dir='ltr'>contem·</span> 
     </span>
     <span class='ocr_line' id='line_1_35' title="bbox 390 4159 1617 4252; baseline -0.006 -23"><span class='ocrx_word' id='word_1_291' title='bbox 390 4166 492 4252; x_wconf 86' lang='lat' dir='ltr'>plari;</span> <span class='ocrx_word' id='word_1_292' title='bbox 508 4164 623 4242; x_wconf 88' lang='lat' dir='ltr'>auide,</span> <span class='ocrx_word' id='word_1_293' title='bbox 640 4161 782 4243; x_wconf 90' lang='lat' dir='ltr'>quando</span> <span class='ocrx_word' id='word_1_294' title='bbox 803 4171 1007 4242; x_wconf 90' lang='lat' dir='ltr'>sequentem</span> <span class='ocrx_word' id='word_1_295' title='bbox 1028 4161 1096 4224; x_wconf 90' lang='lat' dir='ltr'>illis</span> <span class='ocrx_word' id='word_1_296' title='bbox 1116 4159 1302 4226; x_wconf 90' lang='lat' dir='ltr'>lectionem</span> <span class='ocrx_word' id='word_1_297' title='bbox 1323 4179 1438 4226; x_wconf 90' lang='lat' dir='ltr'>essem</span> <span class='ocrx_word' id='word_1_298' title='bbox 1459 4163 1617 4227; x_wconf 85' lang='lat' dir='ltr'>declara·</span> 
     </span>
    </p>
   </div>
   <div class='ocr_carea' id='block_1_5' title="bbox 404 4378 597 4387">
    <p class='ocr_par' dir='ltr' id='par_1_6' title="bbox 404 4378 597 4387">
     <span class='ocr_line' id='line_1_36' title="bbox 404 4378 597 4387; baseline -0.005 0"><span class='ocrx_word' id='word_1_299' title='bbox 404 4383 426 4387; x_wconf 76' lang='grc'>,-</span> <span class='ocrx_word' id='word_1_300' title='bbox 441 4378 597 4387; x_wconf 77' lang='lat'>...—--——-</span> 
     </span>
    </p>
   </div>
   <div class='ocr_carea' id='block_1_6' title="bbox 391 4511 1616 4636">
    <p class='ocr_par' dir='ltr' id='par_1_7' title="bbox 391 4511 1616 4636">
     <span class='ocr_line' id='line_1_37' title="bbox 428 4518 710 4556; baseline -0.004 1"><span class='ocrx_word' id='word_1_301' title='bbox 428 4518 437 4549; x_wconf 82' lang='lat'><strong>¹</strong></span> <span class='ocrx_word' id='word_1_302' title='bbox 703 4543 710 4556; x_wconf 87' lang='lat'><strong>.</strong></span> 
     </span>
     <span class='ocr_line' id='line_1_38' title="bbox 391 4511 1616 4636; baseline -0.005 -6"><span class='ocrx_word' id='word_1_303' title='bbox 391 4555 393 4560; x_wconf 22' lang='grc' dir='ltr'>Ι</span> <span class='ocrx_word' id='word_1_304' title='bbox 426 4586 438 4619; x_wconf 87' lang='lat'><strong>¹</strong></span> <span class='ocrx_word' id='word_1_305' title='bbox 464 4511 803 4630; x_wconf 43' lang='lat' dir='ltr'>{institutiiginerazigntellea</span> <span class='ocrx_word' id='word_1_306' title='bbox 813 4584 931 4630; x_wconf 80' lang='lat' dir='ltr'>Roccuos</span> <span class='ocrx_word' id='word_1_307' title='bbox 939 4583 1042 4636; x_wconf 79' lang='lat' dir='ltr'>Prraus,</span> <span class='ocrx_word' id='word_1_308' title='bbox 1053 4581 1239 4626; x_wconf 65' lang='lat' dir='ltr'>bremonensis</span> <span class='ocrx_word' id='word_1_309' title='bbox 1246 4581 1385 4627; x_wconf 74' lang='lat' dir='ltr'>Ecclesiae</span> <span class='ocrx_word' id='word_1_310' title='bbox 1394 4585 1490 4628; x_wconf 79' lang='lat' dir='ltr'>notitia</span> <span class='ocrx_word' id='word_1_311' title='bbox 1500 4583 1538 4636; x_wconf 82' lang='lat'>11,</span> <span class='ocrx_word' id='word_1_312' title='bbox 1546 4585 1593 4628; x_wconf 84' lang='lat' dir='ltr'>hh.</span> <span class='ocrx_word' id='word_1_313' title='bbox 1603 4595 1616 4634; x_wconf 69' lang='grc' dir='ltr'>ι,</span> 
     </span>
    </p>
   </div>
   <div class='ocr_carea' id='block_1_7' title="bbox 385 4655 890 4782">
    <p class='ocr_par' dir='ltr' id='par_1_8' title="bbox 385 4655 890 4782">
     <span class='ocr_line' id='line_1_39' title="bbox 385 4655 593 4703; baseline -0.014 -1"><span class='ocrx_word' id='word_1_314' title='bbox 385 4659 419 4702; x_wconf 75' lang='lat' dir='ltr'>ad</span> <span class='ocrx_word' id='word_1_315' title='bbox 430 4666 525 4703; x_wconf 75' lang='lat' dir='ltr'>annum</span> <span class='ocrx_word' id='word_1_316' title='bbox 533 4655 593 4700; x_wconf 76' lang='lat'>1⁵55.</span> 
     </span>
     <span class='ocr_line' id='line_1_40' title="bbox 426 4726 890 4782; baseline -0.009 -8"><span class='ocrx_word' id='word_1_317' title='bbox 426 4731 446 4780; x_wconf 66' lang='lat'>3,</span> <span class='ocrx_word' id='word_1_318' title='bbox 466 4729 571 4782; x_wconf 75' lang='lat' dir='ltr'>loannis</span> <span class='ocrx_word' id='word_1_319' title='bbox 583 4729 702 4778; x_wconf 71' lang='lat' dir='ltr'>Andreae</span> <span class='ocrx_word' id='word_1_320' title='bbox 714 4728 744 4772; x_wconf 82' lang='lat' dir='ltr'>de</span> <span class='ocrx_word' id='word_1_321' title='bbox 754 4726 890 4772; x_wconf 80' lang='lat' dir='ltr'>Mercurio.</span> 
     </span>
    </p>
   </div>
   <div class='ocr_carea' id='block_1_8' title="bbox 0 0 1710 5527">
    <p class='ocr_par' dir='ltr' id='par_1_9' title="bbox 0 0 1710 5527">
     <span class='ocr_line' id='line_1_41' title="bbox 0 0 1710 5527; baseline 0 0"><span class='ocrx_word' id='word_1_322' title='bbox 0 0 1710 5527; x_wconf 95' lang='lat' dir='ltr'> </span> 
     </span>
    </p>
   </div>
  </div>
 </body>
</html>
