3410 5528
383 517 438 588 300
761 525 933 589 erranaa
952 539 1223 596 ouanmtresrans

385 672 548 753 specioso
563 671 735 736 uocabulo
750 671 961 753 appellanda
976 676 1065 748 est),
1081 673 1111 737 si
1127 683 1187 752 aut
1203 671 1287 736 mihi
1302 679 1362 736 aut
1377 672 1541 737 fortunae
1562 689 1602 734 ac

384 797 455 842 non
470 779 587 858 potius
601 778 711 842 diuini
725 778 859 842 fauoris
874 779 1017 858 auxilio,
1035 779 1137 843 nobis
1151 779 1388 844 sanctissimis
1407 777 1478 844 tuis
1494 777 1601 860 preci·

357 957 361 970 ,
382 887 458 962 bus,
475 896 550 951 tum
565 887 690 950 merito
705 896 850 950 sanctae
866 886 1084 950 obedientiae
1100 897 1320 968 comparato,
1338 896 1525 969 acceptum
1538 886 1601 949 fer·

383 1012 469 1073 rem,
491 994 637 1058 nimium
657 994 741 1057 mihi
767 1010 954 1072 sumerem,
982 1011 1047 1057 nec
1073 992 1315 1059 foedissimum
1340 993 1603 1074 ingratitudinis

381 1101 515 1166 crimen
531 1100 735 1181 effugerem.

440 1208 625 1272 Messanae
650 1207 900 1290 septemdecim
925 1208 1001 1272 dies
1025 1211 1246 1288 commorati,
1272 1208 1441 1290 postridie
1468 1208 1604 1272 Natalis

380 1315 512 1379 Christi
526 1315 805 1380 conscendentes
819 1315 939 1380 nanim
954 1315 1169 1380 Panormum
1184 1317 1262 1380 uela
1278 1315 1444 1392 fecimus;
1468 1332 1539 1396 quo
1554 1333 1603 1378 se·

380 1423 495 1487 cunda
511 1423 739 1502 nauigatione
756 1423 859 1487 tertio
880 1423 935 1486 die
956 1441 1094 1487 summo
1114 1439 1218 1488 mane
1240 1423 1477 1504 peruenimus.
1500 1421 1604 1486 Vnde

380 1530 538 1594 calendis
556 1529 716 1612 Januarii
734 1532 827 1594 laeto
849 1530 965 1594 omine
985 1530 1265 1610 proficiscentes,
1289 1531 1461 1594 Biuonam
1480 1529 1604 1594 eodem

380 1637 436 1702 die
452 1638 512 1701 sed
528 1639 637 1701 multa
653 1649 756 1702 nocte
773 1637 1000 1702 accessimus.

440 1745 569 1823 Habes,
587 1745 809 1808 obseruande
825 1745 858 1807 in
875 1744 1017 1808 Christo
1032 1744 1153 1826 Pater,
1171 1745 1306 1810 itineris
1320 1745 1434 1810 nostri
1448 1745 1605 1810 breuiter

379 1853 594 1933 explicatam
610 1853 795 1916 rationem:
812 1852 935 1932 accipe
950 1869 1043 1916 nunc
1058 1853 1181 1916 eadem
1196 1852 1369 1917 breuitate
1380 1870 1470 1933 quae
1486 1853 1532 1916 ab
1543 1853 1604 1916 illo

380 1968 539 2041 tempore
554 1976 666 2041 usque
681 1959 717 2022 in
731 1970 954 2040 praesentem
969 1959 1062 2024 diem
1076 1977 1139 2040 per
1153 1977 1229 2040 nos,
1246 1960 1355 2024 tantis
1375 1960 1457 2024 licet
1477 1959 1604 2024 benefi-

382 2067 446 2131 ciis
461 2066 638 2146 indignos
653 2065 828 2130 Dominus
842 2076 963 2130 noster
976 2067 1079 2149 Jesus
1093 2065 1255 2132 Christus
1266 2067 1422 2131 Binonae
1436 2076 1606 2149 operatus

380 2183 445 2238 est.
475 2173 660 2238 Aduentus
686 2184 805 2237 noster
830 2191 937 2254 quam
961 2173 1067 2239 suerit
1084 2184 1210 2256 gratus
1229 2175 1391 2240 omnibus
1410 2191 1482 2238 non
1498 2174 1605 2240 facile

380 2281 501 2345 uerbis
515 2297 704 2362 exponam:
720 2281 820 2346 euius
835 2281 929 2344 fama
944 2299 1025 2346 cum
1040 2281 1156 2347 subito
1176 2282 1221 2345 ad
1237 2281 1394 2348 omnium
1407 2299 1514 2348 aures
1527 2299 1605 2364 per·

379 2389 546 2466 uenisset,
563 2389 690 2453 mirum
706 2388 802 2452 dictu
814 2405 919 2468 quam
932 2387 1132 2468 trequentes
1144 2388 1189 2453 ad
1200 2407 1266 2454 nos
1279 2389 1511 2455 conuenirent
1523 2405 1607 2454 con·

306 2537 309 2544 -
379 2496 592 2576 gratulaturi
607 2496 709 2560 nouis
730 2495 937 2580 hospitibus,
954 2497 1126 2578 simulque
1147 2497 1327 2574 laetitiam,
1352 2514 1459 2579 quam
1480 2509 1606 2562 nostra

379 2603 446 2667 illis
471 2603 657 2684 ingerebat
673 2597 895 2684 praesentia,
918 2604 1045 2685 quibus
1069 2613 1234 2685 poterant
1257 2604 1386 2684 modis,
1413 2605 1605 2670 ostensuri.

378 2710 472 2776 lnter
497 2727 589 2792 quos
612 2712 688 2791 ipse
707 2727 846 2792 qnoque
866 2712 1020 2776 ciuitatis
1040 2712 1270 2792 gubernator,
1293 2712 1353 2793 qui
1372 2713 1606 2793 magistratus

379 2818 535 2882 lliuonae
555 2819 793 2900 amplissimus
812 2827 876 2898 est,
893 2820 1083 2884 comitatus
1103 2819 1217 2886 iudice
1238 2829 1343 2901 atque
1365 2820 1606 2886 ornatissimis

379 2925 519 3024 ciuibus
534 2926 579 2990 ad
590 2943 655 2990 nos
666 2927 774 2990 uenit:
792 2926 851 3008 qui
865 2905 945 3006 post
959 2926 1101 3006 multas,
1117 2936 1191 2991 tum
1205 2926 1249 2991 de
1263 2927 1357 2992 Rae
1375 2927 1606 2992 Paternitatis

377 3031 417 3096 T.
436 3032 648 3110 ualetudine,
665 3041 738 3096 turn
753 3033 796 3097 de
811 3031 999 3098 Societatis
1020 3034 1180 3099 instituto
1201 3045 1307 3116 atque
1328 3035 1604 3116 propagatione,

377 3139 681 3220 percontationes,
699 3157 800 3205 suam
815 3141 917 3204 nobis
932 3158 1072 3205 omnem
1087 3158 1231 3223 operam
1250 3141 1439 3222 pollicitus
1457 3142 1607 3208 laetissi-

377 3264 457 3313 mus
468 3246 651 3311 abscessit.
665 3245 785 3327 lpsum
797 3264 934 3330 quoque
945 3250 1074 3328 uulgus
1084 3257 1206 3314 nostro
1222 3247 1376 3314 aduentu
1388 3249 1476 3313 adeo
1494 3249 1605 3314 laeta·

377 3363 451 3420 tum
463 3362 528 3433 est,
538 3363 576 3417 ut
587 3353 728 3434 publica
739 3371 861 3419 omnes
872 3372 960 3419 uoce
972 3365 1091 3436 patres
1101 3373 1185 3419 suos
1197 3355 1382 3420 aduenisse
1391 3357 1604 3422 clamarent:

378 3462 473 3543 quod
488 3477 616 3526 nomen
632 3461 738 3525 etiam
752 3461 787 3524 in
803 3462 1011 3525 hodiernum
1027 3461 1118 3526 diem
1134 3463 1315 3542 remansit;
1331 3462 1486 3528 nondum
1508 3464 1607 3530 enim

378 3567 567 3634 Societatis
586 3568 670 3652 Jesu
689 3585 819 3632 nomen
837 3569 1041 3649 regionibns
1059 3569 1138 3634 istis
1157 3570 1318 3634 innotuit.
1332 3569 1463 3652 Neque
1482 3580 1607 3636 tamen

377 3684 510 3740 temere
522 3683 709 3756 paternum
719 3675 821 3740 nobis
833 3693 962 3740 nomen
973 3677 1184 3757 imposuisse
1196 3677 1372 3756 uidentur,
1386 3679 1518 3742 etenim
1529 3696 1606 3744 non

376 3783 479 3848 aliter
500 3800 606 3864 quam
625 3792 792 3863 parentes
810 3795 948 3863 amant,
966 3796 1180 3848 uenerantur
1201 3793 1235 3848 et
1257 3785 1394 3849 colunt:
1415 3803 1529 3866 eaque
1549 3796 1607 3850 est

377 3891 558 3970 hominum
578 3890 621 3955 de
640 3889 741 3953 nobis
760 3890 898 3972 opinio,
920 3891 1060 3954 uenisse
1082 3907 1149 3955 nos
1169 3900 1205 3955 ut
1223 3892 1417 3958 extinctam
1440 3892 1605 3958 christia-

377 4015 459 4062 nam
473 3996 681 4077 religionem
695 3997 731 4062 in
746 3998 931 4078 pristinum
947 3996 1112 4064 decorem
1126 3999 1367 4064 restituamus:
1385 3998 1477 4080 quod
1493 4017 1606 4082 quam

376 4120 502 4172 uerum
516 4105 574 4184 sit,
590 4121 635 4168 ex
650 4103 705 4182 iis,
722 4123 812 4186 quae
828 4104 1064 4184 subiiciemus‚
1082 4105 1213 4169 clarius
1228 4106 1425 4188 apparebit.

436 4212 647 4294 Priusquam
668 4211 737 4282 huc
751 4213 987 4290 uenissemus,
1004 4229 1134 4294 magna
1149 4229 1233 4295 pars
1256 4213 1386 4280 ciuium
1405 4215 1489 4300 ludo
1512 4216 1606 4284 adeo

377 4320 496 4389 dedita
516 4328 605 4398 erat,
629 4329 666 4383 ut
690 4328 784 4383 totos
804 4320 879 4384 dies
901 4320 947 4383 ad
969 4337 1127 4384 mensam
1147 4331 1207 4385 aut
1227 4321 1427 4402 periculoso
1443 4324 1606 4390 alearum

377 4429 473 4494 iactu
498 4435 559 4492 aut
584 4427 790 4494 chartarum
813 4427 958 4507 ancipiti
979 4428 1172 4492 certamine
1198 4429 1313 4495 otiosa
1333 4430 1504 4510 exigeret.
1533 4429 1607 4512 Qui

377 4552 455 4598 mos
469 4534 619 4598 fratrum
634 4544 838 4599 nostrorum
854 4535 1039 4615 uigilantia
1056 4537 1104 4600 ita
1120 4537 1279 4600 sublatus
1293 4546 1358 4617 est,
1376 4545 1449 4601 uta
1464 4537 1607 4604 duobus

376 4641 450 4706 sere
465 4642 643 4706 mensibus
658 4658 833 4722 nusquam
847 4643 983 4708 lusores
995 4643 1234 4725 apparuerint.
1250 4642 1341 4726 Ipsis
1351 4661 1436 4710 uero
1451 4643 1606 4712 baecha-

376 4751 551 4817 naliorum
567 4747 677 4828 lestis,
693 4765 763 4830 quo
779 4759 947 4829 tempore,
965 4751 1077 4815 ueteri
1091 4751 1231 4833 quidem
1242 4751 1304 4815 sed
1315 4751 1509 4818 illaudabili
1519 4770 1605 4846 con-
