3578 5534
736 471 800 530 ΑΝ.
823 471 893 531 1556
1044 517 1045 520 ,
1394 473 1432 532 95

191 623 293 679 totas
306 614 381 678 fere
395 625 518 680 noctes
537 615 574 680 in
596 616 757 680 oratione
777 616 1011 698 peruigilans,
1033 632 1136 682 sacro
1158 617 1304 682 vulneri*
1320 618 1431 683 domi·

191 721 270 784 nici
288 723 412 786 lateris
432 723 581 798 inclusa,
608 722 730 786 illhinc
756 724 919 788 ultimum
938 741 1087 810 sperans
1111 724 1324 789 remedium:
1347 725 1430 790 dum

194 829 268 892 hoc
282 828 390 893 modo
403 845 440 891 se
452 839 655 910 praeparat,
670 846 753 894 ecce
764 829 909 894 aduenit
920 831 1145 910 plenissimus
1156 831 1340 908 iubilaeus,
1355 849 1431 911 per·

189 933 270 999 ficit
285 934 562 1012 confessionem,
579 936 709 1016 accipit
728 935 1003 1016 absolutionem,
1027 949 1261 1019 quam'spero
1286 937 1361 1002 lore
1385 938 1431 1002 ad

195 1041 394 1106 maximam
408 1041 503 1106 vitae
517 1042 805 1107 reformationem
819 1053 854 1106 et
870 1061 994 1107 veram
1009 1045 1253 1124 proximorum
1267 1043 1431 1109 aedifica·

193 1150 344 1214 tionem.
513 1209 515 1214 ,
1031 1170 1034 1175 ·
1273 1161 1277 1169 ’

261 1255 438 1318 Dominus
464 1255 654 1336 Pronisor,
684 1257 801 1320 locum
830 1255 1274 1338 Archiepiscopitenens,
1305 1260 1342 1324 in
1371 1259 1430 1323 his·

191 1362 365 1426 omnibus
379 1362 550 1426 auxilium
564 1363 667 1426 nobis
687 1363 881 1443 praestitit,
902 1362 1185 1428 contradicentes
1205 1381 1432 1446 compescen·

191 1467 257 1548 do,
279 1467 472 1533 animando
495 1469 649 1532 vicarios
670 1477 706 1532 et
727 1470 960 1534 ecclesiarum
984 1479 1141 1534 rectores
1167 1471 1212 1534 ad
1231 1470 1427 1535 seruandas

189 1575 391 1656 synodales
416 1575 745 1658 archiepiscopatus
771 1577 1042 1641 constitutiones
1070 1577 1107 1640 in
1135 1577 1347 1658 explicanda
1371 1579 1429 1643 do·

192 1684 317 1747 ctrina
337 1682 534 1746 christiana
555 1683 704 1764 aliisque
726 1683 849 1762 rebus,
873 1700 961 1764 quas
981 1683 1116 1748 sanctis
1135 1684 1278 1748 statutis
1296 1685 1430 1749 babent

191 1789 457 1868 obseruandas;
474 1788 696 1853 exhortando
710 1789 932 1868 sacerdotes,
950 1799 989 1853 vt
1004 1789 1055 1854 sic
1071 1790 1305 1855 ministerium
1328 1808 1431 1855 suum

191 1904 405 1973 exerceant,
422 1913 465 1960 ea
479 1898 669 1976 loquantur
689 1905 723 1959 et
738 1906 927 1976 operentur
950 1896 1300 1974 coramhominibus,
1323 1907 1362 1961 vt
1381 1899 1433 1961 vi·

193 2003 327 2066 dentes
340 2003 539 2082 glorificent
555 2002 708 2081 Patrem,
725 2002 785 2082 qui
800 2003 836 2066 in
851 2003 959 2066 coelis
974 2012 1044 2082 est;
1068 2003 1099 2066 si
1122 2004 1183 2085 qui
1203 2021 1289 2066 vero
1311 2004 1434 2068 auxilii

193 2110 406 2190 egentiores
420 2108 597 2185 videntur,
614 2109 680 2172 hos
695 2110 740 2174 ad
755 2110 875 2190 aliqua
895 2110 1093 2190 spiritualia
1114 2110 1284 2174 exercitia
1305 2111 1431 2174 exhor·

197 2217 328 2297 tando,
350 2227 383 2280 et
403 2235 484 2280 cum
504 2235 594 2297 opus
613 2226 667 2280 est
686 2218 861 2281 sententia
882 2217 1151 2298 praecipiendo,
1178 2217 1273 2297 quod
1293 2217 1433 2297 quidem

196 2341 275 2388 non
289 2323 355 2387 suit
369 2325 446 2387 sine
461 2340 592 2402 magno
613 2323 746 2404 fructu;
767 2324 880 2388 suasit
903 2323 997 2386 enim
1017 2323 1106 2386 haec
1127 2323 1203 2404 ipse
1225 2342 1297 2388 non
1318 2326 1432 2388 solum

198 2431 316 2494 verbo
330 2429 393 2493 sed
407 2430 515 2494 etiam
530 2431 704 2510 exemplo:
721 2429 905 2493 consueuit
919 2447 1074 2510 namque
1085 2429 1189 2493 simul
1204 2429 1279 2510 ipse
1292 2448 1371 2494 cum
1384 2432 1434 2494 vi·

196 2537 352 2600 sitatore
367 2537 471 2600 huius
486 2537 640 2601 ciuitatis
655 2545 783 2601 octauo
799 2552 938 2617 quoque
953 2535 1009 2599 die
1021 2535 1180 2599 confiteri
1192 2535 1355 2600 Patribus
1369 2535 1434 2602 So-

196 2644 358 2722 cietatiS,
374 2642 554 2707 celebrare
568 2651 688 2706 autem
702 2642 921 2723 frequentius
940 2657 1047 2722 quarn
1067 2641 1253 2706 dominicis
1276 2652 1311 2706 et
1332 2642 1432 2706 festis

195 2750 344 2829 diebus,
360 2749 454 2832 quod
465 2759 519 2813 est
533 2749 621 2812 satis
631 2765 764 2813 nouum
776 2766 924 2812 munera
936 2747 1078 2828 publica
1089 2747 1307 2828 gerentibus;
1320 2767 1434 2830 neque

198 2857 262 2922 his
280 2866 399 2921 tamen
412 2856 546 2920 idcirco
561 2855 599 2919 in
614 2858 686 2919 vllo
701 2854 917 2933 deficienteS,
934 2855 997 2918 sed
1015 2855 1092 2935 ipsa
1108 2855 1227 2936 potius
1246 2856 1306 2935 pia
1321 2874 1364 2919 ac
1377 2857 1435 2944 di·

199 2964 332 3044 ligenti
345 2963 565 3044 seruentique
580 2961 755 3026 charitate
769 2971 995 3044 exequentes,
1011 2963 1096 3024 etin
1112 2962 1198 3042 ipsis
1209 2963 1288 3042 plus
1300 2971 1434 3044 tempo·

197 3072 254 3134 ris
281 3071 385 3135 solito
405 3069 661 3151 impendentes.
689 3068 911 3132 infirmorum
933 3067 1085 3148 denique
1105 3085 1301 3149 pauperum
1322 3069 1438 3133 solici-

199 3190 281 3240 tam
305 3193 429 3240 curam
451 3176 561 3256 gerit,
584 3175 764 3239 visitando
785 3174 976 3256 hospitalia
997 3174 1033 3238 in
1056 3175 1182 3254 quibus
1204 3175 1338 3255 iacent,
1360 3177 1437 3239 sub·

198 3282 383 3348 ueniendo
403 3282 677 3346 necessitatibus
699 3291 734 3346 et
755 3280 973 3346 subleuando
997 3281 1138 3344 labores
1161 3282 1314 3346 illorum.
1338 3281 1436 3362 Quos

195 3391 318 3454 etiam
339 3389 452 3453 nostri
473 3405 595 3468 saepe,
620 3386 736 3470 quoad
755 3397 920 3468 possunt,
945 3388 1069 3451 iuuare
1091 3397 1284 3468 conantur,
1306 3390 1437 3469 partim

197 3494 440 3576 exhortando,
461 3495 593 3576 partim
616 3494 907 3574 confessionibus,
925 3493 1110 3573 dirigendo
1129 3494 1321 3576 ministros
1344 3494 1439 3575 quod

201 3603 358 3667 multum
373 3601 539 3666 conducit
554 3611 592 3664 vt
608 3602 783 3682 patienter
797 3609 832 3663 et
846 3600 903 3681 pie
918 3617 982 3663 suo
1003 3600 1131 3680 quique
1151 3599 1345 3680 fungantur
1364 3613 1437 3666 mn·

198 3727 304 3772 nere:
318 3708 450 3789 partim
465 3707 645 3771 mittendis
659 3707 738 3770 aliis
753 3707 871 3770 multis
886 3705 1061 3769 nobilibus
1074 3697 1109 3769 'et
1124 3706 1288 3786 plebeiis,
1311 3707 1370 3788 qui
1386 3708 1438 3771 iu-

203 3825 291 3878 uent
302 3815 483 3879 ministros
493 3814 643 3893 singulis
656 3813 812 3878 vicissim
824 3811 1102 3876 hebdomadibus
1115 3822 1176 3875 aut
1184 3812 1318 3876 diebus:
1332 3814 1367 3876 in
1381 3814 1439 3878 his

200 3923 370 3986 omnibus
384 3939 424 3984 se
438 3930 560 3984 mutuo
576 3920 622 3984 ad
637 3920 784 3984 meliora
800 3919 1010 3982 accendunt:
1028 3919 1116 3982 haec
1129 3918 1259 3983 cedunt
1269 3919 1306 3984 in
1321 3921 1440 3999 proxi·

204 4046 345 4093 morum
361 4027 643 4092 aedificationem
656 4038 690 4090 et
706 4027 741 4090 in
756 4025 902 4090 Domini
917 4025 1029 4088 nostri
1043 4025 1207 4105 gloriam.
1221 4023 1274 4089 Sit
1290 4025 1340 4089 illi
1350 4043 1438 4090 sane

202 4137 379 4200 immensa
394 4135 431 4196 in
445 4136 670 4198 saeculorum
684 4133 839 4196 saecula.
861 4130 988 4196 Amen.

269 4239 400 4305 Datum
414 4239 562 4321 Hispali,
582 4239 619 4304 12
633 4239 802 4303 calendas
816 4237 1003 4301 Februarii
1018 4254 1112 4302 anno
1127 4238 1215 4302 1556.

367 4347 447 4411 Vale
459 4346 670 4410 prisseruus
685 4345 819 4409 inutilis
835 4345 870 4408 in
886 4344 1040 4424 Christo,

1017 4586 1039 4656 †

857 4667 1015 4750 Joauues
1036 4662 1198 4728 Xunnnz.
