3382 5528
619 509 679 566 An.
701 508 770 568 ibib
1251 509 1306 570 tua

91 653 231 718 siensem
247 656 476 736 praescripsit
490 674 594 720 vnus.
611 655 750 739 Reliqui
764 657 833 721 duo
848 664 929 720 sunt
943 656 1045 720 nobis
1064 656 1230 737 copulati.
1248 655 1307 719 Al-

91 775 193 826 terum
207 763 348 826 nomine
364 762 549 828 Gutierrez
564 780 610 827 ex
625 781 703 828 meo
717 765 811 827 nosti
826 763 1007 844 superiore
1022 762 1261 842 chirographo
1285 761 1305 838 ¹,

93 869 220 932 interim
235 869 329 950 quod
348 877 490 933 taxatos
509 887 552 933 ac
572 871 801 950 praestitutos
817 870 892 934 dies
911 871 1024 934 solitis
1046 869 1307 950 precationibus

93 985 123 1038 et
136 976 310 1040 exercitiis
325 976 552 1056 impenderet.
570 975 771 1040 Matthaeus
788 975 963 1041 Didonius
977 976 989 1007 ¹
1005 985 1153 1040 uocatur
1167 977 1305 1053 tertius,

94 1091 182 1160 patre
193 1081 368 1146 Roderico
384 1082 549 1162 Didonio,
565 1081 812 1148 Methimnensi
826 1085 920 1163 ciue,
934 1085 994 1165 qui
1004 1084 1198 1164 principem
1210 1091 1245 1146 et
1259 1082 1306 1145 la·

93 1190 268 1253 cultatibus
283 1199 318 1253 et
331 1190 560 1255 beneficentia
575 1191 612 1256 in
626 1191 806 1272 republica
827 1201 921 1256 tenet
936 1191 1070 1272 locum,
1092 1207 1175 1254 nam
1194 1208 1308 1271 neque

94 1305 121 1357 te
135 1297 215 1360 latet
228 1297 370 1378 quantis
384 1297 634 1362 beneficiorum
645 1297 845 1362 nominibus
856 1297 901 1361 sit
913 1298 970 1361 ille
982 1297 1025 1361 de
1037 1297 1137 1361 nobis
1149 1297 1308 1361 beneme-

94 1403 182 1467 ritus.
198 1404 323 1468 Annos
337 1404 461 1468 decem
475 1415 510 1468 et
524 1412 604 1468 octo
619 1404 774 1468 nondum
789 1405 944 1468 excessit
959 1406 1168 1469 adolescens
1182 1404 1255 1480 hic,
1272 1415 1307 1467 et

95 1511 155 1572 iam
168 1511 286 1574 latinis
299 1519 333 1574 et
354 1511 495 1590 graecis
515 1511 627 1574 literis
646 1521 684 1574 ut
703 1512 779 1575 eius
799 1512 927 1575 aetatis
949 1511 1083 1576 affatim
1101 1512 1306 1588 instructus,
1364 1588 1367 1594 Ι

95 1616 266 1693 perdidicit
281 1635 421 1700 quoque
436 1618 599 1682 liberales
614 1618 820 1698 disciplinas
835 1619 913 1698 pari
932 1635 1013 1682 cum
1027 1619 1162 1694 fructu,
1186 1627 1220 1682 et
1236 1617 1308 1682 dia·

95 1724 216 1788 lecticis
230 1725 438 1806 praesertim
453 1743 495 1788 ac
511 1725 672 1807 physicis
688 1725 751 1802 (uti
765 1725 841 1790 fieri
855 1726 956 1804 solet)
968 1725 1103 1807 justum
1121 1743 1164 1788 ac
1184 1725 1308 1806 praefi-

96 1829 195 1894 nitum
209 1840 346 1912 tempus
361 1834 542 1913 persoluit.
558 1831 743 1896 Postremo
755 1832 839 1897 dum
849 1833 968 1896 multis
980 1833 1094 1896 modis
1106 1832 1308 1913 probandus

95 1939 269 2016 excutitur,
286 1939 419 2018 optima
434 1938 477 2002 de
493 1957 531 2002 se
546 1940 849 2020 quidempraebet
864 1939 1121 2019 experimenta.

146 2043 197 2107 De
211 2045 386 2124 corporis
404 2046 440 2109 in
454 2063 607 2123 summa,
624 2046 825 2110 ualetudine
837 2045 909 2108 lere
921 2045 1050 2109 diuinis
1062 2045 1224 2126 auspitiis
1238 2045 1308 2108 feli·

95 2150 173 2214 citer
187 2160 353 2230 cesserat,
369 2162 619 2233 praeterquam
641 2154 735 2233 quod
759 2169 869 2216 vnum
892 2161 952 2214 aut
977 2154 1126 2216 alterum
1150 2151 1308 2216 infirmos

95 2257 253 2322 miserunt
272 2258 318 2321 ad
332 2277 397 2322 nos
415 2259 524 2322 vicini
545 2258 675 2323 fratres
697 2257 949 2324 Sichimantias
970 2259 1165 2324 incolentes
1188 2257 1210 2322 ⁵.
1233 2259 1307 2324 Nee

95 2363 300 2445 pluraquam
312 2365 543 2446 illudsemper
555 2366 707 2430 insidere
719 2365 871 2430 filiorum
882 2367 987 2432 uotis:
1000 2364 1100 2430 Deus
1115 2363 1195 2446 Opt.
1210 2365 1305 2430 Max.

95 2479 123 2530 te
136 2471 230 2536 nobis
244 2473 456 2536 incolumem
471 2482 601 2552 seruet,
616 2474 794 2553 uitamque
807 2482 947 2538 tueatur
960 2483 1070 2550 tuam,
1084 2484 1258 2553 quatenus
1274 2484 1308 2548 et

94 2575 201 2642 diuino
215 2581 324 2642 cultui
338 2588 373 2642 et
392 2578 589 2642 commodis
608 2582 853 2660 proximorum
869 2579 1108 2644 necessariam
1123 2580 1305 2644 intellexit.

147 2684 347 2764 Methimna,
373 2685 633 2750 3.⁰cl1ntendas
658 2687 873 2767 Septembris
893 2687 1077 2750 millesimo
1103 2687 1307 2767 quingente·

95 2791 175 2855 simo
188 2794 480 2874 quinquagesimo
496 2803 609 2857 sexto.

201 2899 367 2964 Minimus
381 2910 415 2962 et
431 2899 597 2980 indignus
612 2899 703 2964 filius
720 2899 757 2962 P.
774 2900 832 2979 T.,

675 3120 696 3188 †
718 3115 875 3196 Jonnues
897 3116 1059 3180 Cununn.
1083 3121 1105 3192 †

145 3433 406 3516 Superscrr'ptio
434 3436 473 3498 in
499 3438 656 3499 sectanda
680 3439 840 3516 pagina:
869 3383 954 3502 lits.
983 3437 1027 3502 Al
1053 3456 1137 3520 muy
1163 3438 1240 3503 R.‘¹⁰
1263 3458 1307 3504 cn

92 3537 224 3605 Christo
240 3543 354 3606 Padre
371 3543 525 3607 Maestro
539 3544 699 3622 lgnacio‚
725 3543 906 3624 Preposito
926 3548 1072 3624 general
1087 3545 1130 3610 de
1150 3548 1183 3608 la
1205 3545 1308 3610 Com·

95 3650 193 3722 palla
207 3651 247 3712 de
261 3651 382 3733 jesue,
399 3669 444 3714 en
460 3650 584 3715 Roma.

146 3755 227 3819 Alia
246 3775 376 3820 manu:
395 3758 508 3840 Jesus.
536 3759 624 3822 1556.
647 3759 851 3822 Methimnn.
874 3759 1158 3838 Quadrimestres
1178 3757 1219 3822 30
1236 3758 1307 3826 Au·

116 3863 193 3926 usti.

92 3875 114 3937 g
143 3968 262 4035 Manat
276 3970 476 4050 vestigium
490 3988 592 4034 cerae
613 3970 744 4050 sigilli.

126 4245 133 4276 ¹
160 4245 269 4292 Periisse
279 4251 328 4293 ltoe
340 4249 455 4294 videtur.

128 4316 139 4343 ¹
164 4315 312 4364 Matthaeus
321 4320 354 4364 de
363 4320 476 4374 Duetlss,
486 4321 555 4366 filius
565 4320 686 4366 Roderici
702 4321 732 4364 de
750 4319 854 4364 Donnes
868 4320 941 4374 culus
954 4320 1058 4374 neptus
1073 4321 1169 4364 mentio
1180 4319 1212 4365 dt
1225 4320 1309 4366 lni’o·

90 4395 157 4430 uucr
166 4388 293 4436 Chronico
301 4397 327 4434 et
337 4392 364 4436 iu
376 4391 470 4436 Cartas
480 4393 514 4436 de
524 4392 579 4436 San
591 4392 707 4448 Ignacio.
718 4391 817 4436 Horum
828 4402 969 4446 cognomen
979 4402 1057 4446 quum
1068 4397 1128 4446 apte
1140 4392 1219 4438 latine
1229 4390 1308 4438 Dido·

90 4457 146 4500 orius
155 4461 264 4514 dicatur,
272 4463 326 4518 lpse
336 4463 433 4508 viderit
444 4465 592 4510 litterarum
602 4472 702 4508 auctor.

124 4529 134 4560 ¹
160 4529 188 4574 ld
198 4539 247 4586 est,
252 4533 360 4590 fratres
370 4535 399 4578 in
411 4535 628 4592 septimunicensi
638 4537 715 4580 domo
725 4537 859 4588 degentes.
