<?xml version="1.0" encoding="UTF-8"?>
<!DOCTYPE html PUBLIC "-//W3C//DTD XHTML 1.0 Transitional//EN"
    "http://www.w3.org/TR/xhtml1/DTD/xhtml1-transitional.dtd">
<html xmlns="http://www.w3.org/1999/xhtml" xml:lang="en" lang="en">
 <head>
  <title>
</title>
<meta http-equiv="Content-Type" content="text/html;charset=utf-8" />
  <meta name='ocr-system' content='tesseract 3.04.00' />
  <meta name='ocr-capabilities' content='ocr_page ocr_carea ocr_par ocr_line ocrx_word'/>
</head>
<body>
  <div class='ocr_page' id='page_1' title='image "./litteraequadrim00jesugoog/litteraequadrim00jesugoog_0127.png"; bbox 0 0 3504 5532; ppageno 0'>
   <div class='ocr_carea' id='block_1_1' title="bbox 729 525 1423 588">
    <p class='ocr_par' dir='ltr' id='par_1_1' title="bbox 729 525 1423 588">
     <span class='ocr_line' id='line_1_1' title="bbox 729 525 1423 588; baseline 0 0"><span class='ocrx_word' id='word_1_1' title='bbox 729 529 793 588; x_wconf 76' lang='lat' dir='ltr'><strong>Aa.</strong></span> <span class='ocrx_word' id='word_1_2' title='bbox 815 529 886 588; x_wconf 79' lang='lat'>1556</span> <span class='ocrx_word' id='word_1_3' title='bbox 1372 525 1423 588; x_wconf 78' lang='lat'><strong>121</strong></span> 
     </span>
    </p>
   </div>
   <div class='ocr_carea' id='block_1_2' title="bbox 185 671 1426 862">
    <p class='ocr_par' dir='ltr' id='par_1_2' title="bbox 185 671 1426 862">
     <span class='ocr_line' id='line_1_2' title="bbox 251 671 1426 756; baseline 0 -18"><span class='ocrx_word' id='word_1_4' title='bbox 251 672 307 738; x_wconf 84' lang='lat' dir='ltr'><strong>stt</strong></span> <span class='ocrx_word' id='word_1_5' title='bbox 325 691 466 755; x_wconf 83' lang='lat' dir='ltr'>semper</span> <span class='ocrx_word' id='word_1_6' title='bbox 481 675 559 739; x_wconf 89' lang='lat' dir='ltr'><strong>laus</strong></span> <span class='ocrx_word' id='word_1_7' title='bbox 572 674 687 739; x_wconf 90' lang='lat' dir='ltr'><strong>honor</strong></span> <span class='ocrx_word' id='word_1_8' title='bbox 701 683 736 738; x_wconf 91' lang='lat' dir='ltr'><strong>et</strong></span> <span class='ocrx_word' id='word_1_9' title='bbox 750 673 865 754; x_wconf 86' lang='lat' dir='ltr'><strong>gloria</strong></span> <span class='ocrx_word' id='word_1_10' title='bbox 886 673 963 738; x_wconf 89' lang='lat' dir='ltr'><strong>Deo</strong></span> <span class='ocrx_word' id='word_1_11' title='bbox 981 683 1016 736; x_wconf 91' lang='lat' dir='ltr'><strong>et</strong></span> <span class='ocrx_word' id='word_1_12' title='bbox 1030 673 1183 737; x_wconf 89' lang='lat' dir='ltr'><strong>Domino</strong></span> <span class='ocrx_word' id='word_1_13' title='bbox 1203 681 1325 736; x_wconf 87' lang='lat' dir='ltr'><strong>nostro</strong></span> <span class='ocrx_word' id='word_1_14' title='bbox 1339 671 1426 756; x_wconf 87' lang='lat' dir='ltr'><strong>Jesu</strong></span> 
     </span>
     <span class='ocr_line' id='line_1_3' title="bbox 185 777 652 862; baseline -0.006 -18"><span class='ocrx_word' id='word_1_15' title='bbox 185 777 284 862; x_wconf 69' lang='lat' dir='ltr'><strong>xpo.</strong></span> <span class='ocrx_word' id='word_1_16' title='bbox 301 781 340 844; x_wconf 88' lang='lat' dir='ltr'><strong>in</strong></span> <span class='ocrx_word' id='word_1_17' title='bbox 353 783 508 845; x_wconf 87' lang='lat' dir='ltr'><strong>saecula.</strong></span> <span class='ocrx_word' id='word_1_18' title='bbox 525 781 652 846; x_wconf 83' lang='lat' dir='ltr'><strong>Amen.</strong></span> 
     </span>
    </p>
   </div>
   <div class='ocr_carea' id='block_1_3' title="bbox 354 886 1130 1072">
    <p class='ocr_par' dir='ltr' id='par_1_3' title="bbox 354 886 1130 1072">
     <span class='ocr_line' id='line_1_4' title="bbox 354 886 940 952; baseline 0 -2"><span class='ocrx_word' id='word_1_19' title='bbox 354 887 542 951; x_wconf 83' lang='lat' dir='ltr'><strong>Ferrariae</strong></span> <span class='ocrx_word' id='word_1_20' title='bbox 556 887 576 950; x_wconf 93' lang='lat'>7</span> <span class='ocrx_word' id='word_1_21' title='bbox 591 887 638 952; x_wconf 91' lang='lat' dir='ltr'><strong>id.</strong></span> <span class='ocrx_word' id='word_1_22' title='bbox 654 887 839 952; x_wconf 82' lang='lat' dir='ltr'>Februarii</span> <span class='ocrx_word' id='word_1_23' title='bbox 853 886 940 951; x_wconf 84' lang='lat'><strong>1556.</strong></span> 
     </span>
     <span class='ocr_line' id='line_1_5' title="bbox 675 993 1130 1072; baseline -0.007 -13"><span class='ocrx_word' id='word_1_24' title='bbox 675 994 716 1059; x_wconf 88' lang='lat' dir='ltr'><strong>T.</strong></span> <span class='ocrx_word' id='word_1_25' title='bbox 733 994 774 1059; x_wconf 93' lang='lat' dir='ltr'><strong>R.</strong></span> <span class='ocrx_word' id='word_1_26' title='bbox 791 993 830 1058; x_wconf 88' lang='lat' dir='ltr'><strong>P.</strong></span> <span class='ocrx_word' id='word_1_27' title='bbox 846 993 979 1058; x_wconf 87' lang='lat' dir='ltr'><strong>inutilis</strong></span> <span class='ocrx_word' id='word_1_28' title='bbox 994 1009 1130 1072; x_wconf 88' lang='lat' dir='ltr'><strong>seruus,</strong></span> 
     </span>
    </p>
   </div>
   <div class='ocr_carea' id='block_1_4' title="bbox 248 1207 1425 1610">
    <p class='ocr_par' dir='ltr' id='par_1_4' title="bbox 248 1207 1425 1610">
     <span class='ocr_line' id='line_1_6' title="bbox 904 1207 1339 1273; baseline -0.007 0"><span class='ocrx_word' id='word_1_29' title='bbox 904 1209 1107 1273; x_wconf 76' lang='lat' dir='ltr'><strong>Auuaostus</strong></span> <span class='ocrx_word' id='word_1_30' title='bbox 1121 1207 1339 1272; x_wconf 70' lang='lat' dir='ltr'><strong>Postremus.</strong></span> 
     </span>
     <span class='ocr_line' id='line_1_7' title="bbox 248 1526 1425 1610; baseline 0.001 -20"><span class='ocrx_word' id='word_1_31' title='bbox 248 1529 298 1590; x_wconf 84' lang='lat' dir='ltr'><strong>In</strong></span> <span class='ocrx_word' id='word_1_32' title='bbox 320 1534 458 1608; x_wconf 83' lang='lat' dir='ltr'><strong>quarta</strong></span> <span class='ocrx_word' id='word_1_33' title='bbox 477 1530 621 1610; x_wconf 84' lang='lat' dir='ltr'><strong>pagina</strong></span> <span class='ocrx_word' id='word_1_34' title='bbox 641 1529 718 1593; x_wconf 84' lang='lat' dir='ltr'><strong>loco</strong></span> <span class='ocrx_word' id='word_1_35' title='bbox 738 1528 1071 1610; x_wconf 69' lang='lat' dir='ltr'><strong>superscrtpttbm‘s:</strong></span> <span class='ocrx_word' id='word_1_36' title='bbox 1092 1531 1114 1602; x_wconf 94' lang='lat'>†</span> <span class='ocrx_word' id='word_1_37' title='bbox 1138 1526 1425 1606; x_wconf 87' lang='lat' dir='ltr'><strong>Quadrimestres</strong></span> 
     </span>
    </p>
   </div>
   <div class='ocr_carea' id='block_1_5' title="bbox 183 1632 1324 1822">
    <p class='ocr_par' dir='ltr' id='par_1_5' title="bbox 183 1632 1324 1822">
     <span class='ocr_line' id='line_1_8' title="bbox 183 1632 432 1698; baseline 0.004 -1"><span class='ocrx_word' id='word_1_38' title='bbox 183 1632 432 1698; x_wconf 60' lang='lat' dir='ltr'><strong>marienses.</strong></span> 
     </span>
     <span class='ocr_line' id='line_1_9' title="bbox 249 1740 1324 1822; baseline -0.005 -18"><span class='ocrx_word' id='word_1_39' title='bbox 249 1741 338 1804; x_wconf 78' lang='lat' dir='ltr'><strong>Alia</strong></span> <span class='ocrx_word' id='word_1_40' title='bbox 351 1757 477 1804; x_wconf 85' lang='lat' dir='ltr'><strong>mana:</strong></span> <span class='ocrx_word' id='word_1_41' title='bbox 499 1741 587 1806; x_wconf 83' lang='lat'><strong>1556.</strong></span> <span class='ocrx_word' id='word_1_42' title='bbox 603 1743 781 1806; x_wconf 80' lang='lat' dir='ltr'><strong>Ferraria.</strong></span> <span class='ocrx_word' id='word_1_43' title='bbox 797 1742 1082 1822; x_wconf 89' lang='lat' dir='ltr'><strong>Quadrimestres</strong></span> <span class='ocrx_word' id='word_1_44' title='bbox 1095 1741 1115 1803; x_wconf 90' lang='lat'><strong>7</strong></span> <span class='ocrx_word' id='word_1_45' title='bbox 1128 1740 1324 1804; x_wconf 88' lang='lat' dir='ltr'><strong>Februarii.</strong></span> 
     </span>
    </p>
   </div>
   <div class='ocr_carea' id='block_1_6' title="bbox 671 2381 939 2468">
    <p class='ocr_par' dir='ltr' id='par_1_6' title="bbox 671 2381 939 2468">
     <span class='ocr_line' id='line_1_10' title="bbox 671 2381 939 2468; baseline -0.007 0"><span class='ocrx_word' id='word_1_46' title='bbox 671 2381 939 2468; x_wconf 83' lang='lat' dir='ltr'>GDLXXIX</span> 
     </span>
    </p>
   </div>
   <div class='ocr_carea' id='block_1_7' title="bbox 240 2723 815 2992">
    <p class='ocr_par' dir='ltr' id='par_1_7' title="bbox 240 2723 815 2992">
     <span class='ocr_line' id='line_1_11' title="bbox 240 2723 647 2802; baseline 0.005 -18"><span class='ocrx_word' id='word_1_47' title='bbox 240 2723 444 2786; x_wconf 83' lang='lat' dir='ltr'><strong>Franciscus</strong></span> <span class='ocrx_word' id='word_1_48' title='bbox 457 2723 647 2802; x_wconf 87' lang='lat' dir='ltr'><strong>Stephanus</strong></span> 
     </span>
     <span class='ocr_line' id='line_1_12' title="bbox 274 2823 713 2900; baseline 0.007 -17"><span class='ocrx_word' id='word_1_49' title='bbox 274 2825 369 2884; x_wconf 84' lang='lat' dir='ltr'><strong>Patri</strong></span> <span class='ocrx_word' id='word_1_50' title='bbox 378 2824 508 2900; x_wconf 84' lang='lat' dir='ltr'><strong>Ignatio</strong></span> <span class='ocrx_word' id='word_1_51' title='bbox 519 2823 560 2885; x_wconf 88' lang='lat' dir='ltr'><strong>de</strong></span> <span class='ocrx_word' id='word_1_52' title='bbox 574 2825 713 2900; x_wconf 87' lang='lat' dir='ltr'><strong>Loyola.</strong></span> 
     </span>
     <span class='ocr_line' id='line_1_13' title="bbox 312 2923 815 2992; baseline 0.004 -10"><span class='ocrx_word' id='word_1_53' title='bbox 312 2923 480 2992; x_wconf 82' lang='lat' dir='ltr'><strong>Messana,</strong></span> <span class='ocrx_word' id='word_1_54' title='bbox 494 2923 699 2984; x_wconf 87' lang='lat' dir='ltr'><strong>9Februarii</strong></span> <span class='ocrx_word' id='word_1_55' title='bbox 714 2925 783 2985; x_wconf 79' lang='lat'>1556</span> <span class='ocrx_word' id='word_1_56' title='bbox 796 2925 815 2984; x_wconf 90' lang='lat'><strong>¹.</strong></span> 
     </span>
    </p>
   </div>
   <div class='ocr_carea' id='block_1_8' title="bbox 756 3159 830 3279">
    <p class='ocr_par' dir='ltr' id='par_1_8' title="bbox 756 3159 830 3279">
     <span class='ocr_line' id='line_1_14' title="bbox 756 3159 830 3279; baseline 0.027 -2"><span class='ocrx_word' id='word_1_57' title='bbox 756 3159 830 3279; x_wconf 63' lang='lat' dir='ltr'><strong>uis</strong></span> 
     </span>
    </p>
   </div>
   <div class='ocr_carea' id='block_1_9' title="bbox 168 3451 1416 4610">
    <p class='ocr_par' dir='ltr' id='par_1_9' title="bbox 243 3451 479 3521">
     <span class='ocr_line' id='line_1_15' title="bbox 243 3451 479 3521; baseline 0.017 -4"><span class='ocrx_word' id='word_1_58' title='bbox 243 3451 321 3519; x_wconf 85' lang='lat' dir='ltr'><strong>Pax</strong></span> <span class='ocrx_word' id='word_1_59' title='bbox 335 3455 479 3521; x_wconf 88' lang='lat' dir='ltr'><strong>Christi.</strong></span> 
     </span>
    </p>

    <p class='ocr_par' dir='ltr' id='par_1_10' title="bbox 181 3561 1416 3861">
     <span class='ocr_line' id='line_1_16' title="bbox 250 3561 1413 3646; baseline 0.003 -21"><span class='ocrx_word' id='word_1_60' title='bbox 250 3561 499 3646; x_wconf 88' lang='lat' dir='ltr'><strong>Praescriptae</strong></span> <span class='ocrx_word' id='word_1_61' title='bbox 513 3566 697 3630; x_wconf 85' lang='lat' dir='ltr'><strong>breuitatis</strong></span> <span class='ocrx_word' id='word_1_62' title='bbox 717 3583 853 3629; x_wconf 90' lang='lat' dir='ltr'><strong>memor</strong></span> <span class='ocrx_word' id='word_1_63' title='bbox 878 3565 1112 3642; x_wconf 79' lang='lat' dir='ltr'><strong>(obseruanda</strong></span> <span class='ocrx_word' id='word_1_64' title='bbox 1136 3566 1174 3629; x_wconf 91' lang='lat' dir='ltr'><strong>in</strong></span> <span class='ocrx_word' id='word_1_65' title='bbox 1191 3563 1333 3629; x_wconf 88' lang='lat' dir='ltr'><strong>Christo</strong></span> <span class='ocrx_word' id='word_1_66' title='bbox 1347 3565 1413 3628; x_wconf 87' lang='lat' dir='ltr'><strong>Pa-</strong></span> 
     </span>
     <span class='ocr_line' id='line_1_17' title="bbox 181 3669 1416 3754; baseline 0.001 -20"><span class='ocrx_word' id='word_1_67' title='bbox 181 3669 267 3749; x_wconf 83' lang='lat' dir='ltr'><strong>ter),</strong></span> <span class='ocrx_word' id='word_1_68' title='bbox 284 3672 426 3735; x_wconf 89' lang='lat' dir='ltr'><strong>omissis</strong></span> <span class='ocrx_word' id='word_1_69' title='bbox 436 3673 566 3752; x_wconf 88' lang='lat' dir='ltr'><strong>multis,</strong></span> <span class='ocrx_word' id='word_1_70' title='bbox 581 3690 671 3753; x_wconf 89' lang='lat' dir='ltr'><strong>quae</strong></span> <span class='ocrx_word' id='word_1_71' title='bbox 683 3674 841 3754; x_wconf 91' lang='lat' dir='ltr'><strong>alioquin</strong></span> <span class='ocrx_word' id='word_1_72' title='bbox 855 3690 968 3754; x_wconf 88' lang='lat' dir='ltr'><strong>parua</strong></span> <span class='ocrx_word' id='word_1_73' title='bbox 983 3689 1052 3736; x_wconf 90' lang='lat' dir='ltr'><strong>non</strong></span> <span class='ocrx_word' id='word_1_74' title='bbox 1063 3681 1156 3752; x_wconf 86' lang='lat' dir='ltr'><strong>sunt,</strong></span> <span class='ocrx_word' id='word_1_75' title='bbox 1169 3689 1211 3734; x_wconf 87' lang='lat' dir='ltr'><strong>ea</strong></span> <span class='ocrx_word' id='word_1_76' title='bbox 1227 3671 1416 3736; x_wconf 84' lang='lat' dir='ltr'><strong>dumtaxat</strong></span> 
     </span>
     <span class='ocr_line' id='line_1_18' title="bbox 182 3777 1089 3861; baseline 0.003 -22"><span class='ocrx_word' id='word_1_77' title='bbox 182 3777 318 3858; x_wconf 75' lang='lat' dir='ltr'><strong>(ficum,</strong></span> <span class='ocrx_word' id='word_1_78' title='bbox 334 3795 426 3859; x_wconf 88' lang='lat' dir='ltr'><strong>quae</strong></span> <span class='ocrx_word' id='word_1_79' title='bbox 440 3780 675 3859; x_wconf 87' lang='lat' dir='ltr'><strong>praetermitti</strong></span> <span class='ocrx_word' id='word_1_80' title='bbox 689 3779 831 3845; x_wconf 90' lang='lat' dir='ltr'><strong>omnino</strong></span> <span class='ocrx_word' id='word_1_81' title='bbox 846 3797 916 3845; x_wconf 88' lang='lat' dir='ltr'><strong>non</strong></span> <span class='ocrx_word' id='word_1_82' title='bbox 931 3789 1089 3861; x_wconf 89' lang='lat' dir='ltr'><strong>possunt.</strong></span> 
     </span>
    </p>

    <p class='ocr_par' dir='ltr' id='par_1_11' title="bbox 168 3884 1415 4610">
     <span class='ocr_line' id='line_1_19' title="bbox 245 3884 1415 3966; baseline 0.002 -18"><span class='ocrx_word' id='word_1_83' title='bbox 245 3884 364 3965; x_wconf 83' lang='lat' dir='ltr'><strong>Atque</strong></span> <span class='ocrx_word' id='word_1_84' title='bbox 384 3895 423 3950; x_wconf 91' lang='lat' dir='ltr'><strong>ut</strong></span> <span class='ocrx_word' id='word_1_85' title='bbox 444 3905 465 3950; x_wconf 89' lang='lat' dir='ltr'><strong>a</strong></span> <span class='ocrx_word' id='word_1_86' title='bbox 486 3887 619 3950; x_wconf 91' lang='lat' dir='ltr'><strong>scholis</strong></span> <span class='ocrx_word' id='word_1_87' title='bbox 643 3903 781 3952; x_wconf 87' lang='lat' dir='ltr'><strong>sumam</strong></span> <span class='ocrx_word' id='word_1_88' title='bbox 806 3887 954 3966; x_wconf 89' lang='lat' dir='ltr'><strong>initium,</strong></span> <span class='ocrx_word' id='word_1_89' title='bbox 975 3887 1089 3952; x_wconf 87' lang='lat' dir='ltr'><strong>maior</strong></span> <span class='ocrx_word' id='word_1_90' title='bbox 1106 3895 1159 3950; x_wconf 90' lang='lat' dir='ltr'><strong>est</strong></span> <span class='ocrx_word' id='word_1_91' title='bbox 1175 3903 1279 3963; x_wconf 85' lang='lat' dir='ltr'><strong>nunc,</strong></span> <span class='ocrx_word' id='word_1_92' title='bbox 1304 3901 1415 3966; x_wconf 89' lang='lat' dir='ltr'><strong>quam</strong></span> 
     </span>
     <span class='ocr_line' id='line_1_20' title="bbox 174 3991 1411 4074; baseline 0.001 -18"><span class='ocrx_word' id='word_1_93' title='bbox 174 3991 287 4056; x_wconf 81' lang='lat' dir='ltr'><strong>suerit</strong></span> <span class='ocrx_word' id='word_1_94' title='bbox 301 4010 470 4074; x_wconf 88' lang='lat' dir='ltr'><strong>unquam,</strong></span> <span class='ocrx_word' id='word_1_95' title='bbox 487 3993 700 4057; x_wconf 83' lang='lat' dir='ltr'><strong>studentium</strong></span> <span class='ocrx_word' id='word_1_96' title='bbox 715 4011 894 4072; x_wconf 90' lang='lat' dir='ltr'><strong>numerus,</strong></span> <span class='ocrx_word' id='word_1_97' title='bbox 915 4011 1003 4074; x_wconf 91' lang='lat' dir='ltr'><strong>quos</strong></span> <span class='ocrx_word' id='word_1_98' title='bbox 1024 3993 1131 4057; x_wconf 88' lang='lat' dir='ltr'><strong>credo</strong></span> <span class='ocrx_word' id='word_1_99' title='bbox 1146 4001 1317 4056; x_wconf 90' lang='lat' dir='ltr'><strong>attractos</strong></span> <span class='ocrx_word' id='word_1_100' title='bbox 1335 4001 1411 4057; x_wconf 90' lang='lat' dir='ltr'><strong>tum</strong></span> 
     </span>
     <span class='ocr_line' id='line_1_21' title="bbox 174 4099 1415 4181; baseline 0.001 -19"><span class='ocrx_word' id='word_1_101' title='bbox 174 4099 225 4162; x_wconf 86' lang='lat' dir='ltr'><strong>ob</strong></span> <span class='ocrx_word' id='word_1_102' title='bbox 242 4100 441 4164; x_wconf 89' lang='lat' dir='ltr'><strong>orationem</strong></span> <span class='ocrx_word' id='word_1_103' title='bbox 455 4107 490 4164; x_wconf 90' lang='lat' dir='ltr'><strong>et</strong></span> <span class='ocrx_word' id='word_1_104' title='bbox 504 4100 611 4164; x_wconf 91' lang='lat' dir='ltr'><strong>trium</strong></span> <span class='ocrx_word' id='word_1_105' title='bbox 625 4102 827 4181; x_wconf 84' lang='lat' dir='ltr'><strong>linguarum</strong></span> <span class='ocrx_word' id='word_1_106' title='bbox 839 4100 1009 4179; x_wconf 82' lang='lat' dir='ltr'><strong>carmina,</strong></span> <span class='ocrx_word' id='word_1_107' title='bbox 1026 4117 1117 4181; x_wconf 91' lang='lat' dir='ltr'><strong>quae</strong></span> <span class='ocrx_word' id='word_1_108' title='bbox 1132 4103 1182 4176; x_wconf 93' lang='lat' dir='ltr'><strong>(ut</strong></span> <span class='ocrx_word' id='word_1_109' title='bbox 1197 4116 1275 4163; x_wconf 92' lang='lat' dir='ltr'><strong>mos</strong></span> <span class='ocrx_word' id='word_1_110' title='bbox 1288 4109 1415 4164; x_wconf 90' lang='lat' dir='ltr'><strong>noster</strong></span> 
     </span>
     <span class='ocr_line' id='line_1_22' title="bbox 174 4205 1411 4287; baseline 0 -17"><span class='ocrx_word' id='word_1_111' title='bbox 174 4219 322 4286; x_wconf 81' lang='lat' dir='ltr'><strong>semper</strong></span> <span class='ocrx_word' id='word_1_112' title='bbox 334 4206 415 4283; x_wconf 85' lang='lat' dir='ltr'><strong>suit)</strong></span> <span class='ocrx_word' id='word_1_113' title='bbox 428 4207 538 4270; x_wconf 89' lang='lat' dir='ltr'><strong>initiis</strong></span> <span class='ocrx_word' id='word_1_114' title='bbox 552 4208 747 4271; x_wconf 89' lang='lat' dir='ltr'><strong>studiorum</strong></span> <span class='ocrx_word' id='word_1_115' title='bbox 762 4225 882 4272; x_wconf 87' lang='lat' dir='ltr'><strong>mense</strong></span> <span class='ocrx_word' id='word_1_116' title='bbox 896 4205 1042 4271; x_wconf 91' lang='lat' dir='ltr'><strong>Octobri</strong></span> <span class='ocrx_word' id='word_1_117' title='bbox 1052 4207 1201 4270; x_wconf 85' lang='lat' dir='ltr'><strong>recitata</strong></span> <span class='ocrx_word' id='word_1_118' title='bbox 1211 4207 1322 4287; x_wconf 84' lang='lat' dir='ltr'><strong>suere;</strong></span> <span class='ocrx_word' id='word_1_119' title='bbox 1334 4217 1411 4271; x_wconf 91' lang='lat' dir='ltr'><strong>tum</strong></span> 
     </span>
     <span class='ocr_line' id='line_1_23' title="bbox 174 4312 1412 4395; baseline 0.004 -20"><span class='ocrx_word' id='word_1_120' title='bbox 174 4312 339 4376; x_wconf 75' lang='lat' dir='ltr'><strong>maxime</strong></span> <span class='ocrx_word' id='word_1_121' title='bbox 351 4313 397 4377; x_wconf 93' lang='lat' dir='ltr'><strong>ob</strong></span> <span class='ocrx_word' id='word_1_122' title='bbox 408 4331 539 4378; x_wconf 89' lang='lat' dir='ltr'><strong>nouam</strong></span> <span class='ocrx_word' id='word_1_123' title='bbox 550 4315 740 4394; x_wconf 89' lang='lat' dir='ltr'><strong>quamdam</strong></span> <span class='ocrx_word' id='word_1_124' title='bbox 750 4314 917 4395; x_wconf 82' lang='lat' dir='ltr'><strong>fabulam,</strong></span> <span class='ocrx_word' id='word_1_125' title='bbox 931 4331 1001 4377; x_wconf 90' lang='lat' dir='ltr'><strong>non</strong></span> <span class='ocrx_word' id='word_1_126' title='bbox 1011 4313 1128 4378; x_wconf 90' lang='lat' dir='ltr'><strong>minus</strong></span> <span class='ocrx_word' id='word_1_127' title='bbox 1137 4313 1291 4378; x_wconf 84' lang='lat' dir='ltr'><strong>facetam</strong></span> <span class='ocrx_word' id='word_1_128' title='bbox 1303 4330 1412 4395; x_wconf 87' lang='lat' dir='ltr'><strong>quam</strong></span> 
     </span>
     <span class='ocr_line' id='line_1_24' title="bbox 168 4417 1411 4501; baseline 0.001 -18"><span class='ocrx_word' id='word_1_129' title='bbox 168 4417 425 4499; x_wconf 70' lang='lat' dir='ltr'><strong>artificiosam,</strong></span> <span class='ocrx_word' id='word_1_130' title='bbox 441 4437 532 4501; x_wconf 87' lang='lat' dir='ltr'><strong>quae</strong></span> <span class='ocrx_word' id='word_1_131' title='bbox 546 4421 596 4485; x_wconf 87' lang='lat' dir='ltr'><strong>ita</strong></span> <span class='ocrx_word' id='word_1_132' title='bbox 610 4422 738 4484; x_wconf 84' lang='lat' dir='ltr'><strong>decore</strong></span> <span class='ocrx_word' id='word_1_133' title='bbox 757 4429 793 4485; x_wconf 93' lang='lat' dir='ltr'><strong>et</strong></span> <span class='ocrx_word' id='word_1_134' title='bbox 806 4429 954 4485; x_wconf 87' lang='lat' dir='ltr'><strong>venuste</strong></span> <span class='ocrx_word' id='word_1_135' title='bbox 972 4430 1025 4484; x_wconf 88' lang='lat' dir='ltr'><strong>est</strong></span> <span class='ocrx_word' id='word_1_136' title='bbox 1044 4421 1081 4484; x_wconf 91' lang='lat' dir='ltr'><strong>in</strong></span> <span class='ocrx_word' id='word_1_137' title='bbox 1099 4423 1231 4501; x_wconf 88' lang='lat' dir='ltr'><strong>templo</strong></span> <span class='ocrx_word' id='word_1_138' title='bbox 1249 4430 1370 4486; x_wconf 88' lang='lat' dir='ltr'><strong>nostro</strong></span> <span class='ocrx_word' id='word_1_139' title='bbox 1385 4439 1411 4484; x_wconf 89' lang='lat' dir='ltr'><strong>a</strong></span> 
     </span>
     <span class='ocr_line' id='line_1_25' title="bbox 175 4527 1412 4610; baseline 0.002 -20"><span class='ocrx_word' id='word_1_140' title='bbox 175 4527 309 4610; x_wconf 88' lang='lat' dir='ltr'><strong>pueris</strong></span> <span class='ocrx_word' id='word_1_141' title='bbox 323 4537 416 4605; x_wconf 86' lang='lat' dir='ltr'><strong>acta,</strong></span> <span class='ocrx_word' id='word_1_142' title='bbox 433 4537 472 4591; x_wconf 91' lang='lat' dir='ltr'><strong>ut</strong></span> <span class='ocrx_word' id='word_1_143' title='bbox 486 4528 542 4590; x_wconf 89' lang='lat' dir='ltr'><strong>uel</strong></span> <span class='ocrx_word' id='word_1_144' title='bbox 556 4528 580 4590; x_wconf 91' lang='lat' dir='ltr'><strong>ii</strong></span> <span class='ocrx_word' id='word_1_145' title='bbox 600 4529 659 4609; x_wconf 89' lang='lat' dir='ltr'><strong>qui</strong></span> <span class='ocrx_word' id='word_1_146' title='bbox 683 4528 845 4591; x_wconf 90' lang='lat' dir='ltr'><strong>doctrina</strong></span> <span class='ocrx_word' id='word_1_147' title='bbox 869 4527 1060 4608; x_wconf 85' lang='lat' dir='ltr'><strong>pariterue</strong></span> <span class='ocrx_word' id='word_1_148' title='bbox 1083 4528 1277 4592; x_wconf 89' lang='lat' dir='ltr'><strong>nobilitatis</strong></span> <span class='ocrx_word' id='word_1_149' title='bbox 1296 4529 1412 4609; x_wconf 87' lang='lat' dir='ltr'><strong>splen·</strong></span> 
     </span>
    </p>
   </div>
   <div class='ocr_carea' id='block_1_10' title="bbox 211 4768 833 4824">
    <p class='ocr_par' dir='ltr' id='par_1_12' title="bbox 211 4768 833 4824">
     <span class='ocr_line' id='line_1_26' title="bbox 211 4768 833 4824; baseline 0.002 -11"><span class='ocrx_word' id='word_1_150' title='bbox 211 4768 224 4804; x_wconf 80' lang='lat'><strong>¹</strong></span> <span class='ocrx_word' id='word_1_151' title='bbox 258 4768 451 4822; x_wconf 69' lang='lat' dir='ltr'><strong>Autumnum</strong></span> <span class='ocrx_word' id='word_1_152' title='bbox 461 4769 556 4824; x_wconf 79' lang='lat' dir='ltr'><strong>duplici</strong></span> <span class='ocrx_word' id='word_1_153' title='bbox 567 4769 637 4824; x_wconf 76' lang='lat' dir='ltr'><strong>solio,</strong></span> <span class='ocrx_word' id='word_1_154' title='bbox 648 4781 689 4813; x_wconf 89' lang='lat' dir='ltr'><strong>nn.</strong></span> <span class='ocrx_word' id='word_1_155' title='bbox 701 4769 740 4814; x_wconf 77' lang='lat' dir='ltr'><strong>tta</strong></span> <span class='ocrx_word' id='word_1_156' title='bbox 748 4775 775 4814; x_wconf 82' lang='lat' dir='ltr'><strong>et</strong></span> <span class='ocrx_word' id='word_1_157' title='bbox 787 4769 833 4814; x_wconf 63' lang='lat'><strong>1⁴5.</strong></span> 
     </span>
    </p>
   </div>
   <div class='ocr_carea' id='block_1_11' title="bbox 0 0 1756 5532">
    <p class='ocr_par' dir='ltr' id='par_1_13' title="bbox 0 0 1756 5532">
     <span class='ocr_line' id='line_1_27' title="bbox 0 0 1756 5532; baseline 0 0"><span class='ocrx_word' id='word_1_158' title='bbox 0 0 1756 5532; x_wconf 95' lang='lat' dir='ltr'><strong> </strong></span> 
     </span>
    </p>
   </div>
  </div>
 </body>
</html>
