3578 5534
748 520 812 579 Au.
836 519 905 579 1556
1408 520 1444 578 08

200 684 309 731 mum
324 677 442 730 essent
458 665 675 744 referendae)
691 666 867 744 dirimere,
884 682 1098 746 componere
1113 674 1148 728 et
1168 665 1359 728 conciliare
1373 665 1442 728 illis

212 775 391 853 integrum
404 784 493 838 erat.
510 774 647 838 Verum
662 773 747 837 iliud
763 773 935 853 imprimis
947 781 982 835 te
993 771 1030 834 in
1043 781 1235 852 stuporem,
1251 771 1369 850 Pater,
1383 773 1443 835 ad-

211 881 318 946 ducet
342 891 502 961 repertos
522 879 631 944 fuisse
656 898 677 944 a
698 893 822 944 nostro
850 879 1002 943 Rectore
1027 879 1200 959 quosdam
1224 878 1441 958 sacerdotes,

213 997 363 1051 naturae
382 987 484 1051 bonis
499 987 690 1067 praeditos,
710 987 925 1050 authoritate
941 995 975 1048 et
989 985 1168 1065 grauitate
1183 994 1341 1064 ornatos,
1359 994 1397 1048 ut
1414 987 1445 1047 si

210 1111 276 1158 eos
287 1093 449 1173 uidisses,
463 1111 620 1157 summos
631 1094 819 1172 theologos
830 1101 987 1173 putares;
1000 1091 1037 1154 hi
1048 1100 1167 1154 tamen
1177 1091 1332 1155 formam
1344 1091 1443 1155 abso·

213 1202 359 1265 lutionis
383 1201 614 1281 ignorabant:
644 1200 733 1263 adeo
754 1209 857 1262 erant
881 1198 988 1262 rudes
1013 1208 1049 1261 et
1073 1198 1190 1278 ignari
1213 1215 1332 1261 rerum
1358 1198 1444 1263 diui·

214 1325 354 1372 narum.

276 1413 347 1480 Sed
360 1415 530 1495 quoniam
544 1413 687 1493 copiose
701 1412 744 1476 de
759 1412 986 1475 sacerdotum
1005 1412 1110 1475 rebus
1130 1412 1270 1492 scripsi,
1291 1412 1446 1475 scribam

214 1531 250 1584 et
264 1522 421 1586 breuiter
435 1521 479 1585 de
491 1521 615 1584 ouium
629 1519 840 1597 conditione,
857 1535 949 1599 quae
964 1517 1039 1582 sine
1054 1518 1160 1582 dubio
1181 1528 1378 1598 sequuntur
1391 1537 1446 1582 ra-

215 1629 331 1692 tiones
346 1635 530 1708 pastorum
545 1615 703 1704 suorum3
727 1625 861 1688 inuenti
883 1626 1002 1706 itaque
1021 1635 1102 1688 sunt
1124 1625 1267 1706 plurimi
1287 1625 1446 1706 blasphe-

216 1735 278 1812 mi,
294 1735 481 1813 aleatores,
499 1733 660 1808 adulteri,
677 1732 859 1810 haeretici,
876 1732 1128 1811 foeneratores
1147 1741 1181 1795 et
1193 1740 1357 1795 caeterae
1368 1729 1446 1794 Rei-

214 1840 379 1920 publicae
392 1849 521 1920 pestes.
538 1839 707 1904 Permulti
722 1855 792 1902 non
807 1847 1047 1919 exposuerant
1058 1839 1154 1902 vitae
1167 1838 1316 1902 crimina
1330 1854 1447 1901 sacer·

214 1947 293 2012 doti
308 1956 390 2012 ante
405 1947 539 2024 decem,
557 1955 618 2010 aut
633 1945 832 2021 duodecim,
849 1957 883 2008 et
897 1945 1027 2026 viginti
1042 1963 1165 2024 annos,
1181 1955 1215 2009 et
1226 1945 1370 2008 tandem
1380 1944 1449 2009 Dei

215 2057 337 2132 gratia
351 2055 421 2118 illis
436 2055 561 2132 illuxit,
578 2063 617 2116 ut
643 2053 903 2116 consessionem
927 2054 1121 2117 salutarem
1146 2054 1315 2132 subirent,
1339 2063 1374 2116 et
1391 2070 1449 2116 eu·

219 2162 430 2226 charistiam
449 2161 682 2242 perciperent,
709 2171 743 2224 et
769 2162 955 2241 praeclare
981 2161 1092 2223 uitam
1114 2169 1302 2224 mutarent.
1326 2159 1450 2224 Adiuti

213 2269 312 2332 enim
325 2268 469 2332 fuerunt
490 2277 564 2331 tum
587 2268 829 2344 concionibus
851 2285 940 2348 quas
955 2267 1107 2331 habebat
1131 2267 1262 2331 Rector
1287 2265 1449 2331 omnibus

215 2375 316 2438 seriis
330 2376 376 2438 ad
389 2376 571 2455 populum,
588 2384 662 2436 tum
676 2375 901 2437 sermonibus
916 2383 950 2437 et
965 2374 1273 2438 exhortationibus
1285 2375 1448 2453 priuatis,

213 2498 308 2562 quas
322 2481 527 2562 frequenter
541 2481 780 2562 indigentibus
803 2481 971 2544 adhibere
991 2481 1116 2571 solitus
1137 2492 1233 2545 erat:
1253 2481 1289 2545 in
1310 2481 1449 2544 concio·

216 2590 334 2668 nibus,
351 2589 483 2653 Christi
497 2589 582 2671 Jesu
596 2606 674 2668 ope,
691 2598 725 2651 et
740 2587 858 2651 viriet
873 2587 1049 2652 foeminae
1064 2589 1198 2667 passim
1213 2587 1451 2651 cernebantur

216 2697 318 2759 fiere.

282 2803 458 2868 Increbuit
483 2821 560 2866 mos
585 2803 731 2883 quidam
755 2803 792 2864 in
817 2802 885 2864 hoc
911 2802 1137 2883 episcopatu,
1163 2812 1203 2865 ut
1228 2802 1265 2864 in
1290 2802 1452 2866 omnibus

218 2911 321 2974 feriis
333 2909 518 2986 Diuorum,
536 2909 662 2989 quibus
676 2910 809 2988 templa
824 2917 905 2971 sunt
927 2908 1102 2986 dedicata,
1120 2907 1275 2987 bibatur,
1295 2908 1450 2985 ludatur,

217 3019 382 3094 saltetur,
409 3028 445 3079 et
469 3015 701 3079 bacchanalia
731 3031 880 3095 prorsus
911 3014 1149 3078 celebrentur:
1178 3016 1214 3079 id
1239 3015 1346 3095 igitur
1372 3032 1453 3079 cum

221 3122 354 3186 Rector
379 3133 516 3186 certum
540 3122 697 3200 haberet,
715 3119 955 3185 contendebat
971 3121 1142 3185 interesse
1156 3121 1357 3185 huiusmodi
1369 3123 1455 3186 cele·

220 3228 423 3306 britatibus,
439 3229 564 3308 quibus
584 3244 664 3291 cum
682 3228 945 3306 interuenisset,
968 3227 1148 3307 prohibuit
1175 3237 1209 3290 et
1234 3229 1454 3307 saltationes,

214 3349 256 3400 et
272 3339 382 3414 aleas,
398 3347 433 3399 et
453 3345 614 3399 caeteras
637 3335 947 3412 debacchationes
975 3344 1049 3397 tum
1075 3333 1257 3410 concione,
1281 3347 1356 3399 tum
1375 3335 1444 3416 Epi

219 3445 324 3524 scopi
338 3443 554 3508 authoritate
566 3454 600 3507 et
616 3443 768 3505 nomine.

283 3550 382 3614 Haec
406 3559 504 3626 sunt,
531 3566 702 3630 perquam
726 3547 952 3611 obseruanda
977 3547 1098 3626 Pater,
1125 3567 1218 3629 quae
1242 3551 1346 3614 modo
1372 3551 1458 3615 mihi

220 3671 418 3722 occurrunt
430 3656 629 3735 scribenda,
646 3665 721 3718 tum
743 3656 786 3718 de
812 3672 850 3718 re
873 3655 1042 3734 literaria,
1064 3665 1139 3719 tum
1159 3657 1202 3720 de
1217 3667 1456 3721 sacramento·

224 3782 306 3828 rum
320 3764 530 3841 rationibus,
551 3771 626 3825 tum
648 3762 692 3824 de
712 3760 751 3823 P.
774 3760 938 3824 Rectoris
965 3762 1145 3825 laboribus
1163 3763 1200 3826 iu
1215 3762 1457 3829 iurisdictione

226 3870 466 3952 peragranda
494 3869 680 3949 inquibus
705 3868 847 3949 quidem
873 3869 994 3947 rebu5‚
1019 3886 1051 3932 sr
1075 3869 1264 3949 quicquam
1290 3879 1344 3934 est
1369 3872 1458 3936 bene

226 3986 369 4056 gestum
381 3977 554 4058 laudeque
568 3975 727 4054 dignum,
744 3974 779 4037 id
795 3973 871 4037 Deo
884 3975 1016 4054 optimo
1031 3975 1189 4039 maximo
1205 3985 1392 4057 acceptum
1405 3995 1457 4040 re·

223 4083 384 4162 serimus,
401 4100 422 4146 a
438 4100 506 4162 quo
521 4100 592 4146 uno
607 4083 722 4146 omnis
733 4081 847 4144 uirtus
857 4081 960 4144 nobis
968 4079 1213 4161 proficiscitur,
1229 4100 1332 4163 aquo
1347 4085 1459 4148 etiam

223 4191 377 4272 supplex
390 4207 518 4271 precor
537 4189 664 4253 mentis
689 4205 825 4269 pacem,
850 4197 884 4250 et
905 4187 1074 4251 virtutem
1088 4206 1157 4268 quo
1176 4189 1268 4253 illius
1292 4201 1455 4254 sanctam

226 4314 467 4376 agnoscamus
483 4299 711 4374 uoluntatem,
736 4295 781 4357 ad
795 4295 961 4374 illamque
983 4311 1050 4357 nos
1071 4304 1165 4358 totos
1180 4313 1361 4376 nunquam
1388 4314 1460 4362 non

229 4403 451 4485 effingamus.
468 4402 570 4466 Vale.

295 4513 332 4576 19
347 4511 515 4575 calendas
529 4509 713 4573 Februarii
732 4508 819 4572 1556,

292 4618 484 4694 Bononiae,
500 4635 520 4680 e
535 4615 693 4695 collegio
708 4614 895 4678 Societatis
909 4616 1005 4698 Jesu.

292 4725 557 4807 Superscrr‘ptr'o
578 4725 617 4786 in
639 4729 766 4786 octava
784 4721 1032 4802 pagt'na.·†Al
1044 4727 1151 4791 molto
1166 4725 1242 4789 Μ’
1265 4729 1300 4790 in
1315 4726 1460 4796 Christo
