3472 5528
414 519 468 590 258
797 519 968 592 Lunnaae
987 539 1259 602 Quaoatunsrnlts

414 675 572 756 nisterio,
589 686 724 758 quanta
739 692 805 740 nos
820 693 917 757 cura,
934 695 1056 742 amore
1070 685 1106 742 et
1122 677 1369 742 beneuolentia
1391 687 1639 760 prosequatur,

414 792 546 864 quanta
566 784 800 848 sollicitudine
822 801 864 848 ac
888 784 1009 849 labore
1031 786 1212 850 insomnes
1233 795 1357 850 noctes
1375 795 1410 850 et
1430 785 1639 868 irrequietos

414 900 499 971 agat
513 891 601 971 dies²
617 890 700 955 dum
714 908 780 956 nos
795 892 901 971 fouet,
926 892 987 957 alit
1007 903 1041 956 et
1056 893 1199 957 domum
1215 893 1320 973 erigit
1335 891 1639 973 magnificentissi-

413 1015 519 1079 mam,
535 998 675 1063 facilius
690 1007 743 1063 est
757 998 926 1063 demirari
939 1017 1045 1080 quam
1061 1017 1124 1082 per
1138 1000 1259 1064 literas
1270 1017 1437 1065 narrare:
1453 1001 1638 1083 plusquam

414 1106 595 1187 octoginta
608 1107 707 1171 viros
721 1113 886 1170 strenuos
911 1108 1042 1171 nostris
1064 1107 1210 1172 aedibus
1233 1116 1268 1171 et
1289 1108 1441 1172 ecclesia
1462 1124 1545 1172 cum
1566 1125 1639 1174 mu·
1725 1129 1726 1152 ¹

413 1229 497 1278 saeo
513 1213 759 1278 construendis
775 1213 955 1294 conduxit,
972 1215 1032 1297 qui
1047 1231 1185 1279 summa
1200 1214 1331 1278 ciuium
1346 1214 1501 1279 omnium
1513 1216 1640 1279 alacri·

413 1327 486 1383 tate
501 1329 607 1401 atque
621 1319 753 1401 gaudio
776 1338 797 1384 a
818 1320 1057 1387 fundamentis
1076 1339 1152 1386 rem
1167 1322 1382 1386 inchoarunt
1396 1329 1479 1386 ante
1493 1323 1560 1386 bos
1581 1324 1640 1386 tri·

412 1428 512 1507 ginta
527 1427 614 1508 dies,
631 1445 696 1492 nec
711 1444 838 1492 manus
858 1447 879 1491 a
894 1429 1016 1494 labore
1031 1430 1168 1493 tollunt.
1184 1427 1366 1509 Inspector
1380 1439 1416 1492 et
1430 1438 1548 1493 rector
1563 1448 1641 1511 ope

411 1535 462 1598 ris
487 1535 562 1616 ipse
586 1535 782 1616 Episcopus
808 1552 987 1617 nunquam
1013 1544 1143 1600 cessat.
1164 1534 1281 1599 Patris
1305 1534 1518 1600 Villanouae
1539 1553 1640 1601 oeco·
1725 1567 1726 1572 κ

411 1659 555 1705 nomam
580 1651 614 1706 et
640 1641 922 1723 dispensatorem
949 1661 1027 1707 sese
1052 1643 1138 1707 dicit
1164 1661 1184 1706 a
1210 1641 1287 1707 Deo
1313 1642 1483 1724 positum:
1510 1644 1640 1724 viginti
1725 1703 1726 1712 ,

411 1765 599 1812 aureorum
613 1749 721 1813 millia
737 1749 830 1813 dono
846 1731 942 1814 dedit
956 1759 990 1814 et
1004 1749 1170 1814 faciundo
1191 1749 1290 1831 operi
1305 1749 1498 1846 deputauit,
1515 1769 1573 1827 ne,
1589 1752 1626 1815 in

410 1855 595 1920 commoda
607 1865 823 1937 praeuentus
833 1866 957 1938 morte,
971 1857 1089 1922 omnia
1099 1858 1276 1938 relinquat
1290 1856 1509 1939 imperfecta,
1526 1858 1637 1922 sactu·
1725 1835 1726 1855 ¹

409 1981 471 2027 rus
483 1972 604 2028 tamen
614 1964 682 2028 hoc
694 1965 804 2031 multo
816 1966 978 2045 amplius,
996 1965 1027 2029 si
1041 1965 1145 2028 modo
1157 1964 1203 2028 sit
1214 1974 1408 2046 superstes.
1420 1963 1552 2030 Omnes
1564 1966 1638 2047 (qui

409 2071 557 2136 aderant
571 2071 724 2154 plurimi)
739 2072 921 2136 ministros
936 2073 1093 2136 decreuit
1112 2091 1133 2134 a
1156 2089 1195 2136 se
1213 2071 1392 2152 ablegare,
1416 2089 1481 2136 sex
1501 2081 1563 2136 aut
1582 2074 1638 2136 his

408 2179 635 2259 paucioribus
649 2179 819 2260 exceptis,
836 2180 949 2260 iisque
965 2179 1078 2243 sacris
1092 2175 1240 2243 initiatis
1254 2177 1456 2243 ordinibus:
1471 2196 1556 2244 nam
1570 2179 1638 2246 hos

407 2286 606 2367 Episcopus
620 2303 693 2350 non
707 2297 780 2350 tom
795 2286 946 2351 famulos
961 2297 996 2350 et
1011 2287 1193 2350 ministros
1207 2302 1314 2366 quam
1330 2286 1460 2349 fratres
1478 2287 1638 2368 reliquos

406 2393 505 2472 fecit3
522 2410 604 2457 nam
619 2402 653 2458 et
668 2403 812 2458 mensae
828 2393 836 2426 ¹
853 2411 914 2458 eos
925 2394 1013 2458 facit
1026 2393 1195 2473 assidere,
1207 2401 1242 2456 et
1256 2392 1475 2475 perhumane
1491 2403 1635 2460 tractat:

405 2502 592 2582 religiosos
617 2519 703 2565 sane
728 2502 828 2566 dicas
849 2519 920 2565 non
944 2512 1092 2566 temere:
1117 2509 1199 2566 sunt
1221 2501 1310 2564 haec
1335 2499 1504 2582 Episcopi
1525 2519 1636 2584 opera

406 2626 487 2673 cum
502 2610 749 2690 eleemosynis
766 2625 855 2689 quas
870 2609 1109 2690 indigentibus
1126 2608 1299 2688 elargitur
1314 2607 1559 2688 effusissimaS,
1576 2629 1636 2691 po·

405 2719 487 2798 pulo
502 2717 723 2796 gratissima;
741 2717 898 2796 biserga
921 2734 991 2796 nos¹
1012 2726 1093 2782 sunt
1115 2717 1243 2780 animis
1265 2717 1378 2780 nostri
1401 2717 1519 2797 ciues;
1544 2717 1635 2782 haec

404 2841 498 2888 nunc
513 2824 710 2905 Episcopus
725 2825 810 2904 agit.

464 2929 534 3010 Tu,
561 2930 666 2994 Pater
691 2949 862 3012 perquam
891 2932 1127 3010 obseruande‚
1159 2931 1351 2996 Dominum
1378 2933 1572 3012 precabere
1595 2942 1634 2996 ut

405 3039 594 3102 coelestem
609 3039 753 3103 domum
768 3049 869 3120 paret
889 3039 1002 3102 nobis.
1022 3039 1113 3102 Nam
1132 3039 1190 3103 hic
1213 3040 1393 3120 peregrini
1415 3047 1450 3102 et
1468 3047 1633 3104 extorres

404 3145 548 3224 erimus,
565 3147 840 3227 qualescumque
856 3146 974 3224 regias
989 3145 1237 3210 inhabitemus.
1253 3146 1355 3211 Vale.

466 3251 678 3332 Placentiae,
695 3251 865 3315 Kalendis
881 3251 966 3316 Maii
985 3251 1073 3315 1556.
1286 3241 1289 3262 '

462 3359 572 3424 Filius
587 3359 855 3438 indignissimus
869 3369 902 3421 ct
919 3360 1052 3422 inutilis
1070 3376 1196 3422 seruus
1211 3360 1247 3423 in
1264 3359 1429 3440 Domino,

1265 3548 1469 3612 Drouvsrus.

464 3895 730 3978 Superscriptio
754 3895 794 3959 in
819 3903 950 3977 quarta
970 3896 1132 3978 pagina:
1162 3842 1248 3960 1155.
1279 3895 1482 3961 Admodum
1511 3899 1632 3964 obser·

403 4006 520 4071 uando
536 4003 632 4068 Patri
647 4013 770 4068 nostro
786 4001 848 4066 ΜΡ
865 4004 1003 4084 ignatio
1020 4023 1040 4068 a
1055 4004 1204 4084 Loyola,
1219 4001 1425 4083 Praeposito
1439 4001 1633 4072 Societatis

401 4113 486 4196 Jesu
498 4111 644 4176 Romae.

462 4219 546 4283 Alia
561 4236 685 4283 manu:
699 4217 892 4284 Placentia.
909 4219 1195 4299 Quadrimestres
1210 4216 1255 4297 p.¹
1275 4217 1372 4281 Mali.

462 4328 510 4390 Et
526 4326 610 4392 alia
628 4327 775 4391 Emend.

470 4434 670 4514 Vestigium
685 4449 785 4496 cerae
800 4431 930 4512 sigilli.

402 4611 612 4623 ——n——n-

438 4711 449 4746 t
478 4711 527 4756 Ubi
537 4711 677 4770 Dionysius
686 4713 830 4765 scripserat
841 4721 905 4754 noea
916 4713 941 4754 ee
954 4720 1072 4761 incusor,
1081 4709 1209 4756 Polancur
1219 4710 1366 4756 emendavit
1375 4711 1422 4756 sle:
1430 4723 1536 4758 mensae
1544 4717 1628 4772 siqui·

399 4785 460 4828 dem
472 4794 546 4828 suae.
558 4783 624 4828 Vide
634 4794 723 4839 supra,
734 4794 792 4837 pag.
803 4781 851 4836 236,
863 4788 953 4826 annot.
968 4784 986 4824 1.
