3510 5526
573 524 789 582 Anneianum
807 535 896 580 rouo
915 532 1063 578 sucorum
1371 517 1435 578 ²693

198 684 278 731 non
292 668 403 732 mouit
417 668 583 749 lapidem;
599 683 684 730 nam
699 674 733 728 et
743 619 882 729 no⁰biles
901 664 1035 745 aliquot
1050 673 1084 727 et
1106 664 1271 728 doctores
1285 665 1356 729 huc
1368 665 1434 729 ad·

198 773 317 850 duxit,
333 775 364 838 si
383 791 452 854 quo
474 773 591 851 modo,
615 773 709 853 quod
730 775 885 852 optabat,
912 771 983 835 filio
1004 761 1288 851 persuaderetur.
1312 771 1362 834 At
1375 773 1433 836 ille

204 891 279 945 tam
295 881 332 944 in
351 891 494 962 arrepto
514 880 696 962 proposito
716 889 884 942 constans
900 878 1156 958 immobilisque
1171 879 1376 958 permansit,
1394 891 1433 942 ut

201 1005 288 1074 eum
313 1005 385 1052 non
413 989 526 1051 solum
555 987 751 1052 amicorum
785 1001 925 1066 preces,
952 985 1249 1063 grauissimorum
1273 985 1433 1050 uirorum

202 1111 344 1172 suasus,
358 1096 471 1175 patris
482 1095 669 1175 colloquia,
683 1094 900 1172 lachrymae,
918 1093 1083 1171 querelae
1099 1092 1323 1172 (querebatur
1338 1093 1432 1156 enim

204 1203 262 1266 uel
277 1200 320 1264 de
333 1202 402 1265 hoc
417 1201 583 1279 maxime,
600 1201 693 1281 quod
713 1217 794 1263 cum
809 1217 850 1262 eo
866 1215 1004 1262 omnem
1025 1214 1127 1262 suam
1147 1199 1382 1262 substantiam
1396 1200 1432 1262 in

203 1306 330 1370 studiis
346 1307 637 1387 consumpsisset,
654 1315 738 1370 etse
754 1305 957 1369 defraudari
972 1321 1035 1385 spe
1046 1302 1107 1366 filii
1123 1305 1266 1368 minime
1280 1306 1434 1384 patieba-

203 1425 274 1492 tur,
290 1430 332 1476 eo
348 1415 406 1476 vel
416 1414 571 1476 maxime
587 1413 680 1494 quod
697 1412 788 1476 filias
802 1412 948 1475 haberet
965 1411 1010 1474 ab
1024 1411 1129 1474 huius
1144 1412 1194 1489 (ut
1210 1412 1338 1490 aiebat)
1353 1429 1431 1492 pro·

203 1521 356 1584 tectione
371 1521 588 1601 pendentes):
606 1521 706 1598 haec,
722 1521 878 1600 inquam,
895 1528 1032 1582 tantum
1047 1517 1158 1581 abfuit
1173 1528 1211 1580 ut
1225 1535 1339 1581 cuma
1354 1535 1431 1600 pro·

203 1619 319 1708 posito
334 1638 369 1691 et
383 1627 577 1692 intentione
592 1627 816 1704 dimouerint,
834 1635 872 1688 ut
890 1627 1007 1704 magis
1023 1625 1250 1689 confirmasse
1271 1625 1432 1691 videren-

200 1745 271 1798 tur.
289 1733 387 1798 Deus
402 1735 506 1812 bone,
523 1745 656 1815 quanta
677 1743 779 1814 pater
798 1732 905 1795 suerit
925 1733 1066 1796 molitus
1088 1747 1262 1811 quamque
1288 1749 1431 1796 succen-

203 1858 265 1904 sus
279 1841 362 1919 filio,
380 1842 439 1921 qui
454 1850 549 1905 certe
564 1841 600 1904 in
621 1842 690 1904 boc
711 1857 782 1904 non
802 1856 952 1919 paruam
967 1838 1010 1900 de
1025 1855 1063 1901 se
1082 1837 1244 1917 praebuit
1269 1850 1432 1918 expecta·

201 1948 345 2026 tionem,
363 1948 462 2011 carni
477 1959 550 2012 tam
565 1947 704 2011 fortiter
724 1947 893 2010 resistens
908 1955 942 2009 et
967 1945 1144 2024 sanguini!
1161 1943 1225 2008 Est
1246 1945 1277 2008 is
1291 1946 1431 2009 iuvenis

193 2054 297 2118 ¹ielici
307 2055 451 2134 ingenio
467 2065 501 2118 et
517 2055 691 2134 probitate
707 2053 932 2134 conspicuus,
947 2068 1148 2132 annumque
1163 2052 1285 2114 iamin
1299 2052 1431 2116 theolo·
1507 2103 1510 2108 .

198 2161 264 2240 gia
279 2163 505 2226 exercitatus.
809 2163 814 2176 ’

263 2267 358 2332 Dum
372 2269 462 2332 haec
477 2280 680 2348 agerentur,
696 2270 753 2332 die
768 2267 803 2332 S.
819 2268 977 2331 Thomae
993 2266 1140 2330 admissi
1160 2278 1242 2331 sunt
1264 2269 1299 2330 in
1315 2267 1430 2330 Socie-

198 2384 310 2439 tatem
332 2377 460 2439 iratres
482 2385 567 2454 treS,
594 2375 838 2456 philosophiae
863 2383 975 2438 totum
1000 2391 1090 2454 pene
1116 2390 1259 2438 cursum
1282 2374 1429 2451 emensi,

202 2482 329 2561 quibus
350 2491 403 2545 est
428 2493 462 2546 et
485 2500 567 2546 acre
593 2481 638 2544 ad
660 2482 775 2544 studia
802 2483 1093 2560 praeclarumque
1118 2481 1313 2560 ingenium,
1335 2483 1431 2545 etad

161 2665 181 2673 -
202 2588 425 2652 obedientiae
440 2590 608 2652 virtutem
623 2606 694 2651 non
709 2606 820 2668 parua
841 2589 1042 2668 propensio.

264 2695 455 2773 Habemus
473 2695 535 2758 X.⁰
550 2697 700 2773 gratiae,
718 2695 868 2773 amplius
884 2695 1123 2773 sacellumque
1139 2711 1246 2774 super
1261 2696 1405 2758 domum
1422 2695 1446 2730 ¹·

199 2803 358 2882 utrinque
374 2820 447 2866 non
471 2803 633 2882 angustis
652 2803 749 2866 cellis
770 2801 985 2878 distinctam,
1003 2802 1063 2865 ubi
1084 2819 1122 2864 se
1137 2801 1182 2864 ab
1198 2804 1359 2866 omnibus
1379 2819 1430 2866 se·

200 2911 344 2990 gregati
359 2926 526 2972 exercere
542 2911 689 2989 possint,
707 2910 766 2989 qui
781 2908 826 2971 ad
841 2925 906 2970 nos
921 2909 996 2971 eius
1011 2909 1063 2971 rei
1078 2909 1196 2986 gratia
1216 2909 1358 2988 plurimi
1373 2927 1430 2996 ue-

204 3017 316 3095 niunt;
332 3016 503 3080 hactenus
519 3017 555 3079 in
571 3017 685 3079 medio
697 3025 858 3078 nostrum
870 3027 962 3090 sunt,
980 3016 1073 3094 quod
1087 3023 1225 3078 nonest
1241 3015 1432 3079 admodum

200 3131 264 3186 aut
279 3123 365 3202 ipsis
380 3134 441 3186 aut
456 3123 558 3185 nobis
572 3121 775 3202 expediens
793 3122 831 3184 ln
847 3121 938 3184 hoc*
964 3137 1050 3199 ergo
1072 3139 1094 3182 a
1110 3121 1233 3201 paucis
1256 3123 1379 3185 diebus
1397 3135 1436 3200 et

200 3229 259 3293 P!
273 3229 505 3294 Prouincialis
518 3229 753 3292 concionatur
764 3239 799 3291 et
812 3227 865 3290 Ρ.τ
878 3229 1085 3292 Emmanuel
1097 3229 1246 3306 singulis
1260 3228 1362 3292 sestis
1373 3229 1429 3292 do·

198 3337 352 3400 ctrinam
361 3338 593 3400 christianam
602 3353 738 3399 summo
751 3337 1169 3415 omniuminterpretatur
1178 3337 1364 3415 applausu.
1375 3337 1432 3400 Ad

196 3461 305 3523 quem
317 3453 389 3506 tam
402 3443 501 3506 multi
513 3443 705 3521 confluunt,
717 3461 787 3506 non
800 3443 842 3506 de
855 3443 955 3524 plebe
967 3444 1093 3520 solum,
1105 3440 1168 3504 sed
1181 3452 1215 3504 et
1227 3443 1433 3507 scholastici

190 3551 342 3631 plurimi
364 3561 398 3612 et
423 3550 599 3628 doctores,
616 3561 653 3612 ut
675 3567 737 3613 eos
763 3553 861 3613 locus
876 3567 1004 3629 capere
1023 3558 1186 3628 nequeat;
1208 3565 1359 3628 quorum
1380 3551 1432 3613 sic

198 3657 312 3720 animi
322 3658 420 3720 hisce
432 3665 630 3734 mouentur,
646 3655 821 3720 ut'mirum
837 3657 881 3718 sit
894 3656 1108 3736 quantrunin
1120 3655 1171 3718 eis
1183 3656 1218 3717 in
1230 3655 1305 3718 dies
1315 3655 1431 3720 Socie-

200 3773 312 3827 tatem
335 3764 559 3842 ingrediendi
585 3764 797 3827 desiderium
818 3773 853 3825 et
872 3762 1207 3825 feruor-accrescat.
1229 3761 1274 3824 Et
1293 3772 1331 3826 ut
1351 3773 1432 3826 sunt

186 3870 239 3933 ‘in
252 3869 320 3933 hac
336 3870 530 3948 academia,
544 3871 670 3950 quibus
684 3887 755 3932 non
768 3869 956 3932 admodum
968 3869 1135 3948 probetur
1144 3868 1232 3930 haec
1245 3869 1432 3932 scholasti·

200 3993 326 4039 corum
341 3977 387 4040 ad
412 3975 625 4040 Societatem
647 3977 825 4054 admissio,
849 3975 1053 4038 doctoribus
1078 3975 1300 4055 praesertim,
1318 3977 1433 4055 quise

201 4083 277 4146 suis
291 4084 483 4164 discipulis
501 4095 606 4164 atque
622 4084 673 4147 eis
693 4083 905 4164 praecipuis,
933 4083 1054 4145 orbari
1073 4084 1221 4145 moleste
1237 4081 1366 4161 serunt,
1384 4084 1433 4147 ita

199 4207 274 4275 non
288 4191 415 4254 desunt
430 4192 490 4271 qui
504 4191 641 4272 publice
661 4192 867 4271 approbent.
884 4191 946 4254 Est
961 4191 1054 4253 enim
1076 4189 1273 4254 monachus
1288 4192 1432 4271 quidam

200 4295 247 4362 D.
272 4297 443 4362 Bernardi
468 4300 613 4374 ordiuiS,
640 4299 751 4378 quiin
772 4298 844 4362 suis
866 4298 910 4361 ad
930 4298 1100 4377 populum
1124 4297 1356 4362 concionibus
1381 4300 1433 4362 sic

198 4403 413 4470 Societatem
428 4407 575 4486 extollit,
593 4406 841 4485 inuehiturque
853 4406 889 4467 in
901 4422 962 4468 eos
977 4405 1180 4484 sentientes
1207 4405 1354 4486 eiusque
1369 4404 1432 4470 Pa·

243 4608 250 4638 ⁸
279 4609 330 4664 Sic;
341 4621 433 4654 verum
449 4609 560 4665 hispana
577 4613 659 4654 verba
675 4611 713 4655 lta
729 4611 826 4655 rectius
843 4588 1021 4652 redderentur.
1036 4607 1184 4661 Habemus,
1200 4607 1304 4652 christo
1314 4611 1435 4662 gratiae,

200 4681 322 4735 amplius
330 4682 473 4735 sacellum,
481 4685 507 4726 et
517 4688 602 4737 supra
613 4683 641 4726 id
652 4682 770 4726 domum.

242 4753 255 4785 ⁸
283 4751 393 4798 Sacello.
1329 4793 1340 4820 0
