3382 5528
378 527 438 592 t76
771 534 942 594 Ltrrsaan
961 551 1233 603 ouaomuasrans

382 679 459 742 cius
476 678 578 743 Pater
593 690 670 744 erat
686 680 852 745 Valentia
868 682 1039 746 oriundus
1053 693 1087 745 et
1107 683 1283 746 maiorum
1303 682 1514 762 imaginibus
1534 684 1593 744 cla·

381 801 454 863 rus,
468 787 527 866 qui
539 797 728 868 antequam
740 788 776 852 in
788 787 856 850 hoc
868 787 999 853 Christi
1013 789 1098 871 Jesu
1110 790 1328 854 consortium
1340 789 1597 866 adscisceretur,

381 901 416 954 et
431 894 572 970 generis
586 894 789 974 splendore,
807 906 841 958 et
860 898 1013 960 uestium
1028 897 1204 976 elegantia
1220 907 1325 977 atque
1341 896 1480 976 politia,
1504 912 1599 974 quam

383 999 485 1062 unice
500 999 706 1078 affectabat,
723 1003 887 1066 omnibus
908 1011 985 1065 erat
1007 1019 1114 1084 quam
1136 1003 1289 1066 maxime
1308 1011 1432 1066 notus:
1454 1003 1539 1066 alter
1559 1017 1599 1063 ex

380 1105 505 1168 eodem
521 1108 741 1171 nouiciorum
755 1125 866 1188 grege
881 1112 1088 1189 praeclarae
1104 1109 1232 1174 indolis
1253 1108 1364 1172 irater
1379 1121 1477 1184 erat,
1492 1108 1549 1189 qui
1568 1107 1599 1170 in

381 1213 513 1276 celebri
528 1213 681 1294 quadam
696 1215 879 1278 academia
894 1216 1057 1279 liberales
1073 1230 1169 1280 artes
1183 1224 1237 1279 est
1249 1216 1387 1296 publice
1400 1216 1599 1294 interprete·

382 1329 451 1382 tus:
468 1319 492 1382 il
507 1337 593 1400 ergo
609 1331 775 1401 putantes
790 1323 1012 1386 obedientiae
1035 1323 1071 1386 vi
1086 1323 1172 1386 illud
1187 1340 1264 1386 esse
1279 1323 1500 1400 mandatum,
1522 1322 1600 1385 scite

380 1426 708 1491 animadvertentes
734 1427 778 1492 ad
804 1445 934 1494 munus
959 1429 1179 1494 obedientiae
1202 1429 1389 1509 diligenter
1414 1429 1601 1492 obeundum

383 1533 470 1596 satis
490 1551 569 1598 esse
587 1535 839 1615 praecipientis
864 1536 1023 1600 animum
1047 1546 1244 1616 spectatum
1269 1536 1400 1600 habere
1426 1553 1468 1598 ac
1492 1534 1600 1614 cogni·
1679 1611 1680 1614 Ἴ

383 1647 468 1718 tum,
485 1641 535 1704 nil
549 1658 591 1704 ea
607 1641 650 1704 de
665 1659 703 1704 re
719 1643 869 1722 amplius
881 1643 999 1722 locuti,
1014 1643 1060 1706 ad
1074 1645 1190 1707 locum
1205 1643 1274 1706 situ
1289 1651 1323 1705 et
1339 1644 1505 1724 squalore
1520 1642 1603 1704 obsi·

383 1755 456 1809 tum
471 1757 634 1826 pergunt,
651 1765 740 1812 cane
753 1748 906 1828 ionibus,
924 1749 1062 1814 adeam
1078 1767 1152 1813 rem
1164 1766 1285 1814 secum
1297 1749 1425 1826 allatis,
1440 1750 1600 1829 colligato

382 1862 490 1933 atque
508 1871 571 1934 per
592 1857 736 1934 longum
760 1855 857 1918 urbis
876 1856 1102 1920 interstitium
1125 1867 1319 1936 pertracto,
1342 1857 1481 1919 cunctis
1502 1855 1602 1919 admi·

382 1960 553 2037 rantibus,
577 1961 712 2042 Deique
733 1979 858 2026 seruos
880 1963 1106 2041 uocantibus,
1131 1973 1233 2026 extra
1259 1980 1380 2026 muros
1405 1965 1603 2043 propulsum

384 2069 612 2149 reliquerunt.

446 2173 541 2238 Idem
558 2176 673 2255 Pater,
687 2177 871 2242 cuiusdam
884 2196 929 2242 cx
941 2179 1074 2242 nostris
1087 2179 1255 2242 fratribus
1267 2179 1303 2242 in
1316 2179 1447 2258 oppido
1460 2178 1603 2259 quodam

383 2282 461 2345 urbi
476 2281 623 2346 finitimo
640 2284 885 2348 concionaturi
900 2286 1038 2348 assecla
1053 2284 1186 2364 sactus,
1203 2287 1304 2348 asino
1320 2286 1415 2348 haud
1431 2289 1604 2365 eleganter

379 2389 549 2452 clitellato
565 2390 731 2464 insidens,
749 2401 917 2470 tanquam
932 2391 1029 2455 illum
1044 2391 1100 2454 vis
1116 2392 1222 2454 animi
1243 2391 1480 2470 destituisset,
1503 2391 1605 2455 omni-

384 2495 450 2558 bus
468 2513 507 2560 sc
528 2497 713 2561 ridendum
733 2515 930 2578 exponens,
951 2499 1137 2578 percurrit.
1160 2499 1233 2562 lam
1254 2515 1333 2561 curn
1355 2499 1605 2580 amplissimum

383 2601 570 2666 charitatis
587 2603 742 2667 lructum
757 2606 793 2667 in
808 2622 850 2667 eo
866 2605 972 2669 situm
987 2623 1065 2669 esse
1081 2606 1306 2686 perspicuum
1321 2606 1377 2679 sit,
1396 2606 1426 2669 si
1441 2606 1521 2686 quis
1534 2622 1604 2686 pro·

383 2710 482 2788 ximi,
500 2720 534 2773 et
550 2711 703 2774 maxime
718 2713 898 2792 pauperis,
914 2712 1059 2792 perinde
1075 2723 1180 2794 atque
1202 2713 1257 2776 sui
1278 2712 1389 2794 ipsius
1408 2713 1605 2777 calamitate

384 2827 585 2896 pungatur,
614 2819 651 2880 in
679 2819 938 2884 xenodochium
966 2820 1142 2884 interdum
1170 2820 1300 2884 iratres
1326 2817 1604 2898 proficiscuntur,

384 2925 463 2988 aliis
478 2925 640 2988 lauandis
656 2926 817 2990 manibus
833 2928 1084 3004 ministrantes,
1102 2943 1239 3007 ungues
1253 2937 1436 3004 resecant,
1454 2927 1534 2989 aliis
1550 2925 1606 2988 ali·

384 3041 502 3094 menta
528 3031 770 3112 suppeditant,
793 3033 950 3112 aliosque
972 3035 1068 3096 omni
1087 3035 1277 3113 spurcitiae
1303 3045 1408 3115 atque
1427 3032 1605 3096 immundi·

384 3138 454 3201 tiae
468 3139 630 3202 exactius
644 3150 855 3219 expurgant,
872 3157 940 3218 quo
953 3140 1147 3204 ministerio
1159 3157 1280 3204 eorum
1293 3140 1402 3204 animi
1413 3141 1462 3203 ita
1477 3141 1604 3202 leniun-

385 3255 453 3323 tur,
471 3255 509 3307 vt
525 3245 673 3308 summis
686 3246 856 3309 encomiis
871 3245 937 3308 Dei
953 3245 1033 3326 Opt.
1051 3246 1146 3310 Max.
1168 3263 1295 3310 nomen
1318 3246 1442 3310 efferre
1463 3265 1534 3310 non
1555 3246 1606 3307 de·

382 3351 513 3416 sinant.

444 3457 674 3524 Conuiuimus
690 3461 747 3523 hic
761 3461 802 3522 25
815 3469 874 3524 aut
884 3460 924 3522 26
935 3477 1092 3538 numero,
1108 3460 1265 3542 utrisque
1277 3461 1409 3540 pariter
1420 3477 1608 3524 connume-

384 3566 483 3628 ratis:
501 3583 547 3630 ex
561 3566 616 3630 his
631 3575 783 3648 quatuor
798 3584 902 3631 omne
917 3567 1071 3630 studium
1092 3568 1127 3631 in
1149 3567 1331 3648 theologia
1350 3577 1504 3647 ponunt:
1529 3567 1607 3642 duo,

383 3671 1606 3754 dialecticeslabyrinthosegressi,philosophiaeoperamimpendunt;

384 3789 491 3858 atque
516 3779 605 3842 duos
630 3781 718 3843 alios
743 3790 933 3859 postremo,
961 3781 1194 3859 ingenuarum
1220 3780 1349 3844 artium
1378 3795 1525 3844 cursum
1546 3781 1608 3842 hoc

384 3902 479 3948 anno
500 3885 650 3949 feliciter
672 3887 893 3968 auspicatoS,
917 3903 1065 3966 magnos
1091 3886 1126 3950 in
1151 3904 1193 3949 eo
1218 3887 1375 3951 facturos
1400 3903 1608 3968 progressus

385 4008 585 4073 speramus;
608 3993 667 4073 qui
690 4009 827 4071 omnes,
854 3993 1149 4072 quemadmodum
1168 3995 1324 4074 egregiis
1344 3994 1451 4057 animi
1473 3994 1609 4058 dotibus

385 4099 550 4177 eminent,
566 4100 618 4162 sic
633 4110 667 4163 et
682 4099 865 4163 literarum
888 4100 1091 4178 cognitione
1111 4100 1199 4164 alios
1218 4101 1357 4182 praeire
1377 4101 1607 4174 contendunt,

387 4203 518 4268 decoro
534 4216 653 4288 tamen
667 4207 725 4268 vel
741 4206 833 4269 inter
848 4206 1110 4286 disputandum,
1126 4207 1183 4270 uel
1194 4223 1274 4292 cum
1285 4206 1365 4270 aliis
1376 4206 1419 4269 de
1432 4207 1538 4271 rebus
1550 4209 1611 4287 piis

387 4312 575 4391 agendum,
592 4322 747 4391 seruato;
764 4329 879 4392 neque
896 4312 1037 4376 interim
1060 4314 1222 4392 neglecta
1244 4313 1320 4387 illa,
1343 4331 1434 4393 quae
1453 4315 1611 4378 omnibus

388 4419 535 4482 mirifice
549 4419 730 4499 probatur,
747 4420 784 4482 in
798 4437 989 4499 corporum
1006 4421 1159 4483 motione
1182 4430 1287 4500 atque
1302 4431 1422 4500 gestu,
1441 4421 1608 4484 decentia:

386 4542 455 4604 quo
470 4525 506 4588 ht
521 4535 558 4588 ut
574 4526 729 4589 omnium
745 4526 780 4588 in
802 4543 840 4590 se
856 4529 993 4606 oculos,
1016 4529 1112 4590 uelut
1128 4527 1165 4590 in
1188 4527 1303 4590 stadio
1328 4539 1531 4605 currentes,
1556 4530 1608 4588 ha·

388 4632 493 4695 beant
509 4632 700 4696 coniectos.
718 4633 823 4696 Faxit
839 4632 936 4697 Deus
952 4643 1000 4713 ut,
1017 4633 1111 4714 quod
1126 4633 1276 4698 feliciter
1290 4634 1529 4713 instituerunt,
1544 4629 1610 4696 leli·

383 4737 526 4802 cissime
541 4739 740 4817 absoluant,
758 4750 791 4802 et
807 4741 897 4803 sicut
913 4741 1061 4804 honesta
1072 4742 1160 4804 haec
1173 4742 1428 4822 praeclaraque
1441 4743 1609 4805 exercita·
