3368 5528
628 493 693 554 An.
715 470 785 555 1556
1266 494 1329 552 519

101 646 162 717 ral;
177 637 240 701 sed
255 639 389 702 crebris
402 649 435 702 et
451 639 604 704 assiduis
618 649 822 705 nostrorum
838 639 1060 703 sermonibus
1075 639 1142 702 hac
1155 649 1227 702 tam
1244 656 1323 703 exe-

101 744 227 808 cranda
241 755 274 808 et
290 744 497 811 detestanda
521 723 794 811 cacodaemonis
812 745 1042 826 persuasione
1062 745 1242 824 liberatus,
1264 761 1323 826 ge·

101 852 196 914 nibus
210 852 327 928 nixus,
343 853 388 915 ab
404 853 565 916 omnibus
588 855 729 918 ueniam
750 854 941 934 impetrare
961 852 1135 932 cupiebat,
1158 853 1320 932 rogabat·

101 974 162 1037 que
175 969 212 1022 ut
228 960 384 1024 animum
400 978 503 1026 suum
518 961 594 1026 Deo
610 962 907 1025 commendarent:
924 961 976 1024 sic
992 959 1134 1022 tandem
1150 960 1184 1023 in
1200 959 1268 1024 fide
1281 977 1323 1024 ac

101 1066 264 1146 religione
279 1067 471 1132 christiana
488 1069 717 1132 confirmatus
739 1084 931 1148 suspensus
947 1069 1020 1130 uita
1034 1067 1198 1129 excessit.
1217 1067 1319 1131 Alter

100 1171 161 1236 hoc
175 1175 337 1256 supplicii
354 1191 466 1252 genus
487 1193 558 1239 non
578 1174 683 1239 modo
704 1176 822 1240 subire
841 1191 913 1238 non
932 1168 1124 1248 recusauit,
1149 1173 1212 1236 sed
1227 1176 1322 1238 laeto

98 1290 129 1342 et
138 1281 243 1346 hilari
258 1284 357 1346 uultu
372 1283 457 1347 illud
471 1283 621 1364 excepit,
638 1300 746 1365 seque
762 1301 804 1346 ea
819 1291 853 1346 et
869 1282 978 1345 multo
994 1283 1130 1345 maiore
1145 1298 1258 1361 poena
1271 1282 1321 1345 di·

98 1402 200 1462 gnum
214 1405 294 1453 esse
309 1390 471 1454 omnibus
485 1390 701 1454 declarabat:
718 1389 811 1469 quod
827 1397 923 1452 certe
939 1399 1141 1452 nostrorum
1162 1388 1319 1452 consiliis

98 1503 128 1554 et
150 1497 439 1574 persuasionibus
464 1497 624 1561 euenisse
649 1496 829 1560 existimo:
856 1496 984 1576 quibus
1008 1495 1174 1575 peractis,
1202 1495 1322 1559 solent¹

96 1602 206 1666 statim
221 1602 257 1665 in
272 1620 314 1667 eo
329 1605 408 1666 loco
423 1604 631 1668 concionem
653 1603 783 1666 habere
803 1602 848 1666 ad
866 1601 1192 1682 frequentissimum
1207 1601 1318 1665 homi·

96 1723 172 1772 num
186 1721 409 1790 conuentum,
427 1695 485 1792 qni
499 1721 618 1774 sontes
634 1721 668 1774 et
682 1719 850 1774 nocentes
864 1709 942 1772 illos
956 1708 990 1772 in
1006 1709 1049 1771 iis
1065 1710 1185 1788 regnis
1197 1707 1241 1770 ad
1257 1725 1316 1789 pa-

97 1813 236 1879 tibulum
251 1834 363 1898 usque
377 1818 540 1882 comitari
554 1827 814 1882 consueuerunt
831 1817 851 1880 ·.

150 1919 298 1987 Accedit
312 1923 419 1988 etiam
433 1923 529 1988 illud:
547 1921 687 1987 Patrem
710 1924 898 2004 quemdam
920 1928 1092 1999 nostrum,
1115 1921 1314 2003 Gasparem

95 2023 262 2093 Didacum
277 2027 288 2060 ¹
300 2033 453 2110 nomine,
466 2031 705 2112 superioribus
717 2029 888 2111 proximis
900 2029 1021 2092 diebus
1034 2028 1079 2092 ad
1091 2029 1313 2092 sacerdotem

93 2135 270 2212 quemdam
285 2153 324 2200 sc
339 2137 541 2216 contulisse,
562 2138 620 2217 qui
637 2137 767 2201 iamdiu
788 2137 1022 2200 concubinam
1042 2134 1232 2216 quamdam
1253 2134 1312 2198 ha-

93 2237 188 2304 bebat
202 2260 247 2306 ex
262 2261 372 2324 eaque
388 2243 497 2308 lilium
511 2244 710 2326 quemdam;
724 2261 827 2324 quem
840 2260 919 2306 cum
935 2243 1065 2306 acriter
1078 2251 1112 2305 et
1127 2243 1311 2305 uehemen-

93 2355 140 2410 ter
161 2349 456 2430 reprehendisset,
480 2352 597 2432 illique
620 2354 724 2432 quam
749 2350 993 2422 detestandum
1015 2359 1049 2412 et
1072 2349 1311 2413 execrandum

93 2452 151 2516 hoc
166 2456 291 2521 uitium
305 2467 398 2521 esset
418 2459 646 2536 declarasset,
668 2457 831 2522 ellectum
851 2465 956 2520 estut
979 2457 1108 2534 statim,
1133 2457 1309 2536 poeniten·

91 2559 134 2623 tia
154 2562 294 2641 ductuS,
316 2565 549 2630 concubinam
571 2564 845 2645 derelinqueret,
868 2581 975 2645 seque
995 2563 1046 2642 (vt
1067 2562 1196 2638 lerunt)
1223 2575 1309 2626 uoto

91 2669 255 2734 castitatis
270 2670 347 2735 Deo
362 2672 442 2754 Opt.
460 2671 555 2736 Max.
577 2673 847 2752 constringeret.

143 2776 389 2843 Confessiones
418 2797 503 2843 uero
531 2797 573 2843 ac
603 2780 792 2845 conciones
817 2781 929 2844 nostri
955 2779 1074 2860 templi
1102 2779 1308 2860 reliquaque

91 2881 237 2949 eiusdem
252 2886 395 2966 generis
410 2887 579 2950 exercitia
602 2905 672 2951 non
694 2888 829 2950 minore
845 2885 930 2949 liunt
951 2885 1149 2966 frequentia
1172 2904 1214 2948 ac
1236 2887 1307 2950 ani·

93 3005 219 3057 morum
235 2993 387 3057 utilitate
402 3011 507 3075 quam
523 3005 644 3058 antea:
660 2994 742 3071 im0,
759 3003 941 3058 crescente
956 2995 992 3058 in
1013 2992 1089 3056 dies
1106 2993 1308 3056 auditorum

90 3111 241 3177 numero,
269 3110 388 3164 tantus
413 3100 450 3164 lit
480 3101 658 3165 bominum
684 3110 895 3178 conuentus,
922 3101 1055 3163 utiam
1083 3117 1196 3180 neque
1222 3111 1306 3163 tem·

92 3205 188 3282 plum,
201 3209 293 3287 quod
309 3195 496 3272 mediocris
507 3207 763 3288 magnitudinis
774 3217 838 3286 est,
852 3225 963 3287 neque
975 3207 1200 3282 uestibulum,
1213 3207 1306 3286 quod

89 3314 232 3392 amplum
248 3314 354 3378 etiam
371 3314 625 3394 aliquantulum
640 3333 717 3379 esse
734 3315 882 3386 uidetur,
900 3331 960 3408 eos
976 3314 1087 3394 possit
1108 3331 1247 3392 capere,
1266 3315 1301 3375 li·
1357 3338 1361 3347 ·

88 3429 137 3480 cet
146 3419 271 3502 ubique
284 3424 393 3486 multa
407 3423 572 3486 subsellia
585 3422 812 3486 collocentur.
826 3420 1002 3500 Quantum
1015 3430 1133 3483 autem
1146 3420 1305 3483 inhuius·

88 3527 173 3590 modi
188 3529 416 3593 concionibus
431 3542 465 3593 et
485 3529 798 3593 exercitationibus
814 3527 1028 3609 proficiatur,
1046 3528 1115 3590 hoc
1131 3544 1201 3589 uno
1216 3529 1303 3589 satis

89 3630 224 3716 intelligi
248 3644 374 3716 potest,
396 3636 489 3717 quod
507 3636 531 3700 ii
550 3635 623 3700 fere
643 3652 765 3699 omues
783 3634 915 3697 assidui
931 3644 964 3696 et
988 3633 1188 3712 frequentes
1210 3642 1302 3712 sunt,

88 3755 157 3804 cum
171 3743 206 3805 in
221 3742 406 3806 audiendis
425 3743 666 3817 concionibus
683 3751 717 3804 et
737 3739 1017 3805 confessionibus
1033 3741 1088 3802 uel
1112 3741 1304 3804 menstruis

88 3849 137 3910 uel
155 3849 302 3928 singulis
324 3849 565 3926 hebdomadis
590 3859 626 3912 ut
648 3849 888 3930 unusquisque
911 3857 1037 3929 potest,
1062 3845 1301 3922 conficiendis

88 3961 150 4017 turn
162 3957 266 4020 etiam
282 3959 317 4020 in
333 3958 503 4020 sumenda
518 3955 753 4021 Eucharistia.
771 3955 891 4019 Habes
904 3955 1087 4032 hactenus
1105 3954 1252 4017 colende
1267 3954 1303 4017 in

88 4057 217 4127 Christo
240 4062 358 4135 Pater.
382 4064 424 4127 de
447 4064 505 4144 iis,
529 4082 620 4145 quae
645 4063 690 4125 ad
716 4063 915 4126 animorum
935 4064 1084 4125 salutem
1110 4061 1300 4141 pertinent;

87 4183 169 4232 nunc
184 4187 266 4234 uero
282 4170 324 4234 de
341 4170 540 4234 ualetudine
552 4172 664 4250 deque
679 4171 810 4233 nostris
824 4169 948 4233 studiis
960 4179 994 4232 et
1006 4169 1187 4232 literarum
1204 4186 1300 4231 exer·

88 4273 300 4342 citationibus
315 4277 528 4342 mentionem
547 4276 686 4342 faciam.

140 4381 392 4467 Quamplurimi
407 4385 574 4465 igiturex
589 4385 721 4448 nostris
740 4384 807 4447 hoc
828 4402 920 4447 anno
941 4394 1180 4462 aegrotarunt,
1199 4383 1299 4447 itaut

119 4657 127 4689 ¹
153 4657 214 4704 Vlde
224 4672 310 4716 supra,
321 4673 380 4716 pag.
391 4661 439 4711 tta.
450 4670 538 4706 annot.
549 4663 569 4706 2.

121 4729 132 4760 ¹
155 4731 297 4788 Gnsparenn
309 4734 372 4806 Dias
383 4734 425 4778 vel
437 4733 509 4780 Diua.
