3578 5534
364 473 403 532 40
750 475 922 536 errnnaa
940 492 1212 544 ouanarunsrnas

368 622 526 700 patruele
541 622 664 701 ipsiuS,
680 621 857 703 Episcopo
872 621 1114 687 familiaritate
1129 641 1172 686 ac
1187 623 1400 702 cognatione
1419 623 1595 687 iunctissi-

367 744 436 803 mo,
459 729 593 806 negotii
613 730 707 808 apud
728 730 944 810 Episcopum
964 730 1120 810 pollicito
1142 729 1389 810 patrocinium,
1410 729 1505 793 haud
1520 747 1593 794 am·

366 833 449 912 bigo
464 835 548 914 quin
563 835 640 897 voti
655 845 835 915 compotes
850 836 992 900 tandem
1007 837 1172 899 euadant.

426 939 546 1021 Itaque
572 950 710 1004 tantum
734 942 879 1004 honoris
900 942 1031 1005 Diuina
1053 942 1222 1006 Maiestas
1247 941 1416 1007 Societati
1442 943 1590 1006 contulit

368 1048 434 1110 hoc
451 1047 577 1110 initiali
592 1058 734 1111 nostrae
753 1049 941 1127 legationis
961 1066 1066 1126 anno,
1087 1058 1127 1114 ut
1149 1050 1185 1112 in
1207 1048 1411 1112 Aduentum
1433 1049 1593 1129 proxime

366 1155 525 1234 elapsum
541 1156 691 1232 Biliomi,
708 1155 847 1236 Ryomi,
869 1155 1037 1218 Issiodori
1055 1143 1270 1236 efflagitatus
1289 1155 1434 1218 fuerim:
1455 1155 1492 1218 in
1512 1172 1592 1235 pro·

367 1261 500 1325 ximam
521 1280 608 1326 vero
630 1261 950 1342 Quadragesimam
971 1261 1209 1338 Claromonte,
1226 1261 1366 1343 Ryomi,
1390 1279 1433 1325 ac
1455 1261 1593 1325 Biliomi

367 1367 598 1432 desideratus.
621 1367 731 1449 Atqui
753 1386 798 1431 ex
823 1367 995 1448 suffragio
1020 1369 1188 1449 Episcopi
1208 1367 1473 1432 Biliomensium
1498 1368 1593 1431 votis

367 1477 491 1540 annuit
506 1475 636 1538 Diuina
647 1475 886 1540 Prouidentia.

426 1581 611 1661 Vigesimo
635 1583 749 1662 primo
774 1580 990 1662 Septembris
1012 1599 1032 1644 a
1052 1582 1138 1647 ΚΜ
1152 1581 1306 1646 Domino
1328 1581 1374 1645 ad
1394 1581 1591 1646 sacerdotii

367 1689 578 1768 dignitatem
594 1699 739 1752 euectus
752 1689 802 1752 fui
816 1689 1044 1754 Claromonte
1055 1708 1062 1753 :
1075 1689 1246 1770 postridie
1256 1689 1397 1754 Biliomi
1407 1690 1444 1754 in
1455 1705 1594 1754 summo

368 1797 500 1876 templo
515 1797 668 1877 primum
682 1797 896 1860 sacrificium
911 1795 987 1860 Deo
1000 1796 1111 1860 obtuli
1124 1813 1205 1860 cum
1217 1806 1316 1860 tanta
1328 1796 1509 1860 hominum
1522 1806 1593 1860 tur·

365 1903 422 1980 ba,
435 1913 593 1983 utsupra
609 1914 750 1968 centum
761 1913 861 1967 extra
876 1905 971 1967 fores
982 1904 1103 1982 templi
1115 1901 1290 1967 sacrificio
1302 1904 1352 1966 illi
1363 1903 1500 1967 solenni
1511 1904 1592 1966 asti-

366 2011 451 2072 tisse
466 2009 601 2073 seratur
616 2030 635 2074 a
651 2010 765 2074 bonae
780 2009 860 2075 fidei
875 2009 1035 2086 testibus,
1052 2007 1201 2090 Collegii
1215 2011 1469 2073 canonicorum
1488 2009 1593 2074 comi·

364 2126 440 2180 tatu
457 2118 658 2197 decoratuS,
675 2119 745 2199 qui,
763 2119 867 2182 domo
883 2136 939 2181 me
956 2117 1131 2180 accersito
1146 2117 1340 2196 eodemque
1355 2117 1512 2194 reductu,
1532 2115 1593 2179 ho·

364 2225 462 2288 noris
476 2227 624 2290 multum
639 2226 725 2290 mihi
739 2226 984 2290 exhibuerunt.

426 2332 602 2397 Mirantur
617 2350 739 2397 omnes
754 2333 894 2396 diuinae
909 2332 1047 2412 gratiae
1067 2331 1295 2412 praesidium,
1318 2348 1387 2411 quo
1408 2331 1520 2395 fretus
1538 2348 1594 2396 sa·

368 2457 430 2502 cra
445 2441 616 2520 mysteria
630 2440 754 2503 diebus
770 2439 918 2518 singulis
938 2438 1135 2518 frequento,
1156 2456 1199 2502 ac
1220 2437 1476 2518 professionem
1496 2438 1591 2502 theo·

367 2547 522 2626 logicam
537 2547 641 2612 simul
656 2557 690 2610 et
705 2546 909 2610 hebraicam
924 2562 1132 2625 prosequor,
1149 2556 1291 2624 praeter
1302 2545 1381 2625 pias
1392 2545 1592 2625 occupatio·

364 2671 427 2718 nes
449 2654 546 2718 horis
568 2654 764 2718 subseciuis
784 2653 1051 2732 subsequentes,
1074 2653 1218 2730 quasin
1240 2651 1419 2714 visitando
1438 2650 1591 2715 xenodo-

364 2761 456 2840 chi0,
470 2760 616 2824 aedibus
629 2761 894 2840 aegrotantium
907 2757 1088 2834 adeundiS,
1102 2757 1382 2821 confessionibus
1394 2757 1590 2838 audiendis,

364 2869 507 2934 casibus
522 2869 761 2932 conscientiae
776 2867 1007 2942 resoluendis,
1026 2866 1244 2945 caeterisque
1258 2865 1294 2928 id
1308 2883 1421 2944 genus
1433 2883 1478 2929 ex
1489 2883 1591 2929 occa·

367 2977 465 3040 sione
481 2975 716 3039 incidentibus
731 2974 885 3054 negotiis
900 2974 1048 3036 colloc0.

426 3081 688 3162 Obstupescunt
704 3099 759 3145 me
776 3082 869 3144 dona
884 3097 927 3143 ac
942 3097 1090 3143 munera
1110 3079 1146 3142 in
1167 3077 1342 3142 sacrificio
1364 3079 1478 3158 primo
1500 3079 1591 3144 refu·

363 3201 471 3267 tasse,
489 3207 591 3270 quae,
609 3191 639 3253 si
655 3208 696 3252 ea
713 3187 898 3252 admittere
913 3187 1117 3264 voluissem,
1134 3185 1270 3248 amicus
1285 3185 1427 3266 quidam
1450 3197 1591 3250 centum

368 3315 477 3378 prope
494 3297 732 3378 capitatorum
750 3295 770 3373 ¹,
796 3295 831 3358 id
852 3304 916 3371 est,
940 3293 1197 3374 quinquaginta
1217 3293 1387 3355 librarum
1409 3293 1593 3357 Turonen-

366 3405 458 3468 sium
474 3404 588 3486 pretio
605 3404 867 3483 redempturum
883 3419 921 3464 se
936 3401 1116 3464 offerebat.

428 3511 606 3576 Ducatum
622 3527 780 3588 aureum,
798 3527 818 3571 a
838 3507 991 3572 Domina
1013 3507 1144 3572 Montis
1167 3507 1306 3586 Morini,
1330 3508 1474 3571 illustris
1492 3507 1592 3570 fami·

366 3620 446 3698 liae,
470 3619 629 3694 missum,
654 3617 847 3694 remittenS,
876 3616 1014 3678 animos
1036 3616 1223 3678 multorum
1249 3614 1418 3677 attonitos
1442 3614 1592 3678 reddidi.

365 3725 469 3792 Certe
493 3724 642 3790 mirifica
662 3723 939 3803 fragrantissimi
961 3721 1081 3785 odoris
1101 3721 1196 3784 fama
1211 3720 1254 3784 de
1269 3719 1444 3784 Societate
1458 3722 1593 3802 passim

365 3832 585 3911 diffunditur,
603 3830 698 3912 quod
712 3829 889 3910 stipendii,
905 3829 1102 3892 ministerio
1118 3827 1219 3891 verbi
1234 3845 1276 3890 ac
1288 3839 1591 3892 sacramentorum

366 3941 531 4022 liturgiae
542 3938 621 4020 jure
636 3937 862 4001 meritissimo
879 3935 996 4013 debiti,
1015 3932 1176 3998 Societas
1191 3951 1319 4014 expers
1334 3952 1412 3998 esse
1427 3935 1591 3999 voluerit.

429 4046 654 4112 Claromonte
669 4059 807 4108 summo
823 4043 859 4106 in
874 4043 1016 4122 templO,
1039 4051 1225 4120 praesente
1246 4039 1333 4105 R.¹¹¹⁰
1353 4041 1525 4120 Domino,
1549 4059 1593 4104 ac

368 4154 447 4218 aliis
463 4153 619 4216 eiusdem
636 4151 746 4229 vrbiS,
763 4149 862 4225 lociS,
880 4149 1105 4228 Castriponte
1119 4145 1141 4226 ²,
1166 4129 1366 4228 Euscopiae
1382 4147 1404 4224 ³,
1425 4149 1549 4212 Brocis
1568 4146 1592 4222 ⁴,

367 4260 462 4342 apud
478 4258 633 4323 Montem
650 4257 838 4329 Morinum,
855 4258 891 4320 in
910 4255 1136 4319 Monasteriis
1155 4255 1385 4334 Marsacensi,
1411 4253 1592 4336 Veinensi,

368 4421 579 4432 -—--—-—-—

407 4503 415 4538 t
445 4503 598 4558 Capitulum
609 4513 664 4545 esse
675 4501 779 4544 videtur
789 4499 921 4544 dimidium
932 4499 1027 4550 librae,
1037 4499 1103 4554 quod
1114 4499 1296 4554 appellabatur
1307 4509 1389 4543 unare.

405 4579 416 4609 ²
444 4575 511 4620 Pon!
522 4575 554 4618 de
566 4575 690 4618 Chateuu.
706 4571 771 4617 Vide
782 4584 869 4628 supra,
881 4579 899 4616 t.
910 4582 946 4622 ur.
958 4583 1018 4625 pag.
1026 4571 1074 4615 63⁹.

406 4649 417 4680 ³
444 4645 780 4702 auscoplasseauregara.

405 4723 416 4762 .⁴
446 4721 479 4764 lue
492 4720 566 4763 Broc.
