3472 5528
650 465 711 527 Aa.
734 467 803 528 1556
1280 467 1335 528 ‘263

113 613 313 692 ambitione,
331 623 364 678 et
380 613 555 678 auaritiae
571 615 689 679 calore
704 614 920 696 flagrabant;
938 615 1197 695 reprehendere
1211 614 1339 682 oratio·

112 737 190 784 uem
204 721 397 802 quamdam
407 722 608 802 mentalem,
621 730 673 786 tot
686 721 992 786 obseruationibus
1004 721 1179 786 difficilem
1193 721 1337 796 iactam,

112 835 149 891 vt
158 845 252 908 quae
267 847 288 891 a
303 830 400 894 nullo
411 838 616 894 sanctorum
630 829 854 910 antiquorum
867 829 992 894 fuisset
1004 830 1159 908 inuenta,
1172 830 1235 892 sed
1246 846 1339 892 nunc

113 935 238 1013 denuo,
254 936 513 1016 singularitatis
527 937 656 1018 gratia,
677 937 881 1017 excogitata
897 936 942 1000 ad
957 936 1212 1001 dementandas
1231 937 1340 1000 homi·

111 1059 192 1106 num
207 1054 356 1118 mentes,
372 1044 566 1124 domosque
580 1044 770 1108 viduarum
782 1041 1018 1122 denotandas,
1031 1045 1067 1108 in
1078 1043 1338 1108 detrimentum·

112 1168 178 1232 que
193 1163 228 1214 et
241 1150 512 1231 derogationem
528 1150 744 1230 psalmorum
760 1150 1011 1232 spiritualium,
1028 1169 1118 1232 quos
1137 1159 1262 1215 saneta
1284 1168 1339 1215 ec·

112 1258 218 1322 clesia
242 1275 372 1323 canere
392 1259 585 1337 consueuit;
611 1259 802 1323 conciones
826 1257 987 1339 publicas
1006 1259 1043 1321 in
1067 1258 1193 1338 plateis
1218 1266 1252 1321 et
1273 1275 1338 1338 pro

110 1365 279 1445 gradibus
293 1365 435 1430 habitas
450 1365 644 1445 ambitioni,
661 1364 857 1429 seruantem
872 1365 1130 1430 solicitudinem
1145 1365 1181 1428 in
1200 1381 1338 1445 promo·

112 1472 233 1536 uendis
247 1472 505 1553 poenitentium
520 1482 554 1535 et
571 1472 771 1536 auditorum
785 1465 912 1536 animis
929 1473 1104 1537 avaritiae
1119 1472 1351 1548 consulebat;¹

111 1579 300 1644 damnabat
314 1579 510 1644 voluntatis
525 1579 780 1644 indifferentem
795 1579 1106 1660 aequanimitatem
1126 1579 1171 1643 ad
1186 1581 1336 1643 salutem

112 1701 142 1772 et
159 1687 397 1752 infirmitatem
412 1694 493 1766 etc,
510 1696 549 1751 vt
564 1686 693 1766 dogma
707 1687 890 1767 antiquum
902 1704 1035 1765 eorum,
1049 1705 1138 1768 quos
1149 1686 1337 1752 derelictos

112 1804 142 1857 et
157 1795 374 1859 illuminatos
388 1801 533 1873 vocant,
549 1794 904 1858 communicationem
920 1793 1124 1857 meritorum
1136 1795 1186 1872 (ut
1197 1793 1258 1857 alii
1271 1811 1336 1874 pro

114 1901 190 1965 aliis
205 1901 371 1980 ieiuuent,
389 1901 558 1981 vapulent
573 1910 607 1965 et
623 1900 767 1978 similia)
783 1900 1000 1964 haereticam
1020 1899 1232 1968 conuincere
1252 1900 1336 1964 nite-

113 2009 225 2087 batur,
242 2017 364 2089 vtpote
378 2024 470 2090 quae
481 2025 547 2072 suo
558 2006 689 2071 iudicio
698 2007 837 2087 gratiae
848 2018 1063 2088 supponeret
1074 2007 1332 2072 certitudinem.

115 2115 269 2180 Tandem
295 2114 509 2180 Antichristi
533 2130 785 2195 praecursores
809 2114 882 2179 iam
905 2115 971 2178 sibi
997 2102 1170 2194 apparere
1195 2131 1335 2180 asseue-

115 2239 215 2302 rans,
241 2221 353 2288 feroci
377 2224 496 2287 animo
524 2223 808 2286 comminabatur
837 2239 893 2302 se,
926 2221 1085 2302 diligenti
1109 2222 1336 2304 inquisitione

114 2329 334 2409 praehabita,
350 2329 446 2411 apud
465 2329 692 2411 inquisitores
711 2330 912 2395 haereticae
931 2328 1120 2410 prauitatis
1135 2329 1337 2394 huiusmodi

114 2447 243 2515 pestem
259 2438 507 2518 contagiosam
522 2437 737 2514 delaturum,
759 2452 851 2516 quae
865 2437 1002 2514 omnia,
1019 2454 1234 2519 quamquam
1247 2437 1334 2520 ipse,

114 2561 181 2608 non
195 2545 309 2608 solum
323 2545 444 2622 tacito,
457 2543 637 2608 sedetiam
654 2545 810 2623 excluso,
826 2545 968 2608 nomine
980 2542 1178 2624 Societatis,
1194 2561 1335 2609 resona·

114 2649 183 2730 bat,
198 2652 259 2716 vix
270 2662 389 2716 tamen
404 2652 496 2715 vllus
508 2651 709 2716 auditorum
724 2651 766 2714 de
779 2651 897 2732 aliquo
912 2651 982 2715 alio
994 2651 1141 2730 intelligi
1157 2651 1333 2728 credebat,

114 2767 241 2824 namet
256 2759 331 2840 ipse
346 2758 497 2839 priuatis
515 2758 639 2822 amicis
660 2758 818 2822 animum
837 2774 939 2821 suum
958 2758 1168 2839 explicabat.
1191 2757 1335 2824 Curaui·

114 2883 203 2945 mus,
218 2866 311 2948 quod
328 2865 365 2930 in
379 2865 481 2930 nobis
495 2865 571 2944 fuit,
588 2865 748 2947 vtrisque
760 2865 1046 2930 accusationibus
1058 2865 1131 2929 suis
1148 2864 1336 2946 ¹priuatim

114 2972 257 3037 reddere
272 2972 461 3038 certiorem
477 2972 560 3051 (sic)
575 2972 618 3036 de
634 2973 806 3053 plurimis,
823 2989 913 3053 quae
927 2973 1016 3037 falso
1033 2969 1100 3054 [de]
1116 2973 1220 3038 nobis
1231 2992 1252 3037 a
1264 2974 1338 3054 qui.

115 3079 258 3144 busdam
276 3081 323 3146 ad
346 3081 461 3163 ipsum
480 3080 744 3160 deserebantur;
766 3079 947 3144 orauimus
965 3095 1029 3160 pro
1050 3083 1129 3164 ipso.
1146 3082 1335 3161 multoties,

114 3195 276 3252 canentes
292 3186 432 3254 interim
451 3205 491 3252 ne
509 3189 617 3253 verbo
628 3205 785 3270 unquam
800 3198 860 3253 aut
871 3187 966 3254 iacto
978 3189 1262 3272 reprehensionis
1274 3207 1336 3253 oc-

99 3295 289 3360 ·casionem
315 3296 425 3359 vllam
449 3295 710 3376 praeberemus;
734 3297 872 3378 publice
895 3306 1013 3362 autem
1038 3299 1124 3362 nihil
1147 3298 1262 3377 magis
1285 3314 1337 3361 re·

115 3402 324 3482 spondentes
339 3401 443 3466 dictis
457 3403 549 3481 eiua,
565 3419 631 3466 nec
647 3411 829 3467 cessantes
843 3421 864 3466 a
880 3404 984 3469 dictis
1001 3407 1057 3469 vel
1075 3406 1179 3470 sactis
1194 3404 1337 3482 nostris,

114 3525 217 3588 quam
240 3510 271 3574 si
295 3509 384 3575 nihil
405 3509 593 3574 accidisset
612 3511 706 3575 noui.
730 3511 778 3576 At
797 3528 885 3576 vero
907 3514 1089 3594 quoniam,
1111 3523 1150 3576 vt
1169 3513 1338 3592 scriptum

115 3627 179 3694 est,
195 3633 263 3680 non
278 3616 487 3681 dormitabit
505 3633 616 3697 neque
631 3617 784 3682 dormiet
799 3618 863 3699 qui
875 3620 1030 3684 custodit
1045 3618 1167 3682 Israel
1180 3617 1208 3697 ⁹,
1224 3618 1339 3682 conci·

115 3723 202 3787 tauit
214 3723 390 3788 Dominus
405 3724 441 3787 io
457 3723 556 3788 illum
572 3723 645 3788 sere
660 3725 817 3789 omnium
831 3726 1084 3804 magistrorum
1106 3734 1140 3790 et
1158 3725 1339 3806 praedica·

117 3839 230 3894 torum
242 3831 400 3895 eiusdem
415 3829 550 3894 ordinis
566 3830 723 3910 animos,
745 3832 805 3913 qui
824 3840 943 3896 tamen
962 3843 1044 3898 sunt
1062 3832 1200 3914 Hispali
1219 3848 1339 3913 quam·

116 3937 261 4018 plurimi,
278 3947 386 4020 atque
400 3937 437 4002 hi
452 3953 576 4002 omnes
590 3946 664 4005 tarn
679 3937 868 4019 feruenter,
884 3940 1022 4020 publice
1033 3949 1068 4004 et
1079 3939 1258 4020 priuatim,
1270 3939 1339 4020 ipsi
1420 3921 1425 3932 ’

115 4043 150 4106 iu
163 4043 287 4108 faciem
301 4044 520 4123 restiterunt,
537 4053 677 4110 tantum
691 4047 873 4124 negotium
888 4047 1020 4111 homini
1039 4048 1278 4122 lacesserunt,
1302 4045 1339 4108 in

116 4159 231 4214 tantas
245 4151 429 4233 angustias
440 4150 665 4232 redegerunt,
679 4161 718 4216 vt
730 4153 803 4217 fere
814 4162 908 4217 totas
920 4154 1247 4234 quadragesimales
1258 4170 1338 4216 cou-

115 4257 233 4322 ciones
246 4258 348 4340 (proh
362 4258 488 4337 dolorl)
505 4260 730 4340 insumpserit
746 4260 781 4324 in
797 4261 974 4341 apologiis
996 4259 1198 4324 recitandis.
1223 4259 1338 4324 Timui
1369 4317 1382 4346 ,

117 4381 158 4427 ne
174 4361 298 4446 Aquilo
313 4366 380 4429 iste
395 4365 555 4430 nouellas
575 4366 813 4446 plantationes
835 4367 1001 4431 euelleret
1022 4377 1083 4431 aut
1102 4368 1336 4446 combureret;

156 4567 165 4601 ¹
195 4566 353 4616 Verbahaec
369 4571 494 4626 utrisque
510 4573 728 4621 accusationibus
742 4573 802 4619 suis
817 4573 910 4620 lineam
925 4571 1021 4619 habeut
1037 4583 1114 4631 super
1129 4573 1249 4626 ductam,
1265 4573 1337 4630 quui

119 4637 223 4685 delenda
233 4639 324 4687 lorent.

157 4707 178 4767 ἱ,
196 4707 236 4791 Pr:
246 4721 303 4770 cxx,
314 4723 340 4758 r.
350 4712 372 4762 4.
