3436 5526
547 527 721 584 rannerus
740 542 772 584 ru
791 541 878 584 rouo
898 531 1046 585 sacrario
1356 523 1420 586 091.

179 671 275 736 enim
288 672 324 734 in
339 671 532 748 exercitiis,
545 672 686 750 plurimi
706 689 792 734 vero
808 688 853 734 ex
873 671 950 734 sola
968 687 1048 734 cum
1068 669 1237 734 iratribus
1264 687 1409 734 consue·

179 777 311 856 tudine,
325 786 484 840 nostram
496 777 630 856 eligunt
643 777 786 841 uiuendi
796 778 981 855 rationem;
995 776 1057 839 sed
1069 777 1150 857 quia
1164 777 1214 854 (ut
1222 777 1274 839 sic
1284 794 1409 840 eorum

180 886 350 964 probetur
368 885 579 962 constantia)
606 901 678 946 non
704 885 826 948 statim
850 885 1095 962 admittuntur,
1120 883 1316 962 discedunt,
1334 901 1409 964 spe-

181 1001 302 1054 rantes
316 991 352 1055 id
366 1007 405 1054 se
420 991 610 1071 aliquando
630 992 847 1068 obtenturos,
870 990 964 1071 quod
988 988 1173 1069 tantopere
1193 989 1407 1070 desiderant3

182 1098 346 1178 quamuis
370 1099 478 1160 etiam
498 1099 568 1162 sint
593 1098 652 1177 qui
678 1097 724 1160 ad
749 1097 838 1161 alias
863 1097 1055 1178 religiones
1068 1113 1107 1159 se
1126 1097 1321 1173 conferunt,
1348 1106 1410 1159 aut

181 1203 338 1268 diutinae
353 1205 577 1284 impatientes
593 1205 834 1284 spectationis
852 1211 913 1267 aut
925 1203 1019 1284 quod
1034 1221 1071 1266 se
1086 1219 1150 1266 sua
1163 1220 1224 1284 spe
1239 1203 1410 1268 frustran-

181 1309 247 1374 dos
261 1311 474 1376 existiment.

241 1417 349 1480 Venit
363 1417 408 1480 ad
423 1435 490 1481 nos
506 1435 620 1498 nuper
634 1417 818 1480 Heremita
833 1418 988 1497 quidam,
1012 1434 1116 1498 quem
1135 1426 1234 1480 tuam
1252 1417 1409 1482 Paterni·

180 1533 291 1587 tatem
304 1541 410 1588 nosse
423 1525 600 1589 existimo.
616 1523 680 1588 Est
692 1525 786 1588 enim
798 1526 858 1605 qui
869 1523 1062 1588 Maioricae
1080 1525 1169 1587 ineo
1186 1525 1308 1588 habitu
1320 1527 1410 1589 vixit

179 1649 294 1696 annos
308 1634 438 1712 plures
456 1633 621 1713 domique
647 1649 733 1696 suae
754 1631 897 1695 Patrem
910 1628 1073 1696 Natalem
1088 1649 1151 1712 per
1169 1632 1312 1712 aliquod
1326 1641 1410 1696 tem·

181 1755 246 1819 pus
261 1739 395 1817 habuit,
418 1739 490 1802 imo
504 1748 539 1802 et
554 1755 593 1802 se
619 1738 724 1802 isthic
739 1739 848 1802 fuisse
873 1738 990 1802 aiebat
1011 1747 1046 1802 et
1071 1757 1092 1801 a
1116 1747 1178 1802 tua
1193 1737 1411 1803 Paternitate

179 1845 351 1910 exercitia
367 1846 560 1927 accepisse.
580 1845 613 1909 Is
626 1861 726 1925 ergo,
739 1863 820 1914 cum
835 1847 970 1926 aliquot
981 1847 1017 1908 in
1032 1846 1193 1909 lectionis
1205 1846 1384 1910 exercitiis
1402 1845 1409 1878 ¹

179 1953 257 2016 dies
270 1953 405 2028 suisset,
423 1953 469 2016 ad
483 1951 698 2016 Societatem
715 1952 854 2016 admitti
867 1953 978 2033 petiit,
995 1963 1029 2016 et
1048 1953 1130 2033 quia
1145 1970 1202 2016 res
1222 1953 1267 2016 ad
1287 1953 1325 2018 P.
1341 1953 1410 2016 Na·

180 2062 288 2123 talem
304 2059 494 2123 deferenda
509 2068 597 2137 erat,
620 2059 665 2122 ad
688 2077 792 2123 suam
817 2069 871 2123 est
890 2060 1030 2140 interim
1055 2060 1279 2123 solitudinem
1295 2059 1411 2123 dimis-

178 2181 252 2245 sus;
269 2166 404 2229 habitat
427 2164 521 2229 enim
538 2166 582 2228 ab
609 2166 741 2246 aliquot
767 2166 839 2229 iam
864 2166 966 2254 annis
990 2183 1100 2246 prope
1126 2165 1345 2247 Seguntium,
1367 2166 1411 2232 de

178 2273 280 2335 cuius
295 2273 470 2352 probitate
486 2272 628 2353 (quippe
648 2290 754 2353 quem
775 2273 928 2347 noueris)
956 2282 1095 2336 nonest
1116 2273 1211 2354 quod
1235 2277 1344 2340 multa
1361 2274 1410 2338 di·

177 2395 270 2442 cam:
296 2378 382 2442 iliud
405 2389 501 2442 certe
527 2382 562 2443 in
588 2397 630 2443 eo
655 2380 889 2443 admiratione
912 2379 1058 2459 dignum
1081 2381 1185 2461 quod,
1212 2398 1293 2444 cum
1308 2389 1408 2445 tanto

177 2495 338 2564 tempore
352 2503 437 2549 suus
456 2487 597 2565 vixerit,
628 2487 679 2549 sic
695 2488 792 2550 sitiat
818 2487 1037 2550 obedientiae
1057 2489 1223 2550 uirtutem
1242 2490 1411 2568 malitque

176 2591 272 2655 hanc
286 2609 393 2672 quam
409 2592 635 2656 solitudinem
655 2593 750 2656 illam
775 2593 1031 2674 pristinamque
1056 2594 1199 2658 uiuendi
1222 2595 1408 2675 rationem,

175 2698 308 2779 alioqui
324 2701 492 2780 optimam
508 2709 542 2762 et
558 2701 590 2763 ei
603 2699 905 2764 iucundissimam:
922 2709 976 2764 est
995 2702 1025 2764 is
1045 2701 1172 2765 nobilis
1184 2718 1326 2781 genere,
1344 2701 1408 2765 sed

180 2806 312 2869 virtute
330 2806 492 2870 nobilior.

238 2911 319 2975 Fuit
342 2929 463 2976 mense
477 2911 678 2993 Septembri
693 2913 703 2944 ¹
720 2915 779 2977 hic
793 2931 874 2978 cum
888 2932 1015 2978 socero
1030 2931 1106 2994 suo,
1125 2915 1261 2979 Comite
1282 2917 1325 2979 de
1340 2916 1410 2980 Me·

176 3019 252 3097 lito,
268 3017 349 3098 Ruy
366 3017 515 3099 Gomez,
538 3038 608 3101 quo
634 3022 741 3084 etiam
766 3029 924 3101 tempore
939 3020 1005 3086 fuit
1019 3033 1055 3085 et
1079 3022 1173 3100 apud
1192 3039 1257 3086 nos
1272 3020 1309 3085 P.
1327 3020 1411 3086 Pro·

177 3125 352 3204 uincialis,
370 3142 525 3206 quocum
551 3127 700 3205 singulis
725 3128 782 3190 ille
802 3127 876 3190 fere
896 3128 1020 3192 diebus
1040 3145 1098 3192 res
1116 3129 1262 3191 maximi
1282 3128 1410 3209 ponde·
1462 3137 1467 3148 ‘

175 3233 294 3307 ris(ut
310 3231 497 3312 exquibus
517 3233 669 3312 pendeat
695 3235 801 3297 totius
824 3233 939 3314 Regni
958 3235 1154 3298 communis
1176 3235 1321 3312 utilitas)
1337 3244 1411 3300 toto

176 3340 237 3402 illo
258 3348 419 3420 tempore
447 3341 629 3419 tractauit;
655 3340 762 3404 habet
787 3341 880 3404 enim
901 3340 1006 3404 Pater
1028 3341 1123 3421 apud
1144 3343 1270 3422 ipsum,
1292 3343 1363 3406 imo
1377 3354 1412 3407 et

176 3445 273 3526 apud
286 3446 495 3526 principem,
512 3447 705 3526 plurimum
727 3447 965 3525 authoritatis,
986 3448 1136 3528 ideoque
1156 3449 1232 3512 eius
1246 3459 1280 3511 et
1300 3450 1411 3512 consi·

176 3553 261 3616 lium
277 3563 311 3616 et
331 3553 506 3616 sententia
531 3554 675 3634 plurimi
698 3554 747 3632 fit,
765 3572 810 3617 ex
835 3571 905 3634 quo
931 3572 1002 3618 non
1026 3555 1202 3619 modicum
1224 3555 1360 3620 fructus
1375 3557 1412 3619 in

177 3659 332 3724 Domino
348 3669 524 3740 speratur,
541 3661 578 3724 in
593 3660 649 3723 his
664 3662 887 3741 praesertim,
904 3679 994 3742 quae
1010 3661 1055 3724 ad
1070 3663 1172 3741 regni
1186 3663 1397 3742 gubernatio

176 3783 260 3830 nem
274 3784 530 3847 munerumque
543 3777 577 3830 et
589 3766 840 3832 beneficiorum
852 3769 1134 3832 distributionem
1146 3777 1319 3848 spectant,
1330 3786 1411 3834 cum

177 3873 224 3937 sit
239 3874 328 3937 haec
352 3891 421 3936 una
441 3891 500 3937 res
519 3892 622 3966 quae,
641 3885 690 3954 ut,
716 3876 748 3938 si
767 3892 954 3955 perperam
969 3876 1041 3954 fiat,
1062 3877 1180 3940 omnia
1195 3878 1409 3958 pessumdet,

177 3981 241 4056 ita,
257 3981 288 4043 si
308 3991 346 4044 ut
372 3981 486 4058 debet,
515 3990 690 4045 restauret
716 3993 856 4061 cuncta;
881 3999 973 4061 cum,
1000 3983 1147 4062 scilicet,
1173 3985 1263 4047 tales
1288 3985 1411 4064 praefi·

176 4087 318 4151 ciuntur
332 4088 368 4150 in
385 4088 704 4168 administratione,
721 4107 870 4169 quorum
884 4090 930 4154 sit
945 4099 980 4153 et
994 4090 1312 4170 irreprehensibilis
1332 4092 1409 4156 vita

174 4203 211 4258 et
225 4211 342 4257 mores
362 4194 503 4273 integri,
521 4196 559 4268 in
578 4196 704 4275 quibus
723 4213 789 4260 nec
805 4197 850 4260 sit
864 4213 934 4276 quo
955 4213 1020 4259 sua
1041 4195 1173 4260 subditi
1201 4197 1336 4278 flagitia
1353 4199 1410 4262 de·

173 4299 333 4381 renuant,
352 4319 416 4364 nec
432 4301 522 4365 desit
537 4301 682 4366 virtutis
697 4299 708 4332 ³
724 4305 934 4383 exemplum.
970 4375 973 4382 ,

215 4471 223 4501 ¹
251 4469 281 4513 ln
291 4471 423 4514 exercitiis
434 4471 543 4526 scilicet,
555 4482 601 4515 seu
611 4471 829 4526 meditationibus,
838 4482 904 4526 quae
914 4472 947 4516 ad
958 4473 1113 4515 electionem
1123 4472 1363 4528 rectesariendam
1372 4473 1408 4517 iu·

171 4541 327 4585 stitunntur.
426 4581 429 4587 Δ

212 4612 224 4644 ¹
252 4611 281 4656 iu
292 4613 407 4666 hispanis
417 4614 514 4658 litteris
528 4615 671 4669 scripserat
681 4613 741 4659 Saa:
751 4627 783 4657 en
793 4615 818 4658 a!
829 4625 886 4658 mes
895 4615 929 4658 de
941 4614 1061 4658 octubre.
1073 4615 1164 4670 Supra,
1177 4625 1196 4660 t.
1207 4627 1234 4664 rt.
1245 4627 1305 4670 pag.
1317 4615 1367 4662 502.

213 4683 227 4716 ⁸
252 4681 302 4729 Ubi
318 4696 364 4729 nos
374 4685 510 4730 scribimus
527 4688 648 4737 virtutis,
663 4687 842 4742 apographum
858 4688 937 4730 habet
953 4687 1074 4741 quiddam
1089 4689 1173 4732 simile
1193 4689 1333 4742 unitionis,
1344 4689 1413 4744 qnod

171 4757 256 4800 etiam
266 4757 392 4810 scriptum
405 4757 486 4801 videri
499 4765 583 4813 potest
595 4769 641 4812 pro
653 4759 782 4802 imitandi
790 4768 834 4804 aut
846 4760 1018 4803 imitationis.
