3504 5532
676 543 681 550 ·
712 512 776 574 Aa.
798 511 867 574 1556
1332 509 1383 570 169

158 675 238 726 cose
251 677 380 727 nuoue:
398 660 428 726 si
442 677 601 728 messero
616 661 773 726 anchora
790 660 889 725 molti
904 659 999 724 versi
1013 659 1048 723 in
1061 659 1212 738 publico.
1231 658 1258 722 Il
1268 657 1382 722 mede·

155 768 244 834 simo
264 768 368 850 quasi
388 769 419 834 si
439 769 516 834 fece
536 769 562 834 il
581 770 711 850 giorno
733 769 770 834 di
789 767 863 833 Sto.
885 767 1042 833 Thomas
1064 766 1097 830 d’
1115 765 1265 848 ‘Aquino
1289 767 1383 830 nella

154 875 289 942 chiesia
307 877 344 943 di
362 875 435 942 Sto.
454 877 662 958 Domenico,
686 877 736 943 dil
755 878 820 943 che
840 877 949 942 molto
969 895 1014 942 ne
1028 885 1192 940 restorno
1212 873 1380 952 contenti,

154 985 222 1048 alle
236 985 341 1066 quale
355 993 439 1050 cose
452 1002 523 1049 non
542 984 579 1050 su
593 993 758 1067 presente
776 985 799 1050 l’
815 985 910 1051 lll.tre
924 982 1036 1048 Suero
1054 982 1096 1047 di·
1109 982 1214 1063 Vega
1228 999 1290 1063 per
1310 998 1381 1046 non

152 1091 183 1156 si
196 1103 366 1156 uouuare
386 1091 478 1156 nella
493 1091 588 1157 cirta.
612 1085 683 1157 P'ur
697 1109 770 1156 non
791 1092 821 1158 si
836 1091 1005 1174 potrebbe
1022 1090 1097 1154 dire
1117 1098 1249 1171 quanto
1271 1089 1383 1152 amor’

152 1206 256 1279 porta
276 1213 382 1264 verso
400 1199 482 1265 tutti
503 1201 609 1282 quelli
631 1199 687 1264 del
708 1200 874 1279 collegio,
896 1216 960 1279 per
981 1198 1047 1262 che
1069 1195 1141 1261 rari
1161 1213 1251 1260 sono
1276 1196 1382 1277 quelli

150 1305 271 1386 giomi
281 1307 347 1371 che
358 1307 406 1370 lui
417 1325 488 1372 non
498 1307 603 1372 viene
617 1307 823 1372 avisitarci:
840 1305 983 1386 mangia
996 1304 1155 1371 anchora
1166 1307 1275 1368 molte
1286 1306 1382 1368 volte

149 1432 220 1479 con
234 1415 260 1480 li
279 1415 382 1496 padri
401 1424 437 1479 et
455 1414 583 1480 fratelli
603 1431 711 1479 senza
730 1414 922 1480 cerimonle
943 1415 1114 1478 seculare.
1136 1411 1313 1476 Parlando
1331 1411 1381 1477 lui

147 1523 278 1586 alcune
291 1523 386 1587 volte
401 1524 456 1587 col
470 1521 548 1587 R.‘¹⁰
563 1521 601 1587 Ρ.
617 1521 767 1604 Filippo,
783 1520 918 1586 Rettor'
935 1529 1070 1599 nostro,
1086 1520 1178 1584 della
1191 1517 1313 1583 vanita
1325 1519 1381 1582 del

148 1630 295 1710 mondo,
316 1630 367 1712 gli
381 1630 476 1694 disse
496 1630 561 1695 che
580 1631 600 1694 l’
621 1629 759 1694 haueua
778 1630 887 1694 molto
907 1628 943 1693 in
966 1628 1242 1708 abominatione,
1264 1635 1299 1692 et
1314 1627 1381 1691 che

147 1737 363 1803 desiderabo
384 1738 550 1815 lassarlo,
571 1745 606 1802 et
627 1737 692 1802 che
711 1755 783 1800 non
803 1735 952 1802 sarebbe
971 1736 1063 1799 male
1085 1736 1150 1799 che
1169 1735 1228 1815 poi
1247 1735 1312 1799 che
1335 1733 1380 1798 ha

148 1845 240 1908 fatto
254 1845 278 1908 il
293 1843 462 1925 collegio,
484 1844 575 1908 entri
593 1843 630 1908 in
649 1844 782 1926 quello,
802 1851 837 1908 et
860 1843 910 1924 gli
928 1843 974 1906 ha
994 1859 1062 1912 con
1081 1843 1190 1906 molta
1212 1842 1380 1905 instantia

148 1959 302 2032 pregato
316 1951 382 2014 che
396 1951 511 2015 faccia
526 1951 688 2016 oratione
709 1951 846 2030 perlui,
862 1950 962 2014 accio
977 1947 1063 2014 lassi
1077 1949 1101 2013 il
1116 1947 1246 2012 mondo
1266 1957 1301 2012 et
1322 1965 1381 2013 en-

147 2059 198 2123 tri
216 2057 253 2122 in
271 2067 396 2138 questa
415 2067 519 2122 santa
539 2057 777 2140 Compagnia,
798 2058 891 2122 nella
910 2057 1013 2139 quale
1033 2074 1105 2120 non
1124 2057 1186 2120 vol
1204 2055 1269 2119 sar’
1288 2057 1381 2121 altro

148 2163 268 2228 officio
283 2165 397 2228 chela
420 2164 546 2229 cucina
561 2175 596 2228 et
611 2167 643 2228 le
657 2182 741 2229 cose
756 2164 826 2229 vile
841 2173 875 2228 et
894 2166 1009 2228 basse.
1031 2164 1099 2228 Lui
1114 2181 1178 2227 ora
1199 2162 1378 2226 continua-

146 2281 282 2352 mente,
297 2271 426 2352 studia,
442 2281 478 2337 et
490 2271 541 2351 gli
563 2289 610 2336 va
627 2289 676 2336 un
695 2272 834 2336 fratello
850 2272 935 2352 ogni
950 2271 1077 2352 giorno
1099 2289 1120 2335 a
1139 2271 1284 2351 legger',
1301 2270 1380 2334 etsi

145 2387 255 2460 porta
269 2395 336 2443 con
350 2378 400 2443 lui
412 2377 450 2443 in
464 2385 565 2442 tanta
579 2378 729 2444 humilta
742 2379 809 2442 che
819 2377 856 2442 ia
869 2378 1101 2460 marauigliar
1116 2395 1137 2441 a
1152 2377 1245 2441 tutti.

210 2485 419 2562 Monsianor
432 2484 535 2550 Rmo.
552 2485 589 2550 di
603 2483 784 2565 Saragoza
804 2495 907 2566 porta
922 2485 1080 2550 anchora
1098 2485 1236 2567 grande
1259 2501 1381 2548 amore

145 2593 185 2656 al
198 2591 362 2672 collegio,
377 2608 441 2673 per
456 2592 523 2656 che
538 2593 629 2656 oltra
643 2591 677 2657 d’
691 2593 814 2658 hauer’
827 2592 911 2657 dato
924 2595 958 2657 al
973 2593 1123 2673 collegio
1138 2594 1171 2656 la
1186 2592 1332 2671 chiesia,
1345 2599 1380 2656 et

145 2702 174 2765 il
188 2699 272 2779 sito,
287 2708 322 2764 et
336 2699 464 2765 alcuna
479 2716 565 2764 casa
579 2699 614 2764 di
628 2701 757 2784 quello,
771 2700 817 2764 ha
830 2709 1020 2782 procurato
1033 2700 1160 2765 alcuna
1174 2709 1276 2780 parte
1287 2697 1379 2763 della

146 2806 301 2885 rendita,
318 2807 365 2871 ha
376 2806 536 2887 agintato
549 2807 582 2873 d’
597 2809 727 2874 alcuna
737 2808 856 2872 buona
871 2808 1194 2872 eleemosina:oltra
1207 2806 1244 2870 di
1255 2815 1380 2888 questo
1500 2879 1503 2886 ,

147 2915 197 2979 lla
210 2913 337 2978 scritto
349 2929 415 2994 per
437 2923 528 2978 tutta
543 2915 578 2978 la
592 2914 724 2980 diocesi
744 2914 788 2979 de
802 2916 837 2978 la
858 2914 1063 2980 fundatione
1083 2913 1119 2978 di
1133 2923 1257 2995 questo
1278 2914 1379 2978 colle·

146 3019 223 3100 gio,
247 3019 347 3084 accio
369 3020 435 3084 ebe
458 3019 539 3084 tutti
559 3021 751 3101 venghano
773 3039 794 3085 a
817 3021 974 3086 studiare
994 3022 1031 3085 in
1056 3038 1148 3085 esso.
1172 3020 1246 3086 Ora
1270 3029 1380 3084 tratta

144 3127 229 3192 dell'
252 3127 529 3192 accrescimento
550 3127 642 3192 della
663 3128 817 3208 rendita,
832 3145 897 3210 per
918 3145 1124 3194 accrescere
1143 3128 1190 3192 da
1207 3127 1264 3192 118
1284 3126 1381 3192 a200

146 3234 270 3314 vncie;
292 3234 323 3298 si
343 3231 490 3318 pre[sta]
511 3236 669 3300 anchora
684 3237 734 3316 gli
756 3235 834 3300 suoi
852 3237 932 3301 libri
953 3235 1035 3300 etei
1056 3235 1230 3300 offeriscie
1246 3236 1329 3317 qual
1349 3236 1379 3298 si

143 3337 296 3423 vogssia]
312 3341 425 3408 fauor’
440 3351 475 3406 et
489 3342 622 3421 agiuto.
639 3342 801 3407 Laudato
816 3344 869 3408 sia
884 3344 906 3407 il
923 3342 1073 3422 Signore
1088 3343 1153 3406 che
1168 3351 1267 3407 tanto
1284 3343 1379 3407 buon

144 3449 269 3514 animo
284 3449 332 3513 ha
346 3449 431 3515 dato
447 3466 468 3513 a
483 3449 566 3514 tutti
579 3467 686 3514 verso
701 3452 723 3513 l'
742 3467 848 3532 opere
863 3467 937 3514 sue.

206 3553 349 3646 Adesso
369 3572 440 3620 non
461 3557 578 3620 scriuo
599 3557 691 3622 altro
712 3559 782 3620 alla
804 3557 846 3621 R.
869 3557 914 3622 V.
940 3575 1001 3639 per
1023 3575 1094 3622 non
1116 3560 1225 3622 esser’
1250 3566 1377 3639 troppo

144 3667 268 3745 longo,
284 3679 323 3728 se
337 3679 410 3726 non
425 3663 490 3727 che
505 3663 587 3728 tutti
602 3664 651 3744 gli
667 3664 770 3744 padri
784 3678 819 3728 et
834 3665 964 3729 fratelli
982 3667 1092 3729 molto
1107 3665 1136 3728 si
1157 3665 1378 3729 ricomanda·

141 3789 193 3836 no
208 3771 279 3834 alle
292 3778 394 3835 sante
414 3770 569 3835 orationi
588 3781 622 3836 et
640 3770 806 3837 sacrificii
828 3771 864 3836 di
882 3771 927 3836 V.
951 3770 989 3834 Ρ.
1011 3773 1111 3836 accio
1134 3772 1158 3836 il
1178 3770 1329 3850 Signore
1349 3772 1378 3836 si

140 3879 264 3960 degne
278 3893 486 3942 accrescere
500 3879 535 3942 la
549 3894 614 3943 sna
628 3879 747 3959 gratia
760 3880 798 3943 in
813 3879 892 3943 tutti
907 3880 979 3957 noi,
996 3879 1096 3944 accio
1111 3879 1290 3960 possiamo
1305 3878 1375 3942 lar’

140 3987 180 4050 la
194 4001 263 4050 sua
277 3993 382 4049 santa
395 3985 557 4049 volunta.

203 4090 262 4156 Da
276 4089 456 4170 siracusa,
474 4092 534 4156 ali
548 4091 589 4156 20
603 4092 639 4158 di
654 4093 768 4174 Aprili
783 4094 839 4158 dcl
857 4094 944 4158 1556.

387 4196 490 4263 Della
504 4197 717 4266 Reuerentia
733 4200 778 4265 V.
794 4200 940 4282 indigno
956 4218 1060 4266 seruo
1077 4202 1113 4267 in
1127 4202 1233 4283 Xpo.,

790 4346 950 4411 Gnoaoro
973 4346 1228 4411 Parroarrrrano
1252 4347 1273 4411 ¹.
1332 4384 1333 4388 =

180 4551 190 4586 l
220 4549 273 4602 Sic.
284 4551 435 4606 eonomine
445 4561 496 4598 non
505 4563 738 4608 “prensaveram
747 4555 792 4600 vix
802 4554 936 4600 dubitandi
948 4557 1019 4600 locus
1029 4563 1068 4601 eat
1081 4557 1140 4612 qula
1153 4557 1195 4600 ille
1204 4556 1238 4600 slt
1249 4555 1378 4611 Georgius

136 4622 267 4670 nemra
277 4633 352 4677 quern
362 4634 430 4668 anno
439 4625 607 4680 praecedenti
618 4624 763 4682 Syracusae
774 4629 879 4671 missum
893 4630 930 4671 alt
943 4630 1089 4678 Aoniam.
1102 4629 1182 4674 Ortus
1192 4632 1217 4672 et
1229 4639 1272 4672 res
1286 4634 1378 4682 gerrae

139 4693 431 4824 :tenacemque
447 4695 588 4740 societatis
599 4696 677 4752 Jesu,
693 4708 750 4754 cap.
764 4708 800 4754 iv,
816 4710 840 4743 n.
857 4711 939 4746 xxvii.
950 4700 1015 4745 Vide
1032 4701 1145 4746 Potenti
1157 4700 1311 4752 chronicon.
1322 4707 1341 4746 t.
1353 4715 1378 4752 v.

197 4797 205 4812 .
256 4797 264 4820 ‚
355 4797 361 4812 .
