3368 5528
364 523 420 585 56⁶
750 524 922 586 erruaau
938 533 1212 594 abnuamusmuts

366 669 439 749 bat,
455 670 680 751 accurrisset,
697 673 847 736 crimina
863 672 913 736 illi
928 689 993 737 sua
1008 672 1143 738 detexit
1156 687 1289 754 magno
1306 689 1387 738 cum
1411 674 1521 738 animi
1534 672 1584 736 do·

366 779 453 857 lore;
474 785 642 860 tantoque
661 779 725 844 fuit
745 779 866 844 diuino
888 797 1062 846 accensus
1084 798 1223 857 amore,
1247 790 1296 860 ut,
1319 781 1386 846 etsi
1407 783 1585 846 vulnerum

366 885 470 964 graui
485 886 605 950 dolore
620 886 861 960 cruciabatur.
881 904 1022 968 semper
1043 896 1162 956 tamen
1181 887 1297 954 Deum
1316 888 1429 954 inore
1448 889 1585 952 baberet

367 991 568 1074 Christique
583 995 798 1074 passionem,
815 996 872 1060 cui
889 995 1028 1060 animae
1039 1011 1126 1060 suae
1141 997 1291 1061 salutem
1306 1007 1491 1078 acceptam
1505 995 1559 1060 ref
1576 1025 1584 1040 ·

365 1100 477 1165 rebat.
495 1100 653 1166 Tandem
665 1111 745 1182 post
759 1101 926 1182 triduum,
939 1103 1051 1167 alacri
1061 1103 1181 1168 animo
1192 1105 1419 1185 maximaque
1433 1121 1507 1184 spe,
1521 1103 1584 1166 ani·

367 1225 462 1272 mam
474 1207 655 1273 exhalauit
669 1225 792 1274 coram
809 1209 915 1274 Patre
929 1219 1052 1275 nostro
1071 1209 1235 1290 Rectore,
1255 1227 1360 1293 quem
1375 1227 1553 1292 nunquam
1567 1228 1585 1272 a

362 1331 430 1392 suo
445 1315 556 1380 latere
569 1313 752 1381 discedere
766 1317 919 1383 volebat.
935 1317 1029 1381 Nam
1040 1315 1095 1398 (ut
1110 1335 1236 1382 oerum
1243 1317 1391 1397 fatear)
1403 1317 1585 1400 plurimum

364 1421 424 1484 itti
435 1423 628 1487 adiumenti
648 1422 774 1488 attulit
796 1425 916 1488 nostri
935 1425 1065 1488 Patris
1080 1425 1294 1506 praesentia,
1318 1425 1394 1506 qui,
1413 1425 1585 1507 proposita

361 1547 506 1610 semper
526 1538 608 1595 ante
633 1531 709 1598 eius
734 1532 856 1596 oculos
882 1531 1002 1597 diuina
1027 1531 1284 1613 misericordia,
1308 1549 1399 1612 quac
1419 1549 1489 1596 non
1513 1530 1584 1596 uult

365 1643 516 1702 mortem
538 1638 756 1717 peccatoris,
781 1641 844 1702 sed
868 1645 909 1703 ut
933 1644 1169 1704 conuertatur
1192 1645 1228 1704 et
1250 1639 1375 1718 vinat,
1400 1639 1545 1704 abduxit
1567 1656 1585 1700 a

362 1743 520 1824 quadam
530 1744 641 1809 'animi
655 1745 913 1828 desperatione,
930 1764 1021 1827 quae
1036 1747 1129 1810 illius
1144 1747 1263 1812 animo
1279 1747 1360 1811 altis
1370 1745 1486 1812 delixa
1501 1747 1583 1811 radi·

364 1850 465 1915 cibus
479 1850 702 1916 inhaerebat:
719 1853 785 1916 troc
797 1853 891 1916 anim
903 1853 974 1917 sibi
981 1859 1233 1934 persuaserat,
1252 1859 1392 1918 tantam
1414 1871 1492 1918 esse
1512 1871 1583 1917 suo·

364 1975 446 2022 ram
467 1958 643 2022 scelerum
662 1958 936 2040 immanitatem,
961 1966 1001 2024 ut
1020 1959 1078 2024 uel
1098 1961 1260 2030 diuinam
1282 1961 1390 2028 ctiam
1409 1961 1584 2029 lenitatem

360 2071 468 2146 atqua
483 2067 795 2134 mansuetudinem
807 2072 1034 2147 superarent.
1328 2125 1331 2134 .

363 2179 378 2230 .'
423 2171 511 2237 Cum
530 2172 588 2237 hic
610 2173 861 2238 celeberrimus
881 2175 926 2238 sit
947 2183 1081 2255 portuS,
1108 2175 1294 2256 facilisque
1318 2176 1355 2240 in
1382 2176 1582 2258 Hispaniam

364 2279 552 2357 transitus,
578 2280 735 2360 quotidie
760 2282 834 2346 fere
858 2281 1090 2363 hispanorum
1107 2283 1274 2364 plerique
1292 2282 1338 2347 ad
1358 2301 1426 2348 nos
1445 2283 1583 2348 veniunt

362 2387 579 2467 flagitantes,
605 2405 701 2452 nunc
727 2389 764 2452 in
788 2388 895 2453 rebus
919 2389 1161 2469 spiritualibus
1186 2390 1369 2478 auxilium.
1391 2408 1484 2456 nunc
1505 2407 1585 2455 uero

361 2495 440 2558 aliis
455 2495 490 2559 in
505 2495 626 2574 rebus,
645 2512 735 2576 quae
758 2495 803 2560 ad
823 2497 958 2562 victum
977 2498 1144 2575 attinent,
1166 2499 1293 2578 quibus
1313 2499 1450 2580 (quoad
1468 2515 1584 2580 possu-

360 2602 450 2681 mus)
466 2620 569 2684 0pem
584 2603 739 2667 ferimus.
758 2603 836 2683 Qua
851 2605 886 2667 in
902 2621 941 2668 re
957 2615 1077 2668 tacere
1098 2623 1170 2668 non
1191 2622 1336 2686 possum
1351 2623 1422 2688 quo
1443 2615 1547 2688 pacto
1567 2623 1584 2668 e

360 2709 543 2774 daemonis
567 2710 729 2774 manibus
758 2711 901 2792 quidam
931 2711 1109 2791 tn'spanus
1137 2718 1265 2776 nostra
1294 2719 1428 2794 opera,
1456 2714 1584 2795 Dciqm

358 2818 491 2882 auxilio
518 2817 768 2898 intercedente,
793 2818 901 2884 fuerit
924 2820 1107 2884 liberatus.
1130 2817 1221 2886 Cum
1244 2819 1338 2885 enim
1363 2821 1434 2900 ille,
1457 2821 1583 2886 iamdiu

357 2942 525 3006 egressus
549 2943 594 2989 ex
620 2925 926 2991 dominicanorum
950 2927 1138 3006 coenobio,
1159 2928 1218 2991 cui
1240 2945 1279 2990 se
1300 2928 1394 2992 uotis
1417 2929 1583 2998 astrinxe·

358 3043 425 3112 rat,
451 3033 640 3097 militarem
664 3032 888 3114 disciplinam
912 3035 1142 3112 exercuisset,
1169 3035 1324 3114 taudem,
1346 3035 1583 3104 conscientiae

357 3141 509 3204 stimulis
524 3141 755 3221 agitatus,'ad
770 3141 959 3222 pristinum
974 3141 1133 3208 ordinem
1153 3143 1286 3208 reuerti
1305 3144 1500 3221 constituit,
1516 3143 1581 3218 cui,

357 3247 425 3314 hoc
442 3249 560 3312 animo
575 3267 620 3312 ex
633 3252 757 3312 nostro
772 3249 968 3328 egredienti
983 3250 1151 3330 collegio,
1168 3251 1289 3315 statim
1309 3252 1467 3315 occurrit
1488 3251 1583 3314 miles

357 3355 511 3437 quidam,
529 3357 629 3420 cuius
643 3354 884 3421 familiaritate
906 3357 942 3420 in
963 3357 1053 3420 bello
1075 3356 1192 3421 fuerat
1213 3373 1314 3435 usus;
1337 3359 1398 3438 qui
1419 3359 1582 3422 miserum

358 3463 451 3528 hunc
466 3465 644 3528 hominem
659 3464 693 3528 ui
708 3464 754 3528 ad
769 3465 932 3528 triremes
947 3465 998 3528 ire
1017 3465 1153 3545 coegit,
1175 3474 1213 3529 ut
1233 3463 1281 3528 ibi
1303 3465 1479 3546 stipendia
1503 3465 1583 3530 mili·

356 3571 448 3634 taria
464 3580 626 3650 mereret,
643 3571 747 3634 minis
762 3571 1038 3652 terroribusque,
1056 3572 1086 3635 si
1099 3571 1134 3636 id
1145 3571 1322 3636 facturum
1334 3585 1494 3652 negaret,
1508 3590 1580 3654 per·

356 3676 596 3757 terrefaciens;
610 3679 728 3759 itaque
742 3695 875 3760 pauper
887 3678 956 3758 ille,
970 3679 1101 3744 inuitus
1113 3678 1317 3759 aliquandiu
1330 3680 1367 3744 in
1383 3681 1581 3746 triremibus

356 3787 532 3866 detentus,
564 3785 790 3849 occasionem
815 3785 970 3866 quddam
995 3787 1051 3850 die
1076 3799 1220 3866 nactus,
1248 3787 1294 3850 ad
1319 3803 1386 3852 nos
1411 3787 1577 3867 confugit.

355 3893 396 3957 R.
414 3893 451 3957 P.
469 3893 610 3972 Rector,
628 3893 772 3972 cognita
786 3893 879 3957 illius
889 3894 1115 3974 <arcessitam
1130 3895 1356 3976 eleemosyna
1372 3896 1455 3960 hinc
1469 3894 1580 3959 iudea

356 4000 532 4064 nobilibus
548 4000 685 4064 ciuibus
704 4009 912 4080 corrugata,
933 4011 1069 4065 vestem
1091 4003 1337 4066 monachalem
1357 4002 1458 4083 emit,
1478 4010 1580 4084 atque

357 4109 406 4172 ita
423 4108 665 4190 eumgdemisit,
687 4123 756 4188 quo
771 4109 823 4174 ad
832 4107 1044 4191 Generalem
1063 4107 1120 4176 sui
1133 4108 1267 4173 ordinis
1278 4109 1578 4190 proficisceretur.

416 4214 521 4279 Pater
546 4226 666 4278 noster
685 4213 816 4278 Rector
836 4215 890 4278 bis
911 4216 947 4278 in
969 4213 1190 4279 hebdomada
1212 4215 1446 4282 concionatur
1468 4219 1517 4293 (ut
1539 4216 1579 4280 de

356 4322 598 4404 frequentibus
623 4323 944 4400 exhortationibus
966 4340 1055 4404 quas
1073 4321 1167 4403 apud
1190 4323 1372 4400 mulieres,
1393 4341 1484 4405 quas¹
1501 4341 1578 4388 con-

356 4437 480 4493 uersas
495 4431 604 4512 uulgo
620 4437 762 4509 vocant,
779 4429 895 4507 habet,
920 4431 1061 4494 interim
1081 4429 1233 4509 taceam)
1255 4430 1379 4495 diebus
1398 4430 1579 4495 dominicis

356 4517 390 4610 et
404 4539 516 4617 festis,
533 4528 673 4601 necnon
688 4537 810 4601 diebus
832 4538 991 4612 veneris,
1010 4523 1113 4602 'cuius
1135 4537 1298 4603 doctrina
1318 4555 1390 4603 non
1411 4537 1513 4620 pauci
1535 4535 1577 4601 ad

356 4645 486 4737 bonam
501 4661 539 4707 se
553 4644 728 4724 recipiunt
743 4644 894 4723 frugem
910 4643 1000 4706 Nam
1020 4653 1270 4732 praeterquam
1291 4645 1385 4726 quod
1400 4643 1578 4709 scholasti·

357 4747 408 4818 'cis
423 4751 612 4836 plurimum
627 4747 786 4834 prodest,
804 4750 833 4814 si
848 4749 931 4831 quid
948 4749 982 4814 in
998 4750 1149 4816 lectione
1164 4749 1470 4832 veneris'dicatur,
1484 4747 1574 4834 quod
