3368 5528
370 542 426 602 520
782 544 953 604 Lrsrsasu
972 557 1243 613 poenarussrass

372 705 494 752 omnes
509 697 774 769 praeceptores,
795 707 867 754 uno
883 699 1048 770 excepto,
1065 700 1100 753 et
1115 688 1328 766 subsidiarii,
1345 688 1404 769 qui
1420 688 1464 751 ad
1478 687 1581 750 huius·

372 793 467 860 modi
492 796 722 860 necessitates
743 797 925 861 constituti
948 807 1061 876 erant,
1085 814 1156 860 non
1181 794 1407 860 mediocriter
1427 795 1532 860 uariis
1554 803 1582 856 et

373 903 523 968 diuersis
544 905 677 968 morbis
696 905 960 970 afflictarentur:
983 921 1095 986 eoque
1117 922 1174 967 res
1195 903 1346 982 deuenit,
1371 911 1408 966 ut
1429 899 1557 965 inuitis
1575 933 1582 944 ·

374 1009 446 1074 rias
462 1009 683 1075 scholasticis
694 1029 757 1093 per
771 1013 924 1094 spatium
936 1013 1040 1075 unius
1053 1012 1183 1074 mensis
1195 1009 1478 1074 concederemus
1492 1005 1583 1088 Quod

373 1133 454 1180 curn
479 1117 525 1180 ad
552 1135 657 1181 aures
686 1118 859 1200 Principis
883 1117 1082 1184 Cardinalis
1108 1115 1129 1194 ¹,
1157 1117 1216 1198 qui
1242 1135 1283 1180 eo
1310 1125 1467 1198 ternpore
1492 1114 1583 1194 Vlys·

374 1225 521 1304 sippone
535 1233 623 1303 erat,
641 1227 869 1306 peruenisset,
894 1243 1031 1291 summo
1046 1224 1198 1306 quodam
1214 1241 1373 1287 moerore
1388 1223 1455 1286 hoc
1475 1221 1584 1286 nuntio

375 1329 539 1408 affectus,
566 1332 686 1395 statim
711 1351 819 1398 unum
840 1351 885 1397 ex
907 1331 1108 1414 praecipuis
1133 1349 1177 1394 ac
1203 1329 1419 1394 doctioribus
1440 1327 1584 1402 medicis

375 1454 464 1519 quos
479 1437 621 1519 quidem
636 1438 730 1520 apud
744 1457 783 1504 se
795 1440 957 1518 habebat,
974 1439 1019 1502 ad
1035 1456 1100 1503 nos
1110 1438 1216 1516 misit,
1233 1448 1270 1501 ut
1282 1455 1347 1502 nos
1363 1437 1527 1500 inuiseret
1537 1450 1587 1498 no·

375 1551 538 1626 strosque
560 1544 828 1624 diligentissime
852 1555 1004 1622 curaret,
1029 1562 1176 1626 eumque
1193 1544 1318 1608 crebro
1343 1543 1387 1607 de
1403 1541 1588 1607 ualetudine

376 1649 527 1715 fratrum
542 1670 605 1732 per
620 1653 741 1716 literas
756 1653 942 1717 certiorem
961 1653 1104 1716 faceret.
1122 1651 1176 1715 Ex
1190 1669 1261 1732 quo
1275 1651 1430 1733 perspici
1444 1648 1588 1732 profecto

377 1767 493 1839 potest
507 1767 640 1839 quanto
660 1777 725 1823 nos
745 1777 867 1824 omnes
886 1768 1067 1839 totamque
1088 1757 1301 1823 Societatem
1320 1775 1440 1822 amore
1454 1767 1487 1820 et
1500 1757 1589 1820 bene·

376 1865 530 1929 uolentia
542 1868 808 1946 complectatur:
825 1867 895 1930 iam
904 1867 997 1930 enim
1008 1866 1110 1929 alteri
1124 1865 1272 1942 medico,
1286 1865 1322 1927 in
1336 1864 1467 1928 morbis
1479 1879 1589 1926 curan·

377 1971 430 2035 dis
444 1972 669 2053 peritissime,
686 1986 887 2038 nostrorum
903 1974 1059 2037 omnium
1077 1990 1199 2036 curam
1214 1972 1459 2048 commiserat,
1480 1984 1589 2033 uerum

377 2095 457 2141 cum
483 2079 532 2142 illi
558 2079 813 2159 aliquantulum
838 2079 993 2144 diffidere
1014 2079 1205 2158 uideretur,
1229 2077 1378 2142 fratrum
1401 2078 1544 2142 salutem
1564 2075 1589 2137 ei

377 2185 549 2249 committi
565 2187 686 2265 uoluit,
703 2187 760 2250 cui
775 2186 963 2267 aliquando
978 2203 1079 2250 suam
1094 2186 1340 2262 committeret,
1357 2201 1527 2268 quemque
1546 2201 1590 2246 sa·

376 2292 422 2355 tis
437 2293 618 2372 cognitum
633 2301 667 2356 et
681 2303 905 2374 perspectum
921 2293 1077 2356 haberet.

437 2397 557 2462 Habiti
572 2407 653 2464 sunt
667 2410 853 2480 praeterea
867 2401 903 2463 in
919 2401 986 2464 hoc
998 2400 1257 2480 quadrimestri,
1272 2399 1371 2463 initio
1386 2399 1593 2478 singulorum

378 2506 561 2586 mensium,
578 2507 737 2570 nonnulli
747 2506 891 2586 dialogi:
906 2508 1084 2572 orationes
1099 2507 1205 2571 etiam
1216 2524 1287 2570 non
1297 2523 1434 2588 paucae
1449 2505 1492 2569 ab
1503 2503 1592 2567 scho·

376 2613 510 2701 lasticis
524 2613 656 2677 nostris
677 2614 846 2678 recitatae
861 2625 954 2688 sunt,
978 2615 1103 2698 quibus
1125 2613 1286 2677 omnibus
1299 2631 1371 2677 non
1394 2629 1524 2694 paucos
1543 2627 1592 2674 ex·

377 2729 497 2784 ternos
511 2719 710 2784 interfuisse
724 2720 901 2785 existimo:
918 2721 942 2784 ii
956 2739 1053 2801 uero,
1069 2721 1130 2804 qui
1144 2721 1239 2802 apud
1253 2738 1319 2784 nos
1333 2717 1443 2783 literis
1458 2733 1591 2799 operam

377 2826 473 2904 dant,
495 2844 576 2891 cum
597 2827 633 2890 in
651 2827 773 2904 literiS,
797 2837 870 2892 tum
891 2829 997 2892 etiam
1020 2829 1055 2890 in
1078 2829 1219 2907 uirtute,
1243 2845 1314 2891 non
1337 2827 1529 2890 mediocres
1550 2823 1592 2885 fa·

377 2935 474 2998 ciunt
485 2950 709 3014 progressus:
723 2935 880 2998 nonnulli
892 2935 998 2998 etiam
1014 2951 1059 2997 ex
1074 2935 1140 3012 his,
1155 2935 1215 3017 qui
1226 2935 1262 2998 in
1273 2935 1388 3015 prima
1400 2943 1434 2997 et
1448 2930 1592 2997 secunda

377 3042 492 3104 classe
508 3041 753 3116 uersabantur,
775 3041 811 3105 in
831 3039 1044 3106 Societatem
1066 3051 1225 3105 nostram
1247 3041 1392 3105 admissi
1407 3048 1497 3104 sunt:
1520 3053 1593 3101 non-

377 3148 463 3211 nulli
488 3165 574 3212 uero
600 3149 751 3212 aliorum
773 3150 1018 3228 religiosorum
1042 3149 1200 3212 instituta
1227 3149 1364 3228 sequuti
1390 3156 1481 3213 sunt.
1500 3145 1596 3210 'Deus

379 3253 460 3334 Opt.
477 3253 574 3318 Max.
590 3271 651 3318 eos
667 3255 702 3318 in
714 3265 879 3336 suscepta
896 3255 1038 3319 uiuendi
1052 3257 1189 3318 ratione
1206 3262 1404 3318 conseruet.
1421 3253 1596 3335 Quamplu·

378 3361 458 3425 rimi
473 3371 670 3444 praeterea,
688 3371 761 3426 tum
780 3381 825 3426 ex
845 3363 1077 3439 scholasticis,
1100 3374 1173 3426 tum
1193 3363 1300 3427 etiam
1320 3381 1364 3426 ex
1381 3362 1470 3439 aliiS,
1493 3361 1528 3424 in
1545 3376 1596 3421 ao·

380 3479 492 3532 stram
518 3467 731 3534 Societatem
753 3471 892 3550 ingredi
917 3471 1145 3534 uehementer
1167 3469 1379 3534 desiderant.
1404 3469 1531 3534 Mirum
1552 3475 1597 3528 est

379 3576 473 3639 enim
488 3585 659 3656 quantum
674 3576 717 3639 iis
733 3577 882 3657 publicis
898 3576 1133 3640 conuentibus
1147 3576 1304 3639 omnium
1316 3576 1424 3639 animi
1439 3576 1485 3640 ad
1500 3575 1597 3638 uirtu-

381 3694 457 3747 tum
473 3692 507 3746 et
522 3684 707 3746 literarum
722 3683 839 3746 studia
856 3683 1101 3747 incendantur.

440 3789 518 3854 Hoc
543 3790 649 3853 etiam
673 3807 777 3868 anno,
802 3789 922 3853 diuina
945 3789 1102 3853 bonitate
1124 3787 1282 3866 fauente,
1306 3789 1437 3869 exponi
1459 3789 1598 3870 philoso-

380 3897 465 3979 phia
481 3897 635 3978 incipiet,
653 3897 754 3960 cuius
769 3896 875 3961 etiam
890 3897 1007 3977 gratia
1020 3895 1162 3960 Marcus
1179 3895 1366 3976 Georgius,
1384 3896 1445 3978 qui
1460 3895 1516 3958 hic
1527 3907 1597 3956 con·

382 4005 551 4069 scientiae
567 4021 672 4067 casus
687 4004 904 4078 declarabat,
917 4003 1180 4067 Conimbricam
1193 4002 1372 4085 profectus
1384 4013 1448 4083 est,
1466 4003 1500 4065 in
1511 4000 1598 4064 cuius

383 4115 499 4177 locum
513 4110 687 4176 Dominus
707 4111 780 4175 Leo
796 4111 867 4191 (qui
883 4112 939 4174 hic
961 4128 1054 4174 nunc
1070 4109 1200 4173 Rector
1221 4111 1286 4188 est)
1307 4110 1489 4188 successit,
1511 4107 1599 4171 cuius

384 4219 542 4301 profecto
557 4219 594 4282 in
609 4219 700 4281 hanc
717 4218 839 4281 urbem
855 4218 1028 4281 aduentus
1043 4227 1115 4281 ram
1131 4218 1293 4281 omnibus
1307 4226 1432 4297 gratus
1447 4227 1480 4280 et
1494 4216 1597 4279 iucun-

384 4327 450 4390 dus
462 4326 537 4400 fuit,
554 4335 592 4389 ut
607 4325 766 4388 nonnulli
778 4343 823 4389 ex
834 4325 982 4404 ciuibus,
1000 4341 1136 4388 summa
1152 4324 1305 4406 quadam
1320 4323 1456 4387 laetitia
1468 4317 1598 4404 perfusi,

384 4452 464 4498 eum
480 4433 599 4496 statim
614 4433 806 4496 salutatum
819 4431 991 4510 uenirent,
1007 4432 1153 4512 eiusque
1169 4429 1360 4494 aduentum
1371 4429 1600 4494 felicissimum

387 4551 561 4622 optarent.

427 4783 435 4817 ¹
464 4782 577 4838 Henticl,
588 4783 620 4828 de
630 4794 679 4839 quo
689 4783 841 4838 saepissime
851 4783 877 4828 ln
887 4783 935 4828 hoc
945 4789 971 4827 et
982 4782 1008 4828 iu
1018 4781 1234 4838 praecedentibus
1245 4767 1430 4830 voluminibus.
