3472 5528
663 433 724 492 Aa.
747 434 816 494 ibbo
1296 435 1352 498 277

124 586 231 642 tasse.
248 578 294 644 Et
309 579 402 660 quod
417 581 534 660 magis
548 581 749 645 mirandum
768 589 840 660 est,
864 581 1028 662 patritios
1050 581 1166 661 vir05,
1193 582 1237 645 ab
1257 584 1351 646 omni

125 685 297 750 virtutum
312 703 442 766 genere
458 687 706 768 abhorrentes,
724 706 817 752 nunc
840 687 974 752 crebris
997 677 1227 752 concionibus
1242 696 1276 751 et
1298 707 1351 752 as·

124 793 236 856 siduis
251 795 540 874 persuasionibus
552 793 669 859 Patris
683 793 852 859 Doctoris
867 795 1030 859 Ramirez
1048 794 1056 826 ⁴
1073 796 1123 858 ita
1137 796 1183 859 ad
1197 797 1351 860 seruien-

125 899 209 964 dum
223 899 302 964 Deo
317 903 449 982 optimo
464 913 499 965 et
514 903 668 968 maximo
683 903 848 967 incitatos
863 919 952 981 esse,
970 912 1007 966 ut
1028 903 1087 966 alii
1101 919 1166 966 sua
1188 904 1349 983 crimina,

125 1007 184 1070 diu
199 1008 417 1090 multumque
438 1008 553 1074 celata
568 1018 602 1074 et
622 1013 777 1090 occulta,
798 1008 963 1074 Patribus
982 1010 1112 1073 nostris
1136 1011 1348 1091 aperuerint;

126 1115 186 1180 alii
201 1116 297 1178 omni
317 1133 362 1180 ex
381 1127 482 1196 parte
502 1117 626 1181 vitium
648 1116 879 1195 detestantes,
899 1117 1023 1180 virtuti
1041 1135 1107 1198 pro
1126 1117 1221 1181 virili
1240 1118 1349 1182 indul·

123 1231 243 1301 geant;
259 1224 409 1304 denique
425 1241 547 1288 omnes
562 1224 611 1288 ita
627 1224 718 1287 bona
734 1242 842 1304 opera
857 1223 1029 1289 facientes
1044 1234 1287 1306 perseuerant,
1311 1234 1349 1290 ut

124 1345 166 1392 ex
181 1327 299 1410 impiis
314 1329 463 1394 ethnicis
477 1331 543 1395 sibi
559 1341 593 1394 et
609 1332 703 1395 amni
722 1332 852 1411 populo
869 1332 903 1394 in
919 1330 1031 1394 bonos
1046 1330 1259 1395 christianos
1281 1331 1348 1396 hoc

24 1469 26 1498 ÷
124 1443 282 1517 tempore
297 1438 456 1501 evasisse
476 1436 676 1501 videantur.

182 1542 365 1624 Quaedam
381 1545 505 1616 mulier
520 1546 707 1626 primaria,
725 1562 745 1607 a
761 1562 825 1608 suo
841 1546 919 1608 viro
934 1556 1118 1626 separata,
1135 1562 1229 1609 nunc
1244 1547 1348 1609 mari·

123 1663 170 1726 to,
186 1651 351 1716 Patribus
365 1652 498 1716 nostris
512 1653 547 1716 id
564 1654 786 1731 conantibus
803 1662 856 1716 est
876 1653 1049 1717 restituta.
1074 1651 1256 1732 Quaedam
1277 1653 1347 1717 soe·

123 1759 217 1822 mina
229 1760 409 1838 religiosa,
423 1760 546 1824 relicto
558 1760 739 1838 coenobio,
753 1777 883 1840 magna
901 1759 1044 1824 infamia
1058 1759 1169 1824 vitam
1183 1757 1345 1840 degebat3

127 1867 188 1930 sed
217 1867 364 1930 consilio
393 1876 596 1931 nostrorum
626 1868 660 1930 in
688 1867 943 1931 monasterium
967 1867 1081 1930 rediit.
1118 1866 1249 1930 Multae
1275 1883 1346 1931 mu·

124 1973 249 2048 lieres,
274 1983 347 2037 tam
376 1990 420 2038 ex
446 1974 500 2038 bis
528 1992 619 2055 quae
646 1975 710 2038 sub
735 1982 910 2054 potestate
936 1974 1004 2037 viri
1033 1982 1136 2052 sunt,
1167 1989 1273 2054 quam
1302 1993 1347 2039 ex

24 2091 26 2168 ξ
126 2080 179 2144 his
201 2097 292 2162 quae
315 2080 492 2161 coniugali
508 2081 649 2144 vinculo
665 2099 734 2144 non
750 2089 929 2160 tenentur,
945 2081 1120 2145 illecebris
1143 2081 1261 2145 carnis
1289 2081 1346 2146 de-

124 2187 238 2268 ditae,
268 2206 362 2252 nunc
391 2189 522 2253 auxilio
551 2189 671 2254 diuino
708 2198 742 2252 et
770 2189 901 2253 nostris
935 2188 1098 2253 Patribus
1133 2189 1347 2254 consiliariis

122 2294 253 2361 factum
274 2305 387 2361 estut
408 2296 456 2360 ita
477 2313 585 2377 parce
606 2305 640 2360 et
659 2297 804 2361 honeste
825 2297 959 2377 uiuant,
986 2307 1024 2360 ut
1049 2313 1183 2376 omneS,
1205 2297 1345 2362 illarum

24 2471 25 2488 χ
123 2405 282 2484 exemplo
297 2413 332 2467 et
351 2403 426 2467 vita
446 2403 601 2484 vndique
617 2404 887 2484 circumspecta,
903 2420 1072 2484 magnam
1088 2405 1123 2468 in
1143 2403 1346 2469 admiratio-

122 2528 201 2574 nem
217 2512 415 2592 rapiantur.
435 2511 587 2592 Quidam
601 2511 707 2575 homo
723 2512 815 2576 hanc
828 2512 950 2576 vrbem
963 2512 1149 2588 incolebat¹
1164 2512 1344 2593 quisemel

24 2607 25 2610 '
123 2626 258 2682 tantum
273 2619 547 2700 poenitentiario
562 2621 698 2683 scelera
713 2619 969 2700 declarauerat,
983 2629 1017 2684 et
1032 2621 1211 2700 inutiliter;
1228 2621 1341 2684 occul·

125 2733 262 2790 lauerat
276 2726 451 2807 siquidem
467 2726 604 2790 lacinus
619 2727 803 2806 indignum
819 2727 1032 2808 christiano,
1054 2727 1154 2791 cuius
1169 2727 1342 2792 detestan-

24 2863 25 2880 ÷
121 2831 205 2896 dum
229 2833 382 2897 officium
404 2833 483 2912 (seu
504 2834 622 2913 potius
641 2834 867 2913 maleficium)
889 2843 965 2898 erat
987 2834 1147 2898 homines
1166 2834 1340 2916 occidere3

121 2939 198 3004 aliis
212 2939 258 3003 ad
277 2941 461 3004 minimum
482 2942 630 3004 vulnera
653 2941 809 3021 ingentia
832 2941 1002 3022 infligere;
1026 2941 1125 3005 cuius
1145 2949 1243 3006 tanta
1264 2951 1342 3006 erat

122 3049 247 3111 mentis
269 3035 446 3112 dementia
468 3057 502 3112 et
523 3048 631 3112 animi
651 3048 817 3130 perditi0,
839 3057 877 3113 ut
897 3050 968 3113 alta
990 3049 1067 3114 loca
1087 3035 1341 3114 conscenderet

120 3171 249 3234 magno
263 3173 350 3219 suae
365 3155 461 3220 vitae
475 3155 645 3236 periculo,
662 3147 770 3221 modo
782 3165 903 3238 posset
918 3155 1046 3220 herbas
1067 3157 1244 3237 colligere,
1268 3156 1339 3236 qui·

121 3260 182 3324 bus
196 3279 279 3326 ense
295 3271 403 3327 uncto
418 3272 452 3326 et
467 3279 641 3344 resperso,
660 3279 793 3345 omneS,
807 3281 896 3346 quos
910 3263 1042 3342 feriret,
1055 3272 1287 3327 morerentur:
1306 3273 1340 3327 et

119 3367 209 3448 quod
225 3370 325 3451 peius
339 3379 404 3448 est,
421 3372 503 3451 quia
520 3369 658 3434 dicebat
673 3388 798 3451 parurn
820 3388 899 3434 esse
918 3372 1071 3452 aliquem
1091 3370 1275 3435 mortalem
1289 3371 1339 3434 in-

118 3475 285 3542 terficere:
310 3488 344 3542 et
364 3486 495 3559 quanto
517 3487 683 3542 versutus
705 3479 741 3542 in
760 3478 866 3542 rebus
888 3479 1002 3558 malis
1026 3487 1125 3544 tanto
1151 3478 1283 3542 inscius
1304 3465 1347 3542 etx

118 3581 261 3662 ignarus
281 3602 400 3649 rerum
419 3584 607 3664 bonarum,
629 3585 678 3648 ita
698 3593 795 3649 utne
814 3585 954 3666 quidem
975 3587 1170 3650 orationem
1192 3584 1338 3649 domini·

118 3707 197 3755 cam
211 3700 357 3756 teneret:
375 3692 560 3757 confessus
575 3692 717 3757 tandem
732 3701 785 3756 est
801 3693 837 3756 in
857 3704 979 3757 nostro
1000 3693 1157 3774 Collegio
1171 3700 1205 3755 et
1220 3692 1338 3773 poeni·

117 3799 259 3862 tentiam
274 3801 361 3880 agit.

173 3904 277 3970 Pater
296 3905 432 3972 Doctor
455 3907 618 3971 Ramirez
638 3907 854 3987 mulieribus¹
879 3908 914 3971 in
933 3907 1096 3988 lupanari
1116 3907 1266 3988 turpiter
1287 3907 1337 3971 vi·

117 4013 288 4090 uentibus,
312 4014 467 4095 quadam
489 4016 659 4078 concione
681 4015 870 4096 persuasit,
888 4022 936 4094 ut,
954 4033 999 4078 cx
1020 4014 1165 4094 triginta
1186 4023 1220 4078 et
1243 4024 1335 4094 octo,

116 4119 240 4199 viginti
255 4131 288 4185 et
304 4122 394 4186 duae
411 4120 456 4184 ad
470 4121 660 4185 Dominum
676 4130 954 4201 reuerterentur;
972 4119 1157 4202 exquibus
1173 4123 1263 4186 aliae
1286 4123 1336 4185 vi·

117 4225 163 4289 ris
178 4237 384 4308 nupserunt,
402 4228 492 4292 aliae
506 4229 712 4310 parentibus
727 4238 761 4292 et
776 4229 912 4293 maritis
926 4239 1008 4292 sunt
1027 4229 1220 4293 restitutae.

172 4323 249 4398 Non
262 4346 315 4399 est
332 4336 471 4400 silentio
485 4335 794 4417 praetereundum,
812 4335 904 4416 quod
920 4345 994 4398 tam
1009 4337 1233 4416 desperatum
1246 4348 1334 4418 erat,
1384 4345 1388 4358 “

116 4451 146 4504 et
162 4443 239 4504 sola
254 4443 320 4507 Dei
337 4444 588 4523 omnipotentis
603 4461 680 4524 ope,
697 4452 731 4506 et
746 4461 817 4506 non
832 4444 1032 4506 mortalium
1053 4443 1199 4506 consilio
1215 4451 1249 4507 et
1261 4444 1335 4509 dili·

120 4599 324 4612 -·——

153 4681 162 4717 ¹
191 4681 222 4730 Ρ.
233 4681 275 4730 Dr.
288 4685 400 4740 joannes
408 4687 535 4738 Rumlrez.
546 4687 613 4734 Vide
623 4685 731 4735 Polanci
744 4683 897 4740 chronicon,
906 4691 925 4732 t.
936 4699 962 4743 v,
971 4697 1031 4748 pap.
1041 4686 1088 4743 865,
1100 4692 1187 4734 annot.
1197 4687 1217 4737 5.
