3472 5528
146 1573 307 1650 josephus
319 1571 488 1636 Febritius

178 1671 267 1733 Patri
279 1671 408 1748 ignatio
421 1673 463 1733 de
475 1674 617 1750 Loyoia.

213 1770 363 1848 Neapoli,
377 1771 487 1848 2Maji
501 1771 571 1834 1556
583 1773 604 1834 ¹.

646 1981 760 2064 Jesus

155 2196 358 2262 Reverende
375 2199 411 2262 in
426 2195 490 2261 X.⁰
504 2197 621 2263 Pater.

153 2303 223 2370 Pax
236 2304 294 2370 Χ]

154 2411 247 2494 Quae
266 2421 418 2496 quatuor
438 2413 567 2478 abhinc
588 2413 767 2496 mensibus
789 2411 937 2496 Neapoli
957 2413 994 2478 in
1013 2413 1171 2496 Collegio
1196 2423 1318 2480 nostro

17 2603 18 2616 ἵ
102 2529 173 2584 sunt
185 2531 297 2602 gesta,
315 2522 365 2585 ita
384 2537 423 2585 se
438 2520 580 2585 habent.
601 2519 751 2584 Seruata
771 2529 835 2599 est,
855 2529 891 2584 et
911 2520 1028 2586 adhuc
1048 2531 1224 2604 seruatur,
1246 2541 1318 2587 non

102 2627 168 2692 sine
185 2629 341 2694 maximo
362 2629 496 2707 fructu,
516 2628 733 2693 consuetudo
753 2627 927 2710 superiori
948 2647 1041 2694 anno
1064 2630 1226 2695 instituta
1249 2638 1318 2695 tra·

17 2749 18 2786 t
101 2733 194 2800 dendi
207 2737 332 2801 diebus
345 2735 446 2800 iestis
460 2735 642 2800 doctrinae
655 2734 806 2801 Xianae.
820 2745 1010 2820 praecepta
1023 2739 1163 2820 populo,
1176 2737 1319 2819 quinon

103 2841 292 2926 infrequens
306 2843 457 2924 accedit3
473 2850 508 2907 et
523 2843 627 2908 simul
642 2860 696 2922 ea,
714 2843 757 2907 de
772 2860 841 2925 qua
862 2846 933 2908 iam
949 2845 1120 2926 scriptum
1139 2858 1203 2925 est,
1224 2862 1317 2910 com·

105 2949 346 3016 nunicantium
359 2951 512 3016 societas
526 2951 656 3014 uirtute
671 2967 714 3014 ac
730 2967 876 3015 numero
892 2950 927 3014 in
940 2951 1016 3016 dies
1027 2952 1143 3032 magis
1154 2961 1318 3032 augetur,

106 3073 175 3124 cum
197 3059 339 3124 interim
364 3058 555 3122 conciones
573 3057 673 3122 festis
698 3067 731 3121 et
752 3057 923 3122 lectiones
945 3058 1110 3138 profestis
1135 3059 1258 3124 diebus
1283 3060 1320 3124 in

106 3167 222 3248 templo
236 3175 361 3232 nostro
375 3165 519 3231 minime
534 3165 821 3245 intermittantur,
838 3182 1052 3247 quamquam
1071 3167 1161 3230 et‘in
1180 3167 1320 3250 quibus·

107 3270 177 3337 dam
202 3273 382 3354 uirginum
414 3289 600 3336 sacrarum
633 3272 772 3351 templis
804 3271 966 3352 proximo
999 3273 1320 3355 quadragesimalis

108 3377 212 3444 ieiunii
225 3391 385 3462 tempore
400 3379 592 3444 conciones
606 3397 628 3443 a
642 3379 775 3443 nostris
790 3377 933 3443 habitae
948 3387 1040 3443 sunt.

158 3485 342 3553 Praeterea
358 3487 408 3566 (ut
424 3487 460 3550 in
482 3485 688 3550 uniuersum
706 3486 834 3565 dicam)
857 3495 892 3550 et
913 3485 1152 3552 confitentium
1175 3497 1209 3552 ct
1229 3504 1321 3552 com·

108 3594 349 3660 municantium
373 3594 468 3676 apud
493 3611 559 3658 nos
580 3593 766 3658 multitudo
792 3610 923 3674 magna
945 3604 1010 3674 est,
1038 3613 1129 3676 quae
1151 3607 1185 3659 et
1209 3596 1322 3659 maior

109 3701 249 3780 quotidie
263 3701 313 3782 fit,
326 3711 361 3766 et
370 3701 526 3766 maxima
540 3701 604 3766 suit
616 3701 789 3782 superiori
801 3702 1087 3783 quadragesima:
1100 3719 1169 3783 quo
1181 3702 1322 3783 quidem

109 3815 251 3891 tempore
275 3813 501 3892 praeclarum
516 3809 684 3890 quiddam
709 3810 870 3890 contigit,
893 3810 987 3891 quod
1008 3810 1147 3874 silentio
1169 3817 1322 3890 praeter·

109 3916 248 3982 eundum
258 3917 347 3983 mihi
360 3933 585 3998 nequaquam
600 3916 751 3981 uidetur.
769 3915 860 3980 Nam
880 3916 1048 3981 meretrix
1067 3917 1242 3998 quaedam
1264 3921 1326 3986 uni

110 4039 148 4084 ex
160 4025 285 4090 nostris
300 4024 464 4089 confessa
479 4032 544 4105 est;
560 4031 595 4087 et
618 4040 699 4088 cum
724 4024 942 4106 poenitentia
964 4025 1070 4089 ducta
1092 4025 1188 4088 vitae
1208 4041 1326 4089 mores

110 4142 242 4212 mutare,
259 4141 367 4214 atque
381 4132 471 4196 adeo
487 4131 523 4196 in
537 4130 773 4212 xenodochio,
799 4132 894 4212 quod
915 4133 1112 4213 appellatur
1132 4132 1189 4196 hic
1210 4132 1324 4213 hospi·

110 4237 170 4302 tale
185 4240 446 4316 incurabilium,
470 4239 665 4304 ministeria
689 4239 722 4302 ei
741 4241 819 4303 loco
842 4241 1046 4305 necessaria
1065 4240 1227 4305 obeundo
1249 4241 1327 4304 reli·

111 4361 206 4426 quum
220 4357 358 4430 tempus
381 4363 592 4411 consumere
613 4347 813 4426 statuisset,
834 4345 924 4410 sorte
944 4347 1107 4411 inuentus
1128 4347 1268 4429 estqui,
1292 4347 1327 4411 in

148 4593 155 4622 ¹
180 4590 243 4638 Bina
253 4599 314 4638 suut
324 4591 418 4637 herm
428 4592 577 4637 litterarum
587 4590 716 4646 exemplu,
726 4595 864 4646 utrumqne
874 4590 970 4636 infolio
986 4592 1068 4647 unico,
1078 4592 1161 4647 prino
1176 4603 1201 4638 n.
1213 4593 1231 4646 1,
1247 4594 1332 4639 altero

112 4669 134 4702 n.
142 4659 159 4704 2.
171 4662 271 4709 Nullum
281 4673 369 4710 entem
377 4665 474 4708 hebent
484 4661 604 4708 iodicium
615 4662 681 4707 unde
696 4663 835 4706 decernere
850 4663 977 4719 possimus
992 4674 1026 4708 en
1036 4665 1088 4708 sint
1098 4665 1287 4720 autographae,
1297 4675 1331 4710 en

112 4741 170 4776 vero
179 4735 354 4790 epompiue,
363 4733 521 4789 praesertin
531 4743 594 4778 vero
604 4741 663 4778 cum
672 4732 770 4777 notium
780 4731 882 4786 uspiam
897 4732 982 4778 adhuc
992 4733 1068 4788 huius
1078 4731 1191 4780 Febritii
1205 4735 1331 4790 scriptum

112 4799 243 4850 viderimus
253 4811 325 4850 certo
336 4805 536 4862 autographum.
