3472 5528
397 530 451 591 236
781 533 955 594 erraaas
974 549 1245 603 onnonrxesrnns

456 676 557 741 Nunc
572 679 693 742 audiat
707 679 908 744 Paternitns
923 680 998 744 Tun
1015 681 1109 760 quod
1124 681 1160 744 in
1176 678 1328 744 Domino
1342 681 1444 743 ualde
1456 697 1521 742 nos
1533 681 1624 742 oble·
1729 683 1730 710 ³

396 796 493 849 ctare
519 787 632 850 debet:
659 787 832 880 hactenus
859 786 985 851 aRJ⁰⁰
1007 787 1183 868 Episcopo
1205 786 1416 852 cordubensi
1442 786 1547 867 (quod
1574 786 1625 850 sic
1729 819 1730 858 r

395 892 486 956 sorte
501 894 667 973 expedire
682 895 835 976 putaret)
851 912 920 958 non
939 905 1142 974 poteramus
1161 895 1351 974 impetrare
1371 901 1409 956 ut
1428 910 1512 966 cum
1530 893 1622 956 bona
1729 885 1730 910 ¹

395 1016 460 1062 sua
476 1000 593 1078 gratia
610 1001 888 1064 sacratissimum
906 1000 1038 1064 Christi
1053 1018 1184 1082 corpus
1195 1001 1231 1064 in
1243 1000 1373 1063 sacello
1385 1009 1509 1063 nostro
1521 1017 1622 1079 repo·
1729 1063 1730 1076 ,

395 1117 550 1170 neretur.
568 1107 786 1171 Intellectum
810 1118 863 1171 est
884 1124 1024 1188 semper
1049 1109 1229 1189 (quoniam
1254 1106 1288 1170 id
1313 1107 1435 1171 sedulo
1458 1106 1625 1186 precibus
1729 1163 1730 1172 ,

396 1213 484 1276 adeo
512 1214 824 1292 contendebamus)
849 1225 1065 1278 mutaturum
1085 1215 1296 1308 sententiam
1315 1214 1541 1294 futurumque
1563 1213 1622 1275 ali·
1729 1191 1730 1260 3

395 1321 537 1401 quando
553 1323 782 1386 exorabilem.
796 1321 873 1386 Non
889 1339 1011 1385 sumus
1026 1333 1146 1385 nostra
1160 1339 1221 1402 spe
1237 1322 1272 1385 in
1288 1321 1429 1385 Christo
1443 1320 1622 1396 frustrati;
1729 1385 1730 1394 ,

395 1446 436 1491 ea
453 1429 546 1491 enim
573 1439 625 1492 est
654 1430 724 1492 iam
754 1447 833 1493 cum
862 1427 1038 1493 Societate
1068 1430 1224 1494 amicitia
1248 1429 1468 1506 coniunctus,
1499 1437 1624 1491 utnon
1729 1417 1730 1498 J

395 1537 509 1599 solum
535 1553 642 1614 quam
672 1536 879 1615 petebamus
903 1535 1108 1599 facultatem
1133 1536 1362 1600 libentissime
1392 1535 1623 1610 concesserit,
1729 1535 1730 1556 ¹

396 1661 520 1707 verum
535 1653 569 1706 et
584 1661 621 1706 se
637 1661 807 1723 suamque
822 1631 968 1723 operam
990 1645 1081 1706 vltro
1096 1656 1202 1724 atque
1222 1652 1348 1723 sponte
1370 1643 1544 1706 obtulerit.
1563 1641 1624 1706 Se·
1729 1665 1730 1720 1

392 1751 545 1814 cundum
563 1749 688 1827 Deum,
706 1751 817 1814 ualuit
832 1752 979 1814 multum
995 1751 1088 1831 apud
1103 1769 1184 1814 eum
1199 1750 1398 1815 authoritas
1411 1749 1624 1814 nobilissimi

393 1858 504 1920 nostri
519 1857 697 1939 Joannisa
710 1857 886 1936 Corduba,
900 1857 1023 1938 dequo
1038 1857 1121 1939 quid
1137 1857 1289 1921 referam
1302 1856 1510 1921 Paternitati
1525 1859 1624 1921 tuae?
1729 1921 1730 1958 i

393 1964 467 2028 Vix
490 1983 574 2044 prae
599 1964 730 2044 gaudio
751 1973 865 2044 potest
887 1965 1097 2044 consistere,
1119 1966 1293 2045 uelletque
1319 1965 1502 2028 nobiscum
1523 1973 1622 2028 totos
1729 2015 1730 2036 ,

393 2072 469 2135 dies
481 2089 523 2135 ac
540 2081 662 2135 noctes
677 2087 861 2152 peragere,
878 2072 913 2135 in
929 2071 1033 2154 idque
1050 2081 1144 2135 totus
1162 2071 1290 2150 studet,
1307 2079 1346 2134 vt
1366 2080 1537 2151 perpetuo
1559 2068 1624 2134 So·

394 2178 612 2260 cietatiJesu
628 2178 798 2241 inseruire
825 2181 953 2242 ualeat.
979 2179 1143 2242 Aeternis
1168 2179 1371 2242 muneribus
1397 2177 1526 2241 afficiat
1543 2195 1624 2241 eum

397 2285 571 2348 Dominus
586 2302 650 2366 pro
666 2286 774 2372 tanu's
789 2286 824 2348 in
840 2302 905 2348 nos
922 2287 1061 2366 pictatis
1078 2285 1210 2350 officiis

451 2392 641 2456 Exciderat
663 2391 755 2472 quod
779 2409 847 2456 non
873 2403 926 2455 est
951 2393 1091 2456 silentio
1118 2394 1425 2474 praetereundum.
1454 2392 1640 2456 Proxime.

394 2500 516 2579 elapso
546 2498 828 2562 Resurrectionis
855 2501 1026 2580 paschate
1052 2501 1146 2562 dono
1172 2500 1389 2579 amplissimo
1416 2517 1480 2564 nos
1506 2498 1625 2562 affecit

394 2605 484 2670 RQ
506 2607 720 2686 Episcopus,
741 2616 778 2669 vt
799 2609 856 2669 uel
878 2624 1023 2670 munere
1049 2609 1205 2670 animum
1231 2623 1318 2687 erga
1341 2625 1406 2669 nos
1433 2615 1625 2669 testaretur
1729 2655 1730 2664 ,

392 2731 507 2777 suum.
538 2712 615 2776 Sint
635 2712 816 2778 Seruator'i
840 2725 962 2777 nostro
982 2715 1120 2794 gratiae
1142 2715 1376 2792 immortales,
1401 2715 1460 2795 qni
1481 2722 1533 2778 tot
1551 2731 1625 2777 mo·
1729 2785 1730 2800 χ

391 2821 446 2885 dis
460 2838 525 2884 nos
540 2820 606 2884 sibi
627 2821 812 2884 deuinctos
837 2821 984 2884 reddere
1005 2822 1111 2900 cupit,
1142 2829 1180 2883 vt
1202 2822 1233 2884 ei
1256 2821 1318 2884 uni
1342 2837 1409 2884 nos
1428 2829 1624 2902 nostraque

392 2927 506 2990 studia
534 2927 738 3005 credamuS,
766 2930 825 3008 qui
849 2930 945 2990 solus
971 2929 1136 3007 dirigere,
1165 2928 1323 2992 stabilire
1346 2936 1380 2991 et
1406 2945 1625 2992 conseruare

399 3042 525 3113 potest.
923 3071 928 3079 ·
1729 3023 1730 3060 l

460 3139 659 3218 Cordubae,
675 3141 787 3222 pridie
801 3141 952 3205 Kalend.
969 3142 1083 3206 Maias
1097 3160 1193 3206 anno
1210 3143 1297 3206 1556.

454 3248 508 3312 Ex
525 3249 775 3312 commissione
790 3249 829 3312 Ρ.
847 3250 985 3312 Zarate.

515 3355 786 3436 Indignlssimus
801 3357 893 3420 filius
907 3357 945 3421 Ρ.
963 3369 1044 3421 tuae
1061 3359 1096 3422 in
1111 3358 1275 3436 Domin0,

1275 3575 1296 3646 †
1317 3572 1501 3636 Acausno.

457 3999 723 4081 Superscriptio
748 4001 787 4062 in
812 4005 943 4079 quarta
967 4000 1124 4079 pagina:
1151 3923 1237 4064 1138.
1265 3967 1466 4064 Admodum
1485 4000 1566 4066 R.⁶¹⁰
1587 4002 1624 4066 in

395 4107 537 4172 Christo
553 4107 660 4184 Patri,
677 4107 715 4171 P.
729 4107 819 4170 ΜΛΝ
835 4105 878 4169 D.
895 4105 1031 4186 Ignatio
1045 4125 1065 4170 a
1077 4107 1224 4187 Loyola,
1241 4106 1449 4188 Praeposito
1460 4109 1625 4188 generali
1729 4129 1730 4172 l

397 4213 587 4280 Societatis
601 4215 696 4297 lesu,
713 4213 858 4277 Romae.
1729 4215 1730 4224 ’

454 4321 540 4384 Alia
556 4339 680 4384 manu:
697 4321 784 4385 1556.
799 4321 972 4385 Corduba.
991 4322 1275 4402 Quadrimestres
1290 4322 1331 4386 30
1345 4324 1477 4403 aprilis.
1494 4327 1516 4398 †

463 4427 662 4508 Vestigium
678 4445 777 4520 cerae
791 4427 921 4507 sigilii.
