3368 5528
752 523 926 584 errmn
943 537 1217 593 uunoumusms

922 1203 1043 1290 DLV

419 1549 547 1612 Caesar
560 1547 700 1610 Heimus
813 1633 817 1640 ι

455 1648 547 1708 Patri
561 1647 688 1721 Jacobo
701 1647 849 1723 Laynen
866 1643 1011 1708 vicario.

492 1745 656 1817 Venetus,
668 1745 706 1806 24
717 1745 872 1808 Octobris
886 1745 956 1808 1556
968 1747 990 1805 ¹.

945 1981 1018 2100 nis

425 2279 503 2347 Pax
521 2279 601 2362 xpi.
618 2291 685 2344 etc.

427 2389 535 2453 Multo
553 2387 629 2452 Ru
650 2387 765 2451 Padre
782 2389 816 2451 in
833 2387 925 2469 Xpo.

425 2497 656 2562 Breuemente
670 2495 748 2560 diro
763 2513 784 2558 a
801 2493 844 2558 V.
861 2493 902 2558 R.
919 2497 951 2558 le
968 2509 1050 2558 cose
1069 2495 1135 2558 che
1157 2494 1201 2558 dn
1222 2490 1368 2574 Maggio
1388 2495 1424 2558 in
1442 2510 1507 2575 qua
1524 2506 1580 2571 per
1671 2555 1672 2568 ¹

365 2607 435 2684 noi,
453 2603 697 2684 indegnissimi
712 2601 857 2683 figliuoli
872 2602 907 2666 di
921 2600 966 2666 V.
981 2601 1036 2680 R„
1050 2603 1073 2665 il
1084 2601 1215 2682 Signor
1226 2599 1273 2664 ha
1284 2613 1432 2680 operato
1444 2619 1465 2664 a
1478 2599 1579 2663 vtiliru
1671 2593 1672 2604 ’

369 2723 404 2778 et
418 2714 530 2776 salute
546 2711 625 2775 dell'
643 2711 769 2774 anime.

423 2818 660 2883 Primamente
676 2818 772 2880 circa
787 2819 819 2880 le
835 2815 1064 2892 confessioni,
1078 2817 1217 2897 igiorni
1229 2815 1265 2880 di
1275 2814 1365 2880 festa
1377 2827 1412 2880 et
1424 2816 1457 2880 di
1468 2817 1579 2878 lauoro

365 2929 388 2990 11
403 2925 516 2990 Padre
532 2925 578 2989 M.
595 2923 742 2988 Alberto
757 2923 768 2954 ¹
783 2935 818 2988 et
833 2924 867 2988 io
889 2924 1001 2988 sinino
1023 2924 1108 2986 stati
1129 2923 1292 3004 occupati
1315 2932 1428 3002 tanto,
1448 2923 1511 2986 che
1527 2935 1579 2999 ap·

363 3053 453 3116 pena
476 3034 546 3096 mai
568 3035 679 3095 siamo
699 3032 813 3112 poturi
831 3032 965 3094 andare
984 3032 1041 3093 uil’
1063 3030 1149 3094 hora
1172 3031 1354 3095 ordinaria
1375 3047 1396 3094 a
1416 3028 1581 3112 pigliarln
1672 3015 1673 3050 r

363 3141 466 3204 solita
482 3135 875 3218 necessita¹corporale
898 3135 1061 3202 Hauemo
1081 3137 1245 3200 ascoltati
1263 3137 1360 3200 assai
1381 3133 1583 3202 confessioni

361 3249 492 3326 longhe
507 3257 542 3308 et
555 3246 725 3325 generali¹
741 3253 776 3308 et
791 3263 861 3308 non
877 3263 985 3308 senza
1001 3245 1139 3324 grande
1154 3244 1347 3324 gundagno
1362 3245 1442 3309 deli’
1464 3243 1582 3308 anime:

364 3353 485 3436 percio
503 3352 568 3416 che
588 3363 687 3415 tanto
708 3351 822 3432 questi
844 3351 911 3415 che
934 3352 1054 3415 hanno
1077 3349 1311 3414 consessatosi
1331 3352 1586 3428 generalmente

364 3461 617 3538 vltimamente,
634 3476 734 3522 come
755 3458 912 3522 anchora
927 3459 1033 3539 quelli
1049 3458 1126 3535 che,
1150 3457 1208 3522 dal
1230 3458 1403 3538 principio
1425 3459 1514 3522 della
1533 3473 1586 3517 ve·

364 3579 449 3632 nuta
465 3567 556 3630 della
578 3576 698 3630 nostra
721 3563 941 3646 compagnia
963 3583 984 3627 a
1007 3573 1130 3646 questa
1156 3563 1254 3628 Ill.ma
1274 3563 1380 3638 Cittu,
1404 3565 1587 3629 attendono

363 3675 432 3738 alla
448 3673 667 3738 consessione
682 3682 716 3736 et
732 3671 977 3736 communione
993 3673 1076 3752 ogni
1091 3673 1293 3748 settimana,
1311 3674 1345 3736 ei
1361 3673 1479 3736 danno
1494 3685 1587 3736 tantu

362 3798 534 3862 speranza
550 3781 615 3843 che
630 3779 784 3843 habbino
804 3797 825 3841 a
846 3781 1066 3859 perseuerar’
1084 3779 1139 3843 nel
1158 3781 1277 3843 buono
1298 3780 1422 3860 spirito
1443 3790 1477 3844 et
1495 3781 1586 3860 oper'

363 3897 464 3950 sante
479 3885 569 3948 delia
589 3884 760 3964 giustitiu,
787 3898 821 3947 et
847 3903 935 3948 sono
951 3886 1030 3948 tutti
1056 3897 1154 3948 tanto
1180 3887 1315 3964 humili,
1336 3887 1466 3964 deuoti,
1489 3896 1521 3950 et
1542 3887 1588 3948 in·

362 3993 531 4060 feruorati
547 3993 589 4056 de
605 3993 752 4070 charita,
770 3991 836 4054 che
851 3993 951 4070 (oltre
966 3993 1031 4054 che
1046 3994 1101 4056 col
1116 4009 1179 4055 suo
1192 3993 1368 4074 essempio
1380 3994 1461 4058 tutti
1473 3991 1590 4084 quanti

362 4101 479 4182 quelli,
501 4101 567 4163 che
588 4101 657 4162 alla
681 4117 766 4162 vera
787 4109 822 4161 et
843 4099 1024 4162 salutifera
1048 4099 1246 4179 penitenza‚
1270 4111 1304 4164 et
1329 4119 1349 4163 a
1373 4098 1590 4165 essercitarsi

362 4210 454 4272 nelln
470 4207 652 4288 frequente
667 4205 890 4270 consessione
905 4217 940 4268 et
955 4207 1214 4286 communione,
1231 4207 1390 4271 inuitano
1410 4219 1444 4272 et
1462 4205 1589 4288 gunda·

362 4331 482 4397 gnano
498 4315 534 4378 in
549 4311 668 4377 efferto
688 4311 829 4394 expo„
851 4311 1029 4376 ancorche
1054 4317 1115 4395 qui
1139 4313 1293 4378 fossemo
1313 4314 1411 4378 diece
1433 4313 1588 4380 sacerdo·

362 4425 400 4506 ti,
417 4440 488 4487 non
504 4421 727 4505 pottressimo
743 4420 925 4486 ascoltarli
940 4420 976 4484 in
991 4421 1224 4501 consessione,
1241 4425 1287 4484 ne
1299 4421 1482 4504 instruirli,
1495 4436 1587 4486 corne

373 4599 570 4616 w

404 4703 412 4736 ⁸
443 4701 634 4755 Autograpnae
647 4701 720 4751 unico
733 4701 801 4754 solio.
812 4711 836 4745 n.
847 4700 881 4745 79.

403 4773 415 4808 ¹
442 4771 471 4822 Ρ.
482 4773 607 4817 Arbernus
619 4772 800 4817 Ferrnrrensrs.
812 4771 878 4816 Vide
888 4784 975 4829 supra.
985 4781 1004 4818 t.
1015 4783 1052 4828 ur,
1063 4785 1122 4830 pua.
1134 4773 1167 4818 17.
