3472 5528
617 518 681 598 du.
704 517 773 597 isis
1256 518 1309 598 ira

93 691 182 764 gesta
195 693 294 763 sunt,
317 702 399 749 cum
412 703 479 749 nos
494 684 662 766 Princeps
682 682 881 749 cardinalis
897 681 905 714 ¹
921 691 974 747 ter
994 693 1165 764 quaterve
1180 684 1306 750 invise-

91 803 151 856 ret:
170 803 294 872 postea
311 802 430 857 autem
453 793 499 857 ad
513 810 579 856 nos
600 809 707 872 saepe
723 793 819 855 venit
840 799 874 856 et
894 789 1041 872 pedibus
1060 790 1134 856 iere
1156 810 1307 874 semper,

93 908 186 981 atque
200 899 307 964 etiam
323 900 427 964 bisin
442 901 513 965 die:
531 917 600 982 qua
615 900 650 964 iu
667 918 704 963 re
720 899 822 964 iaciie
837 898 989 963 ostendit
1004 917 1073 980 quo
1088 901 1206 964 animo
1223 919 1309 982 erga

92 1025 147 1072 nos
157 1017 251 1072 esset
264 1007 423 1088 allectus
436 1018 471 1072 et
485 1018 702 1089 quantopere
717 1007 784 1072 hoc
800 1006 948 1087 collegio
963 1007 1210 1090 delectaretur3
1225 1028 1309 1075 non·

23 1127 24 1210 ᾗ
94 1133 261 1196 nunquam
282 1134 369 1180 vero
388 1116 593 1180 uniuersam
613 1115 756 1179 domum
778 1115 890 1179 oculis
911 1115 1101 1194 lustrabat,
1122 1125 1157 1179 et
1177 1117 1207 1180 si
1226 1117 1309 1198 quid

92 1223 172 1286 sorte
185 1223 303 1288 minus
318 1223 502 1288 commode
524 1222 794 1287 exaedificatum
809 1222 968 1302 videbat,
984 1232 1024 1286 vt
1038 1220 1167 1302 januas
1182 1233 1217 1288 et
1232 1243 1309 1290 cae·

94 1337 157 1394 tera
171 1331 315 1411 generis
334 1329 502 1410 eiusdem,
526 1331 561 1395 id
580 1331 701 1394 statim
716 1329 977 1395 demoliendum
998 1339 1032 1393 et
1053 1331 1310 1397 aedificandum

94 1437 209 1502 iterum
237 1438 403 1503 curabat:
433 1438 576 1503 hortum
603 1454 743 1519 quoque
771 1437 961 1518 inuisebat,
991 1455 1141 1520 cumque
1170 1440 1308 1521 olitore,

93 1562 185 1624 quem
200 1553 298 1610 certa
312 1545 476 1610 mercede
491 1545 536 1610 ad
551 1545 691 1610 hortum
711 1545 944 1609 excolendum
965 1545 1195 1626 conduxerat,
1211 1547 1309 1611 iami-

23 1739 24 1742 ,
92 1653 217 1717 liariter
234 1653 425 1718 admodum
450 1651 669 1734 loquebatur.
698 1650 807 1734 Atqui
831 1661 870 1717 ut
892 1671 955 1716 eae
975 1652 1114 1717 fistulae
1135 1656 1309 1737 quampri-

23 1743 24 1792 ἦ
93 1777 178 1826 mum
200 1769 502 1840 construerentur,
524 1761 650 1841 quibus
670 1777 762 1842 aqua
783 1761 817 1824 iu
838 1759 992 1824 medium
1007 1760 1213 1843 peristylum
1228 1763 1309 1827 edu·

92 1868 195 1932 cenda
220 1876 286 1949 est,
313 1868 514 1950 imperauit;
540 1868 634 1949 quod
659 1867 727 1931 hoc
749 1876 907 1948 tempore
928 1867 1116 1947 diligenter
1135 1867 1184 1933 iit.
1206 1869 1310 1934 iussit

23 1971 24 1988 ¹
92 1975 190 2040 etiam
211 1985 250 2040 vt
263 1976 376 2040 antlia
395 1975 700 2055 exaedificaretur,
723 1992 812 2056 quae
833 1975 869 2038 in
891 1985 996 2055 puteo
1015 1973 1311 2042 horti'aediiicari

93 2091 210 2165 coepta
225 2092 314 2148 erat:
329 2083 423 2147 idem
434 2100 541 2164 saepe
552 2082 729 2162 veniebat,
746 2090 784 2145 ut
795 2099 864 2163 quo
879 2089 984 2162 pacto
995 2082 1144 2146 artificio
1156 2084 1309 2164 quodam

92 2205 175 2269 aqua
190 2209 235 2254 ex
249 2200 356 2271 puteo
371 2191 584 2270 hauriretur,
601 2197 789 2271 spectaret.

144 2297 195 2362 Eo
210 2307 328 2362 autern
343 2305 504 2378 tempore
520 2297 617 2361 venit
631 2296 668 2360 P.
685 2297 890 2362 Ludouicus
909 2297 1100 2376 Gonzaius,
1117 2306 1156 2361 vt
1178 2315 1235 2362 res
1250 2315 1309 2362 no·

93 2413 178 2470 stras
192 2404 409 2470 domesticas
431 2414 526 2470 recte
548 2405 762 2487 disponeret,
786 2406 950 2486 omnique
972 2407 1108 2470 ratione
1131 2406 1196 2485 his,
1218 2425 1309 2488 quae

95 2511 220 2578 Romae
240 2513 339 2593 liunt,
367 2512 499 2577 similes
521 2512 701 2577 redderet:
725 2513 755 2576 is
776 2512 884 2592 igitur
905 2513 1091 2594 aliquoties
1112 2513 1157 2578 ad
1177 2513 1307 2579 Princi·
1411 2585 1414 2592 ,

94 2637 166 2698 pem
181 2609 409 2686 Cardinalem
422 2620 498 2700 iuit,
515 2636 664 2701 cumque
676 2637 718 2683 eo
729 2628 783 2684 est
798 2620 1005 2699 collocutus;
1018 2629 1053 2684 et
1065 2638 1144 2685 cum
1156 2620 1248 2685 idem
1259 2621 1307 2686 ia·

94 2737 180 2792 reret
194 2728 309 2809 pridie
324 2745 431 2808 quam
445 2725 615 2808 Princeps
635 2727 834 2791 Cardinaiis
854 2727 1091 2808 Olissiponem
1111 2727 1307 2809 proficisce-

92 2845 191 2914 retur,
217 2835 249 2898 ei
273 2833 474 2900 Cardinalis
499 2834 588 2898 dixit
613 2851 650 2898 se
676 2851 719 2898 eo
743 2835 821 2915 ipso
846 2834 903 2898 die
924 2836 1065 2916 vesperi
1083 2834 1129 2897 ad
1149 2853 1215 2899 nos
1229 2853 1308 2900 esse

95 2953 272 3006 venturum
286 2951 326 3006 vt
340 2950 609 3006 sacrosanctum
624 2940 706 3022 Xpi.
723 2959 864 3022 corpus
881 2940 974 3023 quod
989 2942 1025 3005 in
1040 2944 1170 3022 templo
1186 2952 1308 3008 nostro

92 3045 265 3125 habemus,
281 3057 389 3113 antea
410 3050 591 3129 salutaret,
614 3065 720 3129 quam
742 3048 862 3112 Evora
884 3047 1092 3112 discederet.
1115 3047 1223 3114 Venit
1245 3051 1308 3131 igi·

94 3161 153 3235 tur,
171 3167 208 3221 vt
224 3157 468 3237 constituerat,
484 3166 520 3222 et
535 3156 708 3238 imprimis
722 3155 890 3236 templum
909 3157 1034 3237 petiuit
1054 3166 1100 3238 et,
1117 3156 1210 3239 Xpo.
1226 3158 1307 3240 Opt.

93 3259 178 3328 Max.
195 3265 361 3344 salutato,
385 3264 619 3345 precibusque
641 3265 697 3346 pie
722 3273 756 3328 et
776 3263 942 3344 religiose
965 3265 1142 3345 adhibitis,
1163 3265 1309 3330 indeed

93 3367 228 3436 ianuam
246 3371 437 3452 quamdam
459 3372 510 3436 ire
531 3371 657 3452 coepit,
682 3388 772 3452 quae
795 3371 830 3434 in
851 3370 1030 3436 hortulum
1052 3380 1200 3453 spectat.
1224 3373 1310 3437 Erat

95 3487 204 3542 autem
220 3479 255 3542 in
270 3479 374 3542 horto
390 3479 427 3542 P.
445 3477 649 3542 Ludouicus
664 3494 745 3541 cum
761 3478 924 3542 omnibus
939 3478 1012 3544 lere
1033 3478 1213 3560 iratribuS,
1238 3480 1308 3561 qui,

95 3583 311 3667 simulatque
327 3585 526 3667 Principem
542 3585 768 3649 Cardinaiem
783 3586 958 3666 viderunt,
973 3586 1144 3650 aduersus
1159 3588 1251 3651 hunc
1263 3588 1310 3650 lo·

95 3707 177 3771 cunr,
194 3693 254 3756 ubi
268 3694 343 3774 ipse
359 3702 448 3770 erat,
466 3692 517 3756 ire
532 3701 736 3772 coeperunt.
752 3691 800 3757 At
814 3711 902 3757 vero
915 3692 1083 3775 Princeps
1099 3694 1309 3774 cardinalis,

95 3798 145 3861 ubi
168 3801 248 3864 illos
268 3801 313 3870 ad
334 3818 373 3864 se
395 3800 578 3864 venientes
600 3801 796 3882 conspexit,
821 3800 926 3864 Patre
952 3801 1104 3866 Rectore
1123 3803 1135 3834 '
1156 3808 1190 3864 et
1211 3801 1310 3866 Mini-

94 3913 160 3970 stro
175 3905 198 3986 ³,
216 3909 274 3987 qui
289 3925 361 3970 vna
375 3923 455 3970 cum
471 3924 513 3970 eo
534 3917 645 3986 erant,
668 3907 903 3987 audientibus,
927 3907 1069 3972 Patrem
1087 3908 1309 3973 Ludovicum

95 4009 283 4094 fratresque
309 4014 467 4078 intuens:
499 4013 552 4077 “O
581 4015 769 4096 optimum,
800 4015 931 4096 inquit,
962 4017 1132 4097 optimum
1161 4034 1311 4081 conuen-

95 4119 346 4201 tumt,1taque
369 4121 420 4184 eis
443 4121 585 4185 obuiam
605 4123 779 4202 processit
800 4139 910 4202 usque
931 4124 975 4186 ad
998 4125 1218 4205 peristylum,
1242 4140 1311 4205 quo

94 4220 216 4290 iratres
230 4229 434 4309 peruenturi
446 4237 562 4308 erant,
580 4228 727 4309 illosque
743 4230 866 4293 codem
882 4231 918 4292 in
933 4231 1011 4294 loco
1038 4231 1211 4311 singulari
1228 4247 1312 4313 qua·

93 4329 167 4396 dam
182 4335 350 4400 comitate
365 4336 517 4417 excepit,
534 4345 651 4416 atque,
669 4337 793 4400 leniter
814 4336 987 4417 arridens
1012 4337 1110 4403 Patri
1131 4338 1311 4404 Ludouico

96 4487 297 4506 Ἣ

129 4573 137 4606 t
167 4575 300 4624 iienricus.

127 4645 138 4676 ¹
167 4648 197 4690 P.
208 4648 328 4694 Cornelio
339 4649 442 4695 Comes.
454 4649 519 4694 Vide
531 4661 618 4706 supra,
628 4661 688 4706 pag.
698 4652 745 4702 ibi,
756 4658 843 4696 annot.
855 4654 873 4698 i.

126 4716 138 4748 ⁸
168 4719 211 4764 Fr.
225 4719 356 4766 Lloneilus
367 4721 397 4765 de
409 4721 493 4766 Liuia.
505 4721 572 4766 Vide
584 4723 651 4768 inira
661 4724 764 4768 litteras
774 4725 880 4768 Antonii
890 4724 1020 4770 Truncoso
1031 4727 1064 4770 l.·
1074 4725 1233 4781 Septembris
1242 4727 1318 4783 huius

96 4793 149 4835 tnui
159 4791 245 4836 ristun.

194 4877 239 4938 T.
253 4896 291 4938 tv.
570 4893 581 4914 ·
1136 4889 1167 4944 18
