3382 5528
392 511 446 568 416
778 509 949 568 errrtttrts
968 523 1239 576 Quantuursrass

394 675 504 734 mens,
528 656 680 719 utnulla
701 657 736 718 ui
759 671 779 716 a
799 654 901 717 nobis
920 652 1106 717 uideantur
1127 671 1231 735 posse
1250 653 1366 733 auelli,
1390 671 1478 735 quos
1496 655 1600 717 diuina

393 763 649 843 ineffabilisque
670 761 802 825 Christi
826 761 943 840 gratia
967 778 1011 825 ac
1033 761 1190 824 charitas
1212 761 1357 824 stabiles
1380 763 1417 825 in
1439 761 1600 842 proposito

392 875 485 935 hono
499 870 608 934 saciat
623 870 823 949 persistere.

451 979 563 1061 Super
577 977 667 1040 haec
687 978 806 1040 omnia
825 975 921 1039 dictu
937 985 990 1038 est
1010 975 1170 1038 mirabile
1190 984 1408 1057 quantopere
1427 977 1524 1040 nobis
1542 978 1600 1056 pie·

389 1089 445 1150 his
460 1087 597 1149 animos
617 1083 814 1147 conciliarit
832 1083 910 1164 opis
924 1081 1090 1146 ferendae
1106 1081 1261 1146 studium
1278 1083 1344 1161 his,
1361 1084 1421 1164 qui
1436 1083 1471 1146 in
1486 1083 1603 1152 ultimis

391 1209 472 1258 sunt
487 1191 679 1258 constituti:
693 1191 747 1254 his
761 1191 880 1269 etiam,
895 1191 953 1271 qui
967 1191 1004 1253 in
1020 1195 1166 1253 carcere
1180 1191 1289 1254 uincti
1302 1202 1539 1270 asseruantur,
1554 1191 1602 1253 do·

390 1302 530 1366 minicis
549 1299 671 1363 diebus
697 1297 803 1360 Pater
828 1297 970 1376 quidam
990 1315 1035 1360 ex
1056 1298 1188 1360 nostris
1210 1298 1435 1378 euangelium
1460 1298 1602 1378 exponit:

391 1411 510 1489 itaque
524 1407 560 1470 in
576 1407 663 1484 dies,
680 1403 800 1468 diuina
814 1404 1058 1468 misericordia
1075 1403 1268 1484 aspirante,
1286 1404 1540 1485 proficientium
1554 1423 1603 1468 au-

389 1526 494 1596 getur
512 1529 689 1591 numerus,
714 1529 756 1575 ac
776 1499 952 1574 Dominus
973 1528 1037 1592 per
1058 1527 1181 1574 seruos
1201 1528 1286 1574 suos
1304 1511 1524 1590 magnificari
1544 1530 1604 1576 non

389 1623 613 1701 dedignatur.
630 1617 753 1684 Solum
767 1618 864 1680 deest
880 1627 917 1680 ut
932 1626 966 1680 et
984 1618 1060 1699 ipse
1075 1619 1194 1698 plures
1211 1618 1363 1682 insuam
1377 1619 1517 1684 vineam
1533 1637 1604 1700 ope-

391 1731 507 1794 rarios
522 1729 660 1791 mittere
676 1725 770 1802 uelit,
788 1725 929 1805 quando
945 1726 1070 1788 messis
1085 1734 1137 1788 est
1152 1734 1225 1788 tam
1240 1726 1354 1805 plena.

449 1835 507 1900 Ad
523 1837 611 1898 haec
627 1834 735 1896 multa
751 1831 821 1894 aiia
836 1831 1011 1895 accedunt
1025 1831 1222 1912 spiritualia
1238 1833 1394 1911 negotia,
1411 1835 1536 1914 quibus
1553 1836 1603 1896 im·

387 1943 499 2026 pliciti
528 1951 660 2022 patres,
690 1940 752 2002 uix
780 1938 867 2019 ipsis
895 1938 1073 2019 respirare
1098 1947 1214 2001 uacat.
1242 1937 1474 2020 Omnipotens
1499 1951 1604 2004 autem

388 2051 498 2128 DeuS,
516 2048 562 2112 ad
577 2048 643 2111 hos
653 2064 722 2126 pro
737 2044 877 2108 nomine
893 2041 968 2124 ejus
982 2045 1123 2108 labores
1136 2046 1363 2124 tollerandoS,
1377 2046 1510 2111 affatim
1523 2048 1605 2111 uires

388 2157 532 2234 sufficit,
553 2170 642 2235 quas
663 2168 803 2231 semper
822 2152 1032 2230 largiturum
1054 2151 1277 2231 confidimuS,
1300 2151 1383 2216 dum
1403 2155 1439 2217 in
1459 2155 1603 2217 eiusdem

387 2261 612 2345 adimplenda
627 2260 811 2322 voluntate
826 2258 1149 2338 perdurauerimus:
1168 2261 1234 2322 hoc
1252 2270 1369 2324 autem
1389 2263 1504 2342 magis
1518 2263 1604 2326 Tuae

328 2374 330 2380 ’
387 2371 463 2436 Pssit
480 2369 643 2452 precibus
657 2365 877 2445 fratrumque
892 2382 934 2427 ac
950 2363 1095 2428 Patrum
1108 2365 1236 2430 ibidem
1247 2367 1493 2448 habitantium,
1509 2385 1603 2450 quam

387 2477 520 2542 nostris
535 2474 615 2538 freti
630 2473 764 2536 uiribus
780 2472 940 2534 obtinere
956 2491 977 2534 a
992 2469 1069 2534 Deo
1085 2489 1280 2551 speramus.

447 2584 501 2648 De
515 2581 684 2646 fratribus
704 2589 823 2643 autem
842 2578 910 2641 hoc
931 2579 1065 2658 accipe:
1089 2587 1169 2642 octo
1190 2579 1247 2644 hic
1263 2597 1352 2656 esse,
1374 2600 1523 2662 quorum
1542 2594 1604 2646 tres

385 2688 681 2756 instituendorum
696 2701 888 2766 puerorum
902 2685 996 2748 haud
1011 2702 1120 2764 segne
1142 2703 1269 2750 munus
1284 2701 1525 2769 susceperunt,
1542 2699 1604 2752 tres

385 2799 506 2863 itidem
532 2813 602 2859 non
628 2792 876 2872 poenitendam
902 2792 1013 2855 literis
1039 2809 1184 2873 operam
1208 2807 1352 2873 nauant,
1378 2789 1502 2877 reliqui
1526 2811 1603 2859 uero

386 2907 537 2968 aliarum
551 2919 668 2966 rerum
684 2900 729 2963 ad
745 2897 885 2962 domum
899 2900 1134 2979 spectantium
1147 2917 1268 2964 curam
1279 2913 1419 2981 gerunt,
1433 2903 1503 2983 qui,
1516 2903 1602 2966 dictu

386 3013 526 3089 mirum,
550 3018 682 3090 quanta
699 3005 890 3069 concordia
905 3013 1107 3087 quantaque
1123 3007 1297 3072 charitate
1316 3011 1479 3089 copulati,
1497 3011 1532 3074 in
1546 3026 1603 3072 sua

384 3117 575 3182 uocatione
590 3114 793 3195 persistant,
807 3120 1010 3192 quantaque
1022 3113 1297 3192 promptitudine
1309 3115 1527 3180 obedientiae
1538 3133 1602 3178 mu·

385 3228 443 3290 nia
459 3232 645 3306 peragant,
670 3222 704 3283 in
720 3219 882 3283 omnibus
903 3219 1094 3299 praepositi
1114 3221 1169 3283 sui
1189 3222 1335 3285 arbitrio
1354 3240 1392 3286 se
1411 3223 1604 3290 submitten-

383 3342 449 3406 tes,
467 3346 606 3410 semper
621 3344 741 3391 secum
752 3335 959 3406 reputantes
974 3327 1156 3390 meliorem
1171 3345 1249 3391 esse
1264 3329 1499 3394 obedientiam
1513 3328 1603 3394 uicti·

385 3440 463 3517 mis,
479 3438 600 3518 sicque
615 3435 651 3498 in
672 3433 833 3497 omnibus
855 3449 933 3495 sese
954 3432 1000 3495 ad
1019 3435 1111 3496 ultra
1132 3435 1393 3514 procedendum
1413 3446 1534 3500 mutuo
1551 3433 1604 3497 ad-

385 3547 592 3617 hortantur,
616 3553 654 3604 ut
674 3540 878 3621 neutiquam
898 3539 966 3603 Dei
989 3542 1145 3620 gratiam
1165 3542 1202 3604 in
1224 3543 1341 3622 aliquo
1363 3543 1513 3608 otiosam
1532 3558 1605 3606 esse

384 3652 543 3716 iudicare
568 3649 646 3731 quis
669 3647 791 3728 possit.
819 3645 950 3710 Diuina
972 3648 1107 3711 utinam
1130 3649 1189 3712 ilia
1211 3649 1434 3729 prouidentia
1457 3651 1604 3714 omnium

383 3768 545 3824 nostrum
560 3755 695 3836 coeptis
710 3766 815 3835 atque
830 3754 1015 3818 conatibus
1027 3755 1187 3835 aspirare
1202 3773 1271 3819 non
1283 3756 1442 3836 desistat,
1459 3758 1603 3840 quinpo-

384 3867 455 3930 tius
477 3866 522 3930 ad
547 3864 700 3932 maiores
720 3879 791 3924 non
810 3860 1031 3940 dedignetur,
1055 3879 1120 3942 pro
1140 3879 1204 3925 sua
1226 3863 1393 3928 ineffabili
1411 3864 1604 3940 clementia,

384 3992 450 4038 nos
464 3971 661 4054 prouehere
676 3969 837 4046 virtutes,
856 3985 925 4049 quo
942 3967 1152 4033 effusissima
1168 3988 1231 4034 sua
1244 3971 1505 4051 magnificentia
1518 3987 1604 4034 mor·

384 4081 513 4146 talibus
529 4078 690 4142 omnibus
710 4076 919 4152 innotescat,
941 4093 983 4138 ac
1003 4092 1067 4155 pro
1088 4077 1155 4139 hoc
1177 4077 1400 4142 incessanter
1417 4077 1425 4112 ¹
1445 4079 1510 4160 ipsi
1527 4093 1605 4157 gra·

384 4190 454 4251 tias
468 4193 588 4268 agant.

444 4294 635 4372 Hucusque
647 4291 691 4355 de
701 4289 844 4352 Patrum
857 4307 899 4352 ac
911 4289 1060 4353 fratrum
1073 4291 1263 4370 exercitiis;
1277 4309 1371 4356 nunc
1384 4294 1427 4358 de
1441 4293 1505 4368 his,
1518 4309 1606 4373 quae

385 4403 431 4466 ad
446 4399 641 4466 studiorum
663 4397 805 4476 liuguae
827 4395 957 4459 latinae
979 4397 1153 4460 rationem
1168 4411 1342 4477 spec-tant,
1365 4401 1487 4480 paucis
1506 4397 1544 4461 T.
1567 4397 1604 4460 Ρ.

385 4508 549 4587 accipiat.
569 4505 613 4569 Et
631 4505 745 4586 primo
766 4503 808 4567 de
827 4519 975 4567 numero
994 4503 1300 4585 scholasticorum,
1324 4524 1428 4587 quem
1449 4515 1606 4570 centena·

385 4667 583 4677 —-.-.——--·

426 4755 435 4787 t
462 4751 518 4802 Hoc
528 4749 636 4796 verbum
646 4755 685 4792 est
696 4749 815 4802 deletum,
828 4755 853 4791 et
863 4747 918 4802 eius
929 4749 985 4792 ioco
994 4747 1046 4791 alin
1058 4757 1148 4791 mortus
1158 4747 1262 4800 scripsit
1271 4751 1405 4793 continue.
