3436 5526
496 502 667 564 Aoonrnn
686 516 827 562 insono
846 515 995 572 sncnroo
1297 499 1355 558 653

104 660 143 714 et
161 619 460 730 ricogliersiſst'c)
475 665 542 712 eon
562 665 626 713 sua
646 648 789 729 moglie,
812 647 904 713 della
923 646 1027 728 quale
1048 647 1077 710 s'
1100 661 1162 710 era
1182 643 1352 710 distratto

105 767 142 820 et
158 766 336 836 aportato.
354 755 429 821 Con
444 755 527 819 altri
541 755 585 820 de
599 753 732 820 diuersi
746 754 839 819 stadi
860 770 899 818 se
914 753 1185 819 communicano
1199 751 1237 816 in
1259 769 1352 818 casa

106 877 144 927 et
160 863 253 927 fuori
267 880 335 927 con
349 864 457 928 molto
472 863 537 926 lor’
555 859 697 942 profitto
711 870 747 926 et
761 858 986 926 edification’.

171 969 405 1034 Ilmedesimo
429 972 457 1033 s'
474 969 521 1033 ha
540 969 669 1034 sentito
689 969 726 1034 in
746 951 915 1049 imparar'
936 968 961 1032 li
980 966 1088 1032 Padri
1107 975 1142 1030 et
1161 966 1291 1031 fratelli
1312 967 1351 1034 ln

108 1077 276 1140 doctrina
301 1075 521 1155 christiana,
548 1074 800 1156 aggiongendo
823 1075 994 1156 plattiche
1019 1091 1088 1138 con
1109 1075 1135 1137 ii
1157 1073 1351 1155 maggiori,

109 1183 237 1248 dentro
252 1191 286 1248 et
299 1181 395 1247 fuori
408 1182 500 1247 della
515 1183 613 1263 citth,
630 1193 666 1247 et
678 1183 713 1247 lo
729 1180 922 1248 medesimo
937 1198 1006 1246 con
1017 1182 1043 1246 li
1053 1181 1241 1262 preggioni
1256 1179 1347 1244 delia

108 1287 411 1355 carcer’.1ncasa
426 1290 541 1371 questi
556 1289 591 1354 di
607 1289 727 1354 hanno
742 1289 832 1354 fatto
848 1290 874 1353 li
890 1288 1064 1354 essercitii
1075 1288 1094 1351 7
1106 1305 1128 1352 o
1138 1286 1159 1351 8
1170 1296 1205 1352 et
1216 1287 1300 1368 ogni
1312 1287 1347 1351 di

108 1397 140 1461 si
154 1414 307 1461 moueno
322 1415 344 1460 a
357 1397 471 1461 venir’
489 1395 524 1460 di
539 1414 668 1475 nuouo,
686 1395 852 1462 vadendo
868 1396 892 1461 il
907 1395 1025 1460 efferto
1040 1395 1107 1459 che
1122 1394 1202 1458 nell’
1220 1393 1302 1458 altri
1317 1396 1348 1459 si

110 1503 158 1568 sa.
175 1503 374 1569 Ilvescouo
389 1503 426 1569 di
439 1513 564 1586 questa
581 1505 670 1568 citra
689 1504 695 1534 ¹
712 1521 782 1568 con
795 1505 904 1568 molto
919 1504 1032 1568 amor'
1048 1519 1093 1566 ne
1113 1504 1135 1566 l'
1152 1501 1198 1568 ha
1214 1501 1347 1566 diman-

109 1611 185 1676 dati
200 1627 264 1692 per
276 1610 423 1691 vederli;
440 1609 525 1675 diali
539 1611 564 1675 il
577 1622 639 1675 sse
654 1611 679 1676 ii
694 1611 924 1676 essercitarli.
1285 1615 1287 1620 ’

170 1716 214 1781 Li
227 1716 382 1781 scholari
396 1717 434 1782 di
445 1715 540 1782 fuori
553 1717 788 1799 frequentano
803 1733 943 1797 sempre
957 1717 969 1780 i
983 1716 1210 1795 sacramenti,
1227 1716 1347 1779 moiti-

111 1822 279 1904 plicando
301 1824 386 1904 ogni
406 1823 487 1888 diii
510 1839 669 1903 numero,
696 1824 855 1889 anchora
875 1823 971 1903 dipoi
992 1822 1111 1887 chela
1132 1823 1293 1902 cappella
1318 1821 1351 1884 si

114 1927 294 2010 amplifico
307 1941 342 1993 et
355 1929 387 1994 si
401 1936 491 1994 cauo
506 1931 540 1994 la
555 1939 658 2011 porta
674 1931 745 1994 alia
760 1929 895 1994 strada.

173 2036 260 2100 Intr'
276 2037 396 2102 alcuni
410 2040 438 2100 s’
463 2037 534 2100 han
554 2045 739 2118 composto
761 2036 985 2118 dissensioni,
1001 2045 1036 2101 et
1056 2037 1169 2118 pinyti
1184 2035 1207 2115 ’,
1224 2049 1259 2100 et
1280 2036 1353 2114 due

114 2143 285 2224 iamigiie,
302 2161 392 2224 quae
406 2143 514 2207 valde
527 2125 784 2208 dissentiebant
798 2161 906 2225 sopra
919 2147 979 2208 vn'
996 2143 1184 2221 adulterio,
1200 2147 1304 2224 porto
1324 2142 1348 2205 il

114 2248 268 2329 Signore
283 2249 318 2313 in
333 2250 537 2330 concordia,
554 2259 588 2314 et
603 2251 870 2316 confessandosi
886 2251 910 2314 li
924 2251 1112 2332 principali
1127 2251 1164 2314 in
1179 2267 1283 2329 casa,
1299 2250 1353 2313 vi«

117 2373 213 2421 ueno
227 2357 264 2420 in
279 2374 384 2437 pace,
401 2357 649 2422 dismenticato
664 2359 689 2421 ii
702 2365 768 2439 p.¹⁰
783 2355 806 2418 ³.

178 2461 308 2528 Alcuni
334 2481 402 2528 con
423 2466 691 2544 perseuerantia
715 2465 926 2529 desiderano
950 2465 1064 2530 intrat
1087 2465 1180 2528 nella
1200 2461 1348 2544 Compa-

113 2568 213 2652 gnia.
231 2568 346 2634 Penso
361 2587 400 2636 se
414 2589 459 2635 ne
473 2570 671 2635 mandaran
685 2571 829 2636 aichuni
847 2572 884 2636 in
897 2570 1115 2651 portugalia
1131 2587 1171 2634 se
1187 2589 1208 2634 a
1223 2578 1353 2633 nostro

115 2677 246 2756 Padre‚
263 2678 288 2741 il
302 2675 440 2742 Doctor
453 2677 596 2758 Torres‚
613 2684 742 2760 patera
761 2678 1005 2743 conueniente.

176 2783 220 2848 In
235 2786 341 2864 quelli
355 2785 391 2850 di
406 2802 491 2850 casa
507 2803 680 2850 conserua
694 2785 719 2849 il
734 2783 865 2865 Signor
879 2787 914 2848 la
927 2786 1067 2851 charith
1079 2793 1115 2848 et
1125 2785 1270 2861 vnione,
1283 2782 1353 2847 che·

116 2907 199 2954 esso
214 2889 365 2970 signore
380 2893 490 2957 molto
513 2892 550 2956 ni
571 2891 823 2956 raccomanda.
845 2891 888 2956 Li
903 2893 1060 2958 scholari
1077 2909 1122 2956 ne
1141 2892 1154 2956 i
1172 2891 1228 2955 soi
1242 2889 1353 2957 studii

116 2996 228 3062 fanno
244 2995 400 3077 profitto,
416 3007 451 3061 et
466 2998 580 3074 odeno
595 3016 734 3080 sempre
750 2999 869 3063 alcuni
884 3000 1040 3064 sermoni
1059 2999 1103 3063 de
1122 3014 1275 3080 persone
1297 3014 1350 3061 se-

116 3106 264 3184 gnalate
280 3103 346 3168 che
362 3106 483 3186 quavi
498 3121 600 3186 sono,
622 3105 825 3170 riferendoii
844 3105 941 3186 dipoi
962 3124 984 3169 a
1005 3106 1112 3186 quelli
1133 3105 1200 3170 che
1220 3122 1292 3169 non
1314 3105 1353 3170 vi

118 3213 266 3292 posson'
288 3211 433 3276 andare.

179 3316 241 3383 Sia
256 3319 340 3401 Jesu
356 3316 463 3383 Chro.
480 3337 514 3382 n.
532 3319 567 3384 S.
583 3319 795 3398 glorificato.
812 3319 939 3384 Amen.

180 3425 228 3490 Di
243 3424 455 3489 Salamanca
470 3443 492 3490 a
506 3426 526 3488 4
541 3425 576 3489 di
590 3425 736 3507 Maggio
754 3425 842 3490 1553.

182 3531 229 3597 D.
247 3531 292 3595 V.
309 3531 351 3596 R.
367 3532 406 3597 P.
423 3533 524 3597 inutii
540 3549 644 3598 seruo
660 3534 697 3597 in
712 3533 832 3612 Chro.‚

1047 3752 1069 3822 †

944 3832 965 3903 †
987 3829 1187 3894 Gonsnsas.

187 4065 257 4131 Per
272 4071 436 4134 ausentia
453 4070 499 4133 dil
516 4069 558 4132 R.
576 4069 613 4133 P.
631 4070 773 4134 Torres.

160 4321 166 4348 ¹
198 4309 588 4359 Permdecastroet·1.emos.

157 4387 169 4419 ¹
197 4384 239 4430 Sic
251 4383 421 4438 perspicacia
432 4393 488 4432 aas..
498 4383 554 4426 loco
569 4383 650 4436 orari,
663 4381 717 4432 liri,
731 4381 822 4438 litigii.
838 4384 1028 4434 controversie,
1043 4381 1176 4436 hispanice
1189 4381 1298 4436 plenos,
1313 4381 1353 4424 la-

134 4463 140 4493 ι
201 4457 205 4466 ”
249 4483 256 4496 .

121 4461 129 4495 ι
143 4468 174 4559 n}
183 4456 283 4582 ’,ἔξω
294 4523 360 4568 Vide
371 4531 459 4568 annot.
469 4524 676 4579 praecedentem.
