3382 5528
368 509 423 580 l98
753 515 923 583 Ltrrsnae
943 529 1214 592 ouabmirnsraas

429 666 484 731 De
506 667 649 747 reliquis
670 669 829 748 negociis
850 671 981 734 nostris
998 669 1067 733 hoc
1089 679 1249 750 superest
1275 668 1479 747 dicendum,
1500 666 1585 748 quod

368 775 537 856 templum
551 785 710 838 nostrum
728 775 798 840 iam
813 786 925 839 totum
941 777 1143 840 dealbatum
1157 787 1222 856 cst,
1239 777 1356 856 ligneo
1373 787 1521 840 stratum
1533 793 1584 856 pa·

368 882 537 960 ulmento,
552 881 719 946 sedilibus
733 883 779 946 ad
799 893 985 965 utrumque
1007 885 1101 948 latus
1121 883 1220 947 chori
1243 883 1432 964 adaptatis,
1456 883 1584 946 cancel-

367 989 426 1068 lis,
444 1006 532 1070 quos
547 990 746 1054 balaustros
767 1001 912 1068 uocant,
935 991 1069 1054 circum
1088 994 1200 1055 altare
1222 991 1437 1071 sapientibus
1458 1001 1492 1054 et
1514 989 1584 1053 reli·

368 1097 447 1177 quis
461 1097 540 1159 aliis
553 1097 708 1160 scamnis
724 1114 786 1177 pcr
801 1099 968 1178 templum
988 1097 1115 1178 ubique
1131 1098 1376 1179 appositiS,'ut
1392 1114 1485 1161 nunc
1507 1095 1584 1161 illud

369 1204 557 1288 templum,
586 1203 680 1283 quod
708 1205 861 1268 omnium
892 1205 1099 1268 uilissimum
1128 1205 1333 1283 uidebatur,
1363 1223 1457 1268 nunc
1486 1206 1585 1282 longe

369 1311 541 1388 omnium,
558 1312 746 1374 multorum
762 1311 907 1388 iudicio,
923 1311 992 1374 dici
1008 1313 1118 1392 possit
1133 1312 1426 1392 pulcherrimum,
1443 1311 1586 1376 caeteris

369 1426 485 1484 tamen
501 1417 659 1497 paribus;
676 1417 759 1497 quia
777 1416 783 1448 ⁸
802 1435 871 1480 non
887 1418 930 1481 de
945 1419 1096 1498 superbo
1111 1417 1288 1496 aedificio,
1305 1417 1367 1482 scd
1383 1419 1426 1482 de
1441 1433 1586 1482 commo·

369 1524 477 1590 ditate
492 1542 626 1602 eorum,
643 1525 701 1604 qui
719 1526 773 1587 vcl
789 1526 902 1588 sacris
914 1525 1143 1589 concionibus
1154 1526 1336 1603 interesse,
1349 1525 1407 1590 vel
1418 1524 1464 1588 ad
1476 1541 1586 1588 sacra·

366 1642 485 1696 menta
501 1631 733 1696 confessionis
747 1649 789 1695 ac
805 1634 919 1696 almae
934 1634 1094 1713 synaxis
1111 1631 1282 1696 accedere
1297 1633 1486 1697 uoluerint.

428 1738 583 1803 Auctum
597 1748 650 1802 est
665 1738 862 1817 Collegium
877 1739 944 1802 hoc
960 1739 1197 1820 Tyburtinum
1214 1739 1276 1802 500
1289 1739 1426 1815 aureiS,
1443 1755 1587 1820 quorum

367 1845 560 1910 redditibus
577 1855 615 1909 ut
636 1846 747 1908 nostri
772 1845 970 1925 alerentur,
991 1844 1083 1908 Raris
1103 1846 1286 1924 sacerdoS,
1314 1844 1359 1910 D.
1381 1845 1587 1911 Laurentius

367 1951 489 2018 Uirilis
504 1951 526 2032 ¹,
543 1951 710 2016 fundator
725 1951 831 2016 huius
846 1953 957 2016 nostri
977 1953 1141 2033 Collegii,
1163 1953 1383 2034 iamdudum,
1405 1963 1588 2034 antequam

367 2059 568 2136 decederet,
585 2067 798 2123 testamento
816 2059 969 2140 reliquit.
996 2059 1088 2124 Vere
1108 2061 1165 2124 ille
1185 2059 1251 2136 Dei
1271 2077 1397 2126 seruus
1418 2059 1530 2126 fidelis
1549 2077 1588 2124 ac

366 2168 532 2250 prudens,
549 2176 652 2247 pater
667 2167 856 2230 multarum
870 2167 1039 2247 gentium,
1057 2185 1146 2247 quas
1161 2169 1361 2232 clanculum
1375 2169 1450 2232 suis
1464 2169 1588 2249 impen-

367 2277 428 2355 sis,
444 2292 507 2356 pcr
521 2273 628 2337 lidum
643 2273 812 2338 famulum
827 2291 929 2338 suum
945 2274 1083 2354 oblatiS,
1100 2274 1145 2337 ad
1157 2275 1289 2338 uictum
1301 2275 1514 2339 necessariis
1526 2275 1589 2338 ale·

367 2383 445 2460 bat;
461 2382 555 2462 quod
573 2391 653 2462 post
674 2381 749 2445 eius
770 2394 920 2446 mortem
940 2381 1124 2445 manifeste
1146 2381 1259 2460 patuit
1279 2399 1326 2446 ex
1346 2378 1589 2462 lachrymabili

367 2497 504 2571 questu,
527 2505 570 2552 ac
590 2488 872 2552 lamentabilibus
894 2487 1056 2566 uocibus,
1073 2497 1108 2552 et
1123 2489 1266 2568 planctu
1287 2504 1417 2568 magno
1438 2488 1589 2553 omnium
1677 2505 1678 2518 ³

368 2595 439 2660 lere
460 2611 655 2677 pauperum
673 2596 775 2659 huius
798 2596 910 2674 urbis,
935 2612 1015 2659 cum
1036 2595 1080 2658 ad
1101 2595 1176 2658 eius
1197 2595 1352 2660 cadauer
1372 2596 1589 2660 accederent:

367 2703 467 2768 culus
482 2702 588 2766 ctiam
604 2702 707 2767 funus
722 2701 764 2765 R.
782 2701 819 2766 P.
836 2701 1032 2780 Bobadilla,
1049 2701 1220 2766 concione
1231 2702 1275 2765 de
1288 2702 1364 2768 cius
1375 2703 1449 2768 uita
1462 2703 1588 2780 habita,

365 2810 560 2887 decorauit,
577 2809 635 2874 ubi
650 2826 756 2890 quam
769 2809 918 2874 fideliter
932 2827 974 2872 ac
987 2809 1177 2890 prudenter
1189 2827 1269 2873 cum
1281 2811 1423 2874 talentis
1436 2810 1591 2892 acceptis

366 2915 425 2980 diu
442 2916 642 2996 negotiatus
657 2928 766 2996 esset,
788 2927 967 2980 ostensum
986 2916 1062 2979 suit.
1085 2915 1244 2985 Tandem
1263 2915 1298 2980 ln
1319 2919 1450 2998 templo
1472 2927 1590 2982 nostro

366 3023 412 3088 ad
427 3022 614 3088 dexterum
628 3024 754 3086 altaris
769 3026 948 3102 angulum,
965 3023 1056 3087 inter
1071 3023 1268 3087 sacrarium
1284 3035 1319 3086 et
1334 3027 1459 3096 altare,
1483 3026 1590 3106 sepul·

366 3141 423 3196 tus
438 3140 505 3209 est,
523 3131 581 3194 ubi
597 3147 635 3194 se
651 3131 812 3194 uoluerat
828 3130 987 3211 sepeliri,
1009 3131 1085 3194 sine
1105 3131 1174 3194 alio
1194 3142 1423 3196 monumento
1445 3147 1592 3196 marmo-

366 3255 439 3316 reo,
455 3239 532 3301 sine
547 3237 601 3300 sui
622 3236 791 3301 laudabili
811 3237 1009 3318 epitaphio,
1034 3238 1109 3301 sine
1129 3239 1247 3302 multis
1269 3238 1348 3303 aliis
1371 3239 1591 3314 ceremoniis,

366 3361 457 3428 quae
481 3344 593 3408 nostri
623 3345 792 3425 temporis
812 3344 1052 3424 semigentiles
1076 3346 1208 3425 apiani.
1240 3345 1306 3410 sibi
1332 3346 1497 3410 facienda
1517 3355 1593 3428 post

367 3460 516 3516 mortem
531 3453 651 3531 legare
667 3452 791 3529 solent,
810 3451 886 3531 qui,
903 3451 1049 3516 humum
1070 3463 1295 3532 spernentes,
1317 3453 1353 3516 in
1374 3453 1516 3518 sublimi
1536 3471 1591 3516 uo·

366 3560 442 3623 lunt
457 3559 592 3638 extolli,
610 3557 667 3621 ubi
682 3567 900 3639 putrescant,
917 3568 951 3621 et
967 3558 1003 3622 in
1018 3557 1086 3622 line
1102 3559 1146 3622 ad
1167 3560 1236 3622 ima
1258 3576 1370 3641 usque
1388 3571 1527 3625 tartara
1542 3559 1594 3622 de·

365 3666 563 3744 turbentur;
579 3665 661 3747 qula
678 3665 792 3746 quise
811 3663 979 3727 ltumilz'at
999 3664 1240 3745 exaltabitur,
1258 3671 1293 3730 et
1315 3667 1436 3747 quise
1454 3666 1593 3730 exaltat

365 3773 614 3838 humiliabitur
631 3771 652 3837 ⁸.
670 3771 762 3836 R.‘¹¹¹¹
776 3771 974 3853 Episcopus
989 3789 1070 3836 cum
1087 3774 1249 3838 omnibus
1264 3775 1447 3838 canonicis
1460 3776 1537 3840 suis
1548 3775 1594 3838 in·

366 3881 501 3962 terfuit,
523 3880 605 3945 dum
629 3879 810 3944 efferretur
833 3879 1073 3961 domnusque
1096 3881 1142 3944 ad
1168 3881 1354 3962 templum;
1374 3883 1437 3947 sed
1461 3883 1503 3947 de
1530 3884 1593 3946 isto

366 3989 437 4052 iarn
452 3989 551 4052 satis.
568 3986 655 4052 Dies
670 3987 746 4050 eius
761 3987 796 4050 in
812 3985 965 4051 Domino
982 3987 1251 4052 obdormitionis
1261 3988 1325 4052 luit
1335 3988 1527 4069 quatriduo
1538 4007 1593 4053 an·

366 4108 509 4176 tequam
523 4094 755 4158 Beatissimus
769 4093 804 4156 in
817 4093 909 4174 Xpo.
923 4093 1028 4158 Pater
1042 4105 1164 4158 noster
1175 4093 1230 4158 P.⁸
1244 4093 1337 4159 Rau
1355 4094 1525 4178 ignatius,
1541 4097 1593 4160 bo·

365 4221 433 4269 nae
448 4203 650 4281 memoriae,
669 4201 765 4280 longi
781 4201 914 4265 laboris
929 4201 984 4266 sui
1000 4205 1156 4282 palmam
1177 4203 1326 4284 adeptus
1341 4215 1451 4282 esset,
1473 4205 1594 4269 eaden

365 4312 502 4376 scilicet
517 4308 751 4374 hebdomada.
769 4307 892 4373 Adfuit
908 4325 1047 4390 semper
1062 4308 1205 4374 erae.
1222 4309 1354 4375 Rector
1369 4311 1501 4376 ultimis
1522 4313 1595 4377 eius

365 4420 498 4496 diebus
515 4417 758 4499 spiritualibus
774 4417 876 4480 illum
890 4417 1074 4500 colloquiis
1093 4416 1313 4496 confortans,
1329 4427 1364 4484 et
1377 4419 1474 4484 nibil
1498 4437 1594 4503 prae·

406 4625 414 4658 ¹
444 4623 634 4670 Desiderantur
646 4623 781 4668 menerba
793 4625 918 4668 curatum
929 4627 971 4668 est
981 4629 1026 4669 unt
1038 4625 1092 4669 alia
1102 4625 1208 4671 similla.

403 4695 414 4726 ¹
443 4696 473 4740 D.
484 4695 643 4741 Laurentius
652 4695 683 4740 dc
696 4693 831 4768 virilibus.
843 4695 909 4740 Vide
921 4696 1035 4741 Pocaact
1047 4697 1200 4751 chronicon,
1209 4704 1228 4742 t.
1239 4711 1264 4752 v,
1277 4709 1338 4756 pag.
1348 4701 1383 4758 23,
1393 4707 1484 4747 annot.
1497 4702 1517 4748 ³·

404 4767 416 4798 ⁸
447 4767 509 4814 Luc.
521 4779 574 4822 xiv,
586 4769 657 4812 nli.
1444 4793 1446 4796 -
