3382 5528
628 522 692 582 ni.
719 521 789 582 taso
1269 515 1322 576 4⁹⁷

101 671 152 734 hic
179 670 203 750 ¹,
225 688 305 736 cunt
324 669 408 752 quid
430 679 534 740 uacat
555 669 734 750 temporis,
757 667 854 733 domi
864 675 1061 747 occupatur
1083 666 1119 730 in
1141 667 1207 746 his,
1232 682 1321 745 quae

102 796 184 860 opus
200 788 282 843 sunt
296 779 343 843 ad
356 788 516 843 nostrum
531 778 689 842 omnium
703 793 837 841 curam.

158 885 213 950 De
238 885 363 950 studiis
385 885 529 962 nostris,
556 885 643 950 meis
661 884 807 960 scilicet,
834 883 966 964 aliquid
990 881 1170 959 dixissem,
1196 879 1226 944 si
1251 898 1321 961 qua

104 1001 233 1071 essent,
255 1009 345 1073 quae
369 1000 514 1072 possent
539 990 679 1072 exponi,
705 991 787 1072 quia
812 991 908 1054 nulla
934 1001 1025 1054 sunt:
1051 997 1189 1069 tempus
1214 987 1322 1062 enim,

105 1100 194 1180 quod
210 1099 278 1164 illis
293 1110 386 1164 esset
399 1099 683 1180 impendendum,
696 1096 917 1162 imbecillitas
929 1097 1067 1178 capitis,
1082 1104 1116 1160 et
1127 1095 1235 1160 totius
1247 1112 1322 1159 cor·

104 1207 195 1286 poris
209 1207 323 1270 debile
337 1207 445 1270 robur
459 1205 526 1280 sibi
540 1205 673 1270 inuicto
684 1205 804 1270 animo
814 1204 991 1284 uendicat,
1005 1219 1118 1284 neque
1131 1200 1225 1266 aliud
1236 1209 1321 1298 tuuc

104 1315 269 1395 temporis
283 1313 365 1378 sinit
380 1331 445 1377 nos
459 1312 622 1376 meditari
638 1313 705 1376 nisi
720 1313 844 1376 leuiter
858 1327 1078 1393 percurrere,
1095 1309 1236 1390 quando
1251 1327 1324 1373 ma-

104 1421 194 1484 xime
219 1437 309 1501 opus
328 1429 392 1497 est,
417 1419 596 1483 Aeneidos
621 1419 824 1497 lectionem,
851 1426 885 1482 et
904 1417 1078 1501 quaedam
1099 1417 1168 1481 alia
1189 1417 1323 1481 leuiora

105 1529 271 1606 scribere,
296 1545 406 1609 quae,
424 1525 469 1590 ad
484 1527 696 1592 erudiendos
710 1543 841 1606 pueros
854 1526 1010 1601 saciliuS,
1033 1525 1151 1589 lacere
1172 1541 1243 1589 non
1265 1540 1323 1604 pa-

104 1651 179 1698 rum
193 1633 370 1700 uidentur.

161 1741 261 1822 Quod
277 1759 362 1806 uero
377 1741 423 1805 ad
438 1741 630 1822 spiritalem
646 1743 844 1806 animarum
859 1739 1054 1821 proiectum
1070 1740 1232 1820 pertinet,
1246 1756 1324 1819 pro·

107 1857 181 1928 pter
205 1849 354 1912 istorum
378 1858 576 1929 temporum
604 1849 863 1927 calamitatem,
890 1848 950 1912 uix
975 1857 1145 1928 possunt,
1171 1846 1230 1926 qui
1255 1845 1326 1914 iam

106 1956 274 2037 principia
290 1956 458 2036 spiritalis
474 1957 579 2033 uitae,
601 1957 636 2020 id
656 1966 709 2020 est
728 1957 892 2038 xpianae.
910 1955 1103 2034 religionis
1119 1954 1326 2034 degustasse

109 2063 328 2142 uidebantur,
345 2063 499 2140 retineri,
517 2064 600 2143 quin
616 2064 734 2144 aliquo
756 2063 859 2128 modo
874 2062 1125 2140 disturbentur,
1142 2071 1177 2124 et
1198 2061 1328 2130 adalia

107 2169 247 2249 negotia
260 2168 515 2234 distrahantur:
532 2170 799 2246 tantumabest,
817 2178 854 2234 ut
874 2169 962 2234 alios
976 2185 1070 2232 nunc
1084 2168 1254 2248 temporis
1269 2168 1327 2232 ad·

107 2276 233 2340 ducere
257 2276 434 2357 possimus
458 2277 504 2342 ad
528 2277 846 2357 frequentationem
871 2284 1175 2340 sacramentorum
1202 2291 1328 2340 sacrae

108 2383 340 2448 consessionis
354 2395 388 2447 et
403 2383 675 2464 communionis,
692 2395 730 2448 ut
742 2385 837 2448 uitae
848 2383 996 2448 mutatio
1011 2383 1047 2446 in
1063 2383 1244 2447 meliorem
1255 2381 1327 2447 liat.

108 2489 142 2554 ln
162 2499 285 2554 nostro
305 2492 434 2571 templo
454 2491 676 2570 confitentur,
699 2502 733 2556 et
754 2491 904 2570 singulis
923 2491 1046 2554 diebus
1069 2490 1168 2554 lestis
1188 2505 1329 2558 sacram

107 2598 366 2664 Eucharistiam
381 2597 569 2678 accipiunt,
587 2599 729 2662 circiter
742 2599 783 2662 25
797 2600 854 2663 uel
867 2596 918 2662 30:
936 2599 1045 2662 multo
1060 2599 1179 2678 plures
1189 2597 1329 2662 maiori·

108 2705 406 2783 buslestis31icet
424 2714 460 2770 ut
482 2706 614 2770 dictum
636 2716 704 2786 est,
725 2707 852 2770 horum
875 2715 1073 2786 temporum
1090 2704 1330 2786 occupationi·

111 2813 176 2877 bus
191 2830 260 2877 non
277 2813 327 2876 ita
341 2811 542 2894 frequentes
557 2814 741 2878 accedant.

167 2918 415 3004 Superioribus
430 2919 554 2984 diebus
569 2919 716 3000 aceldlt
732 2920 825 2985 utR.
849 2922 887 2985 P.
909 2919 1069 2985 Rector¹
1084 2929 1274 2984 uocaretur
1286 2919 1330 2984 ad

108 3025 388 3091 reconciliandos
402 3027 553 3092 duorum
569 3029 717 3107 animos,
736 3029 780 3092 ab
795 3039 876 3093 octo
892 3029 995 3092 annis
1009 3029 1100 3092 inter
1114 3046 1153 3092 se
1168 3027 1217 3090 ita
1232 3026 1330 3090 dissi.

109 3133 242 3212 denteS,
259 3143 298 3197 ut
314 3151 493 3214 nunquam
509 3151 571 3215 per
586 3135 622 3198 id
636 3136 805 3216 temporis
824 3152 903 3199 sese
925 3144 1046 3200 mutuo
1065 3134 1197 3215 alloqui
1214 3135 1330 3198 uolue-

108 3240 189 3316 rint;
205 3241 264 3321 qui
281 3240 424 3304 tandem
439 3259 543 3314 nunc,
561 3240 628 3306 Dei
642 3243 770 3320 gratia,
788 3243 825 3306 in
840 3243 1046 3324 pristinam,
1063 3259 1153 3322 quae
1176 3241 1332 3306 maxima

108 3345 233 3424 luerat,
250 3347 442 3412 amicitiam
458 3349 757 3430 concordiamque
768 3359 1034 3414 consenserunt.
1048 3349 1143 3412 Idem
1155 3349 1191 3412 in
1203 3348 1333 3429 templo

110 3463 230 3516 nostro
245 3464 326 3534 post
341 3472 509 3534 uesperas
523 3456 704 3535 xpianam.
721 3457 947 3538 prosequitur
965 3455 1165 3520 doctrinam
1184 3455 1334 3535 singulis

111 3557 295 3626 dominicis
310 3559 444 3626 diebus:
462 3562 523 3626 sed
539 3563 680 3628 interim
693 3562 775 3628 dum
791 3563 833 3628 R.
851 3562 889 3626 Ρ.
905 3563 1040 3628 Doctor
1055 3560 1260 3627 Bobadilla⁵
1275 3563 1333 3627 hic

112 3666 206 3746 apud
226 3683 291 3731 nos
314 3667 395 3747 luit,
421 3670 607 3734 lectionem
632 3670 820 3734 intermisit
845 3670 1047 3748 doctrinae,
1074 3687 1139 3751 pro
1164 3686 1235 3750 quo
1258 3669 1334 3750 ipse

112 3771 147 3836 P.
164 3771 348 3838 Bobadilla
363 3776 449 3840 obiit
465 3794 602 3842 munus:
619 3787 654 3841 et
668 3778 750 3842 licet
764 3795 835 3841 non
850 3778 899 3841 ita
914 3778 1024 3842 multa
1040 3776 1161 3857 populi
1174 3776 1334 3857 trequen-

113 3879 178 3958 tia‚
200 3891 304 3960 grata
326 3891 444 3946 tamen
465 3883 619 3948 omnium
645 3884 839 3948 attentione
861 3901 904 3947 ac
928 3883 1183 3961 satisfactione,
1211 3893 1249 3946 ut
1269 3881 1335 3963 ipsi

112 3996 303 4066 testantur,
326 3988 566 4072 imprimisque
582 3990 652 4054 Ra*
668 3989 741 4054 Dat
756 3991 922 4072 Episcopi
937 3990 1124 4071 Tyburtini
1144 3986 1156 4020 ⁴
1170 4005 1333 4071 praesen·

113 4093 161 4156 tia
176 4093 401 4175 eiusdemque
416 4099 586 4178 applausu
605 4099 640 4161 in
655 4114 793 4162 summo
809 4100 940 4178 templo
955 4097 998 4161 D.
1016 4095 1198 4162 Laurentii
1218 4097 1337 4176 singu·

112 4199 153 4262 lis
168 4199 291 4265 diebus
306 4201 406 4268 sestis
423 4205 597 4269 matutino
613 4215 770 4286 tempore
792 4212 845 4269 est
865 4205 1114 4284 concionatus,
1130 4215 1200 4268 eta
1217 4221 1336 4284 uespe-

111 4305 160 4368 ris
175 4305 342 4388 epistolas
357 4308 455 4374 Pauli
471 4311 516 4375 ad
531 4311 711 4376 Romanos
725 4312 898 4376 hactenus
920 4311 1135 4392 auspicatus.

116 4463 325 4480 Ἤ

153 4547 161 4580 ⁸
194 4547 350 4596 Antoninus.

152 4619 163 4648 ²
194 4616 223 4662 Ρ.
235 4617 345 4672 Joanucs
355 4625 511 4673 Laurentius
522 4627 696 4674 Carnllctius.

153 4690 164 4722 ὅ
194 4691 224 4735 P.
234 4692 357 4742 Nicolaus
369 4700 516 4754 alphonsus
526 4702 557 4745 de
567 4701 711 4746 Bobadilla.

153 4763 166 4796 ⁴
194 4763 299 4815 joannis
310 4771 416 4815 Andrea
428 4773 520 4816 cruce.

224 4855 260 4914 Τ.
279 4877 316 4919 ιν.
