3382 5528
831 411 839 437 Ι

609 484 672 542 Au.
695 483 764 544 1556
919 511 922 521 ·
1245 485 1299 542 477

85 635 201 704 menta,
225 627 352 707 quibus
371 626 466 690 domi
491 629 658 708 priuatim
672 629 829 691 animum
851 630 1034 707 excolunt,
1062 637 1096 692 et
1121 629 1186 692 sibi
1212 631 1298 708 ipsis

85 749 294 812 summopere
315 733 517 812 conferunt,
537 744 570 796 et
595 735 684 798 alios
709 734 755 797 ad
775 734 933 797 diuinum
952 736 1085 800 cultum
1104 736 1298 799 studiosius

85 840 354 920 amplectendum
370 841 538 915 alliciunt,
555 850 593 903 ut
607 841 775 920 uestigia,
792 841 919 920 quibus
941 839 1105 921 Apostoli
1125 827 1299 922 im'primis

84 947 212 1010 luerunt
226 947 389 1026 ingressi,
408 965 429 1009 a
444 945 584 1011 Christo
598 955 876 1010 commonstrata
891 959 1095 1027 sequantur,
1112 949 1179 1012 hoc
1192 956 1297 1030 pacto

85 1063 221 1117 conatus
237 1070 319 1116 suos
335 1070 457 1116 omnes
473 1054 541 1116 huc
553 1069 692 1133 semper
703 1052 931 1116 destinandos
944 1054 1213 1134 constituerunt,
1226 1072 1299 1119 non

85 1172 117 1224 ut
131 1170 263 1226 tantum
278 1179 344 1224 sua
358 1161 544 1224 commoda
559 1161 768 1241 respiciant,
786 1160 847 1223 sed
864 1161 915 1224 uti
930 1161 1011 1226 huic
1032 1162 1167 1225 ciuitati
1188 1165 1297 1226 omni·

84 1268 205 1349 busque
220 1268 313 1332 illius
328 1267 464 1332 ciuibus
480 1268 667 1348 plurimum
684 1268 901 1348 prodessent;
918 1267 952 1330 id
967 1269 1063 1349 quod
1078 1271 1229 1350 populus
1239 1271 1296 1334 hic

84 1377 282 1454 valentinus
296 1376 366 1440 iam
379 1375 510 1456 alioqui
525 1375 569 1438 ad
585 1376 753 1455 pietatem
770 1387 886 1452 natuS,
903 1375 1064 1438 intimum
1079 1387 1224 1440 nostrae
1237 1377 1298 1442 So-

83 1483 210 1546 cietatis
224 1482 388 1550 affectum
405 1498 637 1561 cognoscens,
654 1481 851 1560 subolfecit;
868 1500 950 1546 nam
970 1482 1150 1546 confluunt
1170 1484 1238 1547 huc
1261 1485 1296 1548 in
1315 1555 1320 1574 ι

85 1589 166 1652 hanc
179 1600 338 1652 nostram
354 1588 476 1652 aedem
496 1589 650 1669 undique
672 1607 717 1652 ex
737 1590 927 1653 valentinis
946 1606 1017 1652 non
1038 1607 1164 1669 parum
1185 1592 1296 1670 multi,

84 1695 175 1774 quasi
188 1697 223 1759 in
238 1697 357 1776 opima
373 1713 505 1775 pascua
522 1694 680 1776 deducti,
697 1705 770 1760 tam
786 1705 835 1759 ut·
843 1713 947 1759 sacro
963 1697 1173 1760 concionum
1189 1698 1298 1776 agmi-

86 1819 136 1880 ne,
161 1811 263 1884 quam
289 1804 387 1866 uitae
416 1803 573 1866 omnium
602 1803 860 1882 spectatissimo
890 1804 1052 1882 exemplo
1082 1803 1296 1886 amplissime

85 1919 280 1987 pascantur,
298 1920 333 1972 et
348 1919 489 1973 nostros
502 1909 635 1990 passim
651 1925 772 1972 omues
787 1909 882 1972 domi
903 1910 960 1972 vel
982 1909 1068 1973 loris
1084 1910 1295 1975 concionan-

85 2027 141 2091 tes,
156 2017 325 2097 imprimis
339 2027 470 2088 tamen,
487 2016 581 2096 quod
596 2034 667 2078 non
683 2027 736 2080 est
755 2017 894 2078 silentio
908 2017 1216 2096 praetereundum,
1235 2017 1296 2080 Pa·

85 2129 164 2186 trem
185 2121 358 2200 Ramirez,
381 2124 598 2202 theologum,
620 2123 679 2202 pio
699 2123 854 2203 quodam
875 2123 983 2186 animi
1002 2124 1142 2187 feruore
1161 2133 1298 2188 sectan-

84 2238 145 2306 tur,
160 2231 216 2310 qui
231 2247 344 2314 nuper
362 2228 478 2293 Patris
494 2229 678 2292 Francisci
693 2229 805 2307 iussu,
826 2246 897 2291 non
919 2230 995 2292 sine
1016 2229 1120 2308 graui
1142 2231 1298 2296 omnium

84 2335 205 2414 dolore,
221 2336 545 2416 Caesaraugustam
562 2335 658 2413 adiit,
676 2336 885 2416 praesertim
900 2352 980 2399 cum
995 2337 1149 2400 maxime
1171 2339 1296 2418 proba·

85 2450 173 2505 retur
185 2461 226 2506 ae
241 2445 409 2524 placeret,
427 2441 481 2522 cuj
487 2459 525 2504 us
538 2441 690 2506 assiduis
705 2442 935 2506 concionibus
947 2459 1120 2524 sacraque
1134 2443 1297 2508 doctrina

84 2548 165 2612 adeo
188 2549 349 2614 Christus
368 2550 591 2631 popularium
613 2549 740 2612 animis
761 2549 999 2623 inserebatur,
1024 2558 1061 2611 ut
1081 2549 1295 2630 Valentiam,

85 2671 167 2732 quae
180 2659 354 2720 malorum
370 2657 464 2720 omni
484 2673 614 2735 genere
637 2656 803 2734 scaturit,
825 2673 845 2717 a
867 2654 945 2718 Deo
966 2637 1115 2720 coelitus
1136 2657 1295 2738 missum,

85 2764 180 2825 veluti
195 2764 370 2828 medicum
386 2763 458 2826 suis
473 2763 687 2843 pharmacis,
704 2773 755 2825 tot
771 2773 959 2843 tantosque
974 2764 1083 2826 animi
1097 2765 1239 2827 morbos
1251 2767 1297 2827 le·

85 2879 249 2944 naturum,
266 2869 525 2951 praedicarent;
543 2879 578 2932 at
594 2887 680 2932 vero
696 2878 735 2931 ut
749 2887 794 2932 ex
807 2877 859 2931 rot
874 2869 1047 2931 messibus
1068 2869 1194 2950 opimis
1208 2888 1297 2952 quas

85 2974 144 3049 ille,
160 2974 311 3042 Domino
325 2985 538 3056 cooperante
559 2985 592 3038 et
614 2991 813 3038 sermonem
828 2973 1076 3052 confirmante,
1093 2976 1295 3057 demessuit,

84 3083 249 3147 xeniolum
274 3075 415 3163 aliquod
439 3083 537 3146 Tuae
558 3081 766 3144 Paternitati
786 3083 1103 3159 communicemuS,
1132 3087 1296 3166 paucula,

84 3203 143 3265 qua
159 3201 279 3269 potero
295 3190 480 3266 breuitate,
499 3192 701 3252 recensebo.
873 3177 875 3180 ’

136 3296 378 3361 Commoratur
404 3295 461 3359 hie
486 3312 593 3376 eques
614 3295 769 3374 qnidam,
794 3295 848 3358 vir
871 3296 1029 3375 apprime
1052 3297 1200 3373 nobilis,
1224 3298 1296 3377 qui,

82 3404 176 3474 graui
195 3405 323 3469 iniuria
350 3401 517 3479 offensus,
545 3403 694 3480 hostem,
721 3402 858 3465 adhoc
884 3404 1052 3483 temporis
1074 3403 1297 3466 occasionem

83 3525 208 3587 nactus,
224 3512 425 3575 interimere
447 3509 588 3573 omnino
604 3509 828 3574 decreuerat:
852 3510 896 3572 ad
916 3509 1033 3573 Patris
1053 3527 1138 3573 vero
1159 3511 1297 3574 concio-

83 3631 156 3678 nem
180 3619 372 3696 accedenS,
399 3634 575 3680 venenum
601 3617 757 3680 euomuit
783 3627 889 3698 atque
912 3634 1043 3680 noxam
1071 3617 1296 3680 condonauit.

83 3720 163 3797 Quis
185 3723 373 3806 explicabit
398 3740 503 3804 quam
530 3724 647 3802 multi,
674 3741 799 3803 parum
822 3735 919 3787 caste
946 3725 1125 3798 uiuenteS,
1153 3724 1297 3786 dimisso

83 3832 171 3909 turpi
193 3833 334 3895 uiuendi
359 3849 505 3911 genere,
531 3830 625 3896 dulci
651 3831 742 3893 illius
767 3830 927 3892 oratione
953 3830 1129 3910 persuasi,
1156 3828 1298 3921 Christo

82 3934 201 4001 luerint
214 3937 402 4016 lucrifacti,
419 3955 499 4000 cum
516 3939 620 4016 paulo
636 3945 717 4000 ante
739 3937 949 4000 daemonum
970 3946 1088 4000 essent
1102 3937 1239 4016 laqueis
1254 3936 1297 3998 ir·

82 4044 182 4108 retiti?
195 4045 309 4110 dicam
325 4045 420 4125 quod
434 4043 609 4108 foeminae
625 4043 780 4116 cuidam,
799 4061 843 4105 ex
859 4043 987 4107 illustri
1006 4043 1116 4124 stirpe
1132 4043 1299 4122 progeni·

79 4157 142 4224 tae,
159 4153 315 4233 contigit,
332 4167 440 4232 quae,
458 4152 502 4214 ob
518 4159 706 4230 corruptae
725 4151 821 4212 vitae
842 4149 1096 4230 turpitudinem
1119 4149 1297 4230 obquein-

11 4251 13 4256 ’
79 4253 213 4321 iamiam
228 4259 297 4324 iam
314 4259 573 4337 pervulgatam,
591 4257 715 4320 amicis
729 4267 835 4338 atque
848 4256 1054 4336 propinquis
1067 4256 1160 4319 haud
1173 4257 1298 4319 leuiter

11 4447 12 4456 ἵ
78 4375 148 4425 erat
163 4364 285 4440 inuisa,
303 4367 464 4428 detracta
480 4365 576 4428 omni
593 4364 776 4444 probitatis
793 4364 975 4444 opinione;
990 4364 1052 4426 sed
1069 4363 1298 4427 concionibus

78 4485 118 4530 cx
130 4469 230 4534 Patre
242 4473 373 4536 auditis
384 4479 519 4546 mutato
531 4470 679 4536 feliciter
691 4471 820 4548 animo,
835 4489 968 4534 novum
980 4471 1158 4534 bominem
1171 4471 1295 4548 induit,

79 4584 109 4636 et
122 4593 179 4641 res
192 4579 329 4644 diuinas
344 4595 416 4642 non
431 4579 547 4641 minus
563 4578 688 4641 ardere
708 4578 823 4657 coepit
843 4595 948 4658 quam
972 4589 1053 4640 ante
1074 4578 1299 4667 stultissima·

79 4695 149 4746 rum
166 4701 206 4749 ac
221 4684 469 4777 pestilerarum
486 4684 664 4764 amoribus
676 4693 911 4768 aestuauerat.
