3504 5532
387 511 426 573 98
773 510 945 570 errsnus
962 525 1234 578 onnourunsress

389 658 594 739 praedictus
618 655 723 720 Pater
743 655 786 718 de
806 664 919 719 morte
938 654 1146 718 concionem
1165 672 1247 719 cum
1266 655 1483 720 audientium
1508 653 1619 720 deuo·

390 766 485 829 tione
499 773 534 828 et
553 763 722 836 lacrimis,
743 779 911 842 magnam
936 763 973 826 in
992 761 1084 842 Xpo.
1106 761 1384 827 consolationem
1404 763 1617 843 promittens

392 872 460 936 illis
473 871 516 952 si,
531 871 672 934 diuinae
686 868 861 934 voluntati
882 869 1050 933 humilem
1071 869 1356 935 conformitatem
1377 869 1616 950 ostendentes,

392 981 512 1044 statim
524 996 589 1042 sua
609 987 758 1061 peccata
776 975 955 1040 sacerdoti
977 975 1201 1052 confitentes
1224 977 1271 1040 ad
1288 975 1485 1042 Saloatoris
1505 976 1618 1058 limpi-

392 1087 558 1151 dissimos
577 1085 704 1164 fontes,
727 1084 842 1164 idest,
863 1091 1088 1148 sacramenta
1106 1083 1352 1164 confugerent.
1369 1083 1541 1150 Videntes
1555 1102 1618 1148 au·

392 1205 464 1258 tem
478 1209 601 1257 omnes
621 1195 736 1274 ipsam
755 1191 900 1256 viduam
920 1191 1146 1255 Comitissam
1165 1198 1174 1231 ¹
1195 1192 1315 1256 statim
1338 1191 1562 1257 confitentem
1581 1202 1618 1256 et

391 1301 672 1366 sacratissimam
693 1299 945 1363 eucharistiam
966 1299 1297 1378 communicantem,
1322 1299 1617 1380 glorificauerunt

392 1408 528 1488 Deum,
555 1407 613 1470 cui
637 1407 682 1470 sit
706 1406 922 1488 sempitema
946 1407 1025 1470 iaus
1048 1407 1084 1470 in
1110 1407 1274 1471 omnibus
1298 1416 1333 1471 et
1352 1424 1415 1487 per
1437 1406 1555 1470 omnia
1581 1407 1619 1470 in

392 1524 585 1593 aeternum,
602 1530 717 1592 amen,
734 1514 769 1578 in
785 1531 855 1594 quo
870 1529 993 1576 omnes
1007 1529 1072 1576 nos
1086 1513 1315 1578 Paternitatis
1336 1523 1418 1577 tuae
1432 1511 1619 1578 sacrificiis

391 1631 426 1686 et
439 1621 669 1700 orationibus
682 1631 717 1685 et
728 1621 880 1684 aliorum
890 1628 1032 1701 patrum
1042 1637 1085 1684 ac
1096 1619 1246 1685 fratrum
1261 1629 1405 1684 nostrae
1415 1619 1616 1700 societatis,

393 1728 570 1792 humiliter
582 1727 882 1792 commendamus.

451 1836 584 1921 Datum
592 1834 776 1913 Saulaces,
789 1835 902 1914 pridie
914 1835 1106 1899 chalendas
1117 1835 1312 1913 Februarii,
1323 1853 1416 1899 anno
1425 1853 1512 1900 vero
1526 1835 1616 1902 1556.

451 1943 492 2007 In
507 1943 575 2006 hac
590 1942 694 2006 domo
709 1958 831 2006 sumus
845 1950 1009 2022 quatuor:
1024 1940 1061 2005 P.
1078 1941 1234 2024 Joannes
1249 1942 1390 2022 Paulus,
1407 1941 1444 2007 P.
1460 1943 1620 2026 Joannes

390 2051 435 2114 de
449 2049 679 2128 Saluatierra,
694 2049 753 2112 Fr.
769 2050 925 2131 Joannes
940 2048 1138 2128 Gutierrez,
1154 2048 1213 2112 Fr.
1231 2048 1409 2113 Gonsalus
1428 2050 1472 2114 de
1486 2050 1620 2115 Valen-

394 2157 507 2236 cuela.

451 2264 505 2327 Ex
520 2263 768 2326 commissione
783 2260 820 2326 P.
838 2262 885 2327 M.
902 2263 1050 2346 Joannis
1061 2261 1173 2341 Pauli,

512 2368 646 2434 Seruus
660 2370 826 2449 indignus
841 2379 875 2434 et
889 2369 1022 2434 inutilis
1037 2383 1118 2432 tuae
1133 2369 1208 2433 PF*
1229 2371 1266 2433 in
1281 2371 1388 2452 Xpo.,

857 2584 1057 2667 †J0Auuns
1078 2602 1125 2647 oe
1145 2582 1410 2648 Sanunrmann.
1436 2588 1458 2659 †

450 3013 716 3094 Superscrtptz'o
734 3012 771 3075 in
786 3017 918 3093 quarta
932 3011 1085 3090 pagina:
1099 2956 1184 3075 nis.
1200 3011 1247 3074 Al
1259 3028 1341 3092 muy
1355 3011 1433 3075 ΙΨ
1445 3011 1560 3076 Padre
1572 3031 1621 3078 en

390 3123 465 3186 Ihu.
479 3121 569 3201 Xpo.
584 3130 728 3183 nuestro
741 3118 864 3198 seffor,
879 3115 1195 3181 elPadreMaestro
1207 3116 1357 3198 ignatio,
1368 3119 1548 3200 preposito
1558 3135 1623 3198 ge·

389 3228 490 3292 nerai
504 3227 547 3290 de
562 3228 597 3289 la
612 3226 808 3306 Compaiffa
822 3225 866 3288 de
881 3224 951 3303 Ihs,
969 3241 1012 3287 en
1028 3222 1153 3288 Roma.

451 3332 776 3398 Alt'amanu:1556.
798 3330 982 3396 Sanlucar.
1005 3330 1290 3410 Quadrimestres
1312 3333 1423 3396 vitimi
1444 3332 1622 3414 Januarii.

432 3576 441 3608 Ι
469 3574 598 3618 Eleouora
609 3575 639 3618 de
650 3573 817 3630 Sotomuyor.
830 3571 940 3626 Busoos,
953 3569 1054 3614 Blason
1065 3570 1098 3615 de
1108 3569 1232 3626 Espaaa,
1243 3577 1262 3616 t.
1272 3581 1309 3626 tv,
1320 3582 1381 3626 pac.
1393 3571 1440 3616 10⁰.
