3472 5528
627 519 689 586 Au.
712 525 781 586 1556
828 588 837 600 ,
1130 609 1135 624 1
1265 523 1319 584 atu

97 673 132 738 de
147 691 242 738 more
258 673 435 740 habebant
451 673 635 754 collegium
651 683 811 737 nostrum
827 673 996 750 inuisere,
1018 691 1060 736 ac
1075 672 1259 738 nobiscum
1274 673 1317 736 de

99 783 193 846 rebus
204 781 250 846 ad
262 783 413 846 salutem
424 781 621 846 animarum
634 778 1060 861 pertinentibuscolloqui,
1070 779 1201 844 nostris
1212 779 1317 843 etiam

98 889 272 953 litterariis
286 888 573 954 exercitamentis
595 888 774 964 interesse,
792 896 826 951 et
842 888 885 950 ob
908 888 1037 951 multas
1052 886 1316 968 occupationes,

98 997 215 1075 quibus
238 1011 318 1059 cum
342 996 499 1076 aegrotis
518 995 782 1074 distinebamur,
805 993 971 1058 recedere
992 997 1049 1059 uel
1068 994 1249 1058 insalutati
1262 1012 1318 1058 co·

99 1103 275 1180 gebantur,
293 1102 359 1167 hoc
371 1103 441 1168 iam
453 1104 590 1167 sublato
602 1101 862 1183 impedimento,
876 1118 1011 1167 morem
1022 1101 1209 1183 pristinum
1222 1111 1255 1165 et
1268 1119 1319 1165 re·

102 1221 265 1274 uocarunt
281 1221 316 1274 et
331 1210 493 1274 retinent.

152 1313 255 1380 Pater
273 1317 481 1382 Emmanuel
496 1323 548 1396 (vt
562 1335 582 1380 a
598 1317 828 1382 concionibus
843 1332 980 1382 sumam
995 1315 1190 1390 exordium)
1213 1317 1258 1379 ab
1277 1333 1319 1380 eo

102 1433 249 1506 tempore
269 1423 445 1506 aliquibus
463 1425 649 1491 dominicis
671 1442 713 1488 ac
734 1423 832 1489 festis
852 1424 976 1488 diebus
996 1423 1032 1487 in
1052 1424 1183 1504 templo
1205 1422 1319 1486 Diuae

100 1529 236 1611 Mariae,
253 1549 297 1596 ac
312 1533 349 1596 in
363 1533 441 1596 aliis
456 1533 666 1613 quibusdam
682 1531 819 1614 oppidis
841 1531 1026 1612 Compluto
1048 1531 1191 1610 uicinis,
1214 1531 1319 1594 habet

103 1639 294 1718 conciones»,
312 1657 403 1720 quae
424 1648 555 1720 quanta
577 1657 658 1704 cum
680 1639 896 1704 audientium
914 1638 1119 1703 assensione
1139 1637 1319 1719 excipian-

103 1753 165 1823 tur,
181 1753 215 1809 et
229 1763 337 1828 quam
351 1747 589 1827 multipliciter
604 1746 807 1812 fructuosae
822 1746 902 1825 sint,
920 1745 1073 1810 ostendit
1093 1756 1214 1826 aperte
1237 1747 1319 1812 mul·

102 1851 205 1916 titudo
230 1871 372 1932 eorum,
395 1854 453 1934 qui
479 1854 624 1919 adeum
646 1853 860 1919 audiendum
882 1861 1085 1918 accurrunt.
1107 1852 1147 1917 In
1170 1853 1320 1934 collegio

103 1975 232 2040 quoque
246 1969 380 2040 nostro,
394 1961 518 2026 diebus
530 1960 715 2025 dominicis
726 1960 1041 2041 Quadragesimae,
1054 1977 1147 2024 vnus
1158 1977 1177 2024 e
1190 1960 1321 2024 nostris

103 2069 388 2146 concionabatur,
414 2069 595 2150 quamuis,
623 2069 675 2133 uti
692 2085 800 2149 saepe
821 2069 910 2132 alias
928 2068 1099 2150 scriptum
1117 2076 1187 2144 est,
1213 2068 1322 2132 tantis

103 2173 165 2237 loci
180 2176 371 2255 premimur
386 2176 575 2268 angustiis,
598 2187 636 2241 vt
658 2187 731 2242 tam
751 2193 883 2257 magna
901 2175 1098 2257 frequentia
1121 2176 1320 2240 auditorum

102 2279 134 2342 in
149 2283 314 2362 templum
333 2281 423 2348 adeo
442 2284 612 2364 exiguum
631 2284 773 2348 minime
793 2283 956 2347 concludi
977 2282 1099 2364 possit.
1124 2281 1320 2362 Argumen-

103 2395 172 2450 tum
196 2389 321 2455 harum
342 2391 566 2470 concionum,
589 2393 645 2456 uel
669 2392 862 2456 lectionum
885 2389 1017 2470 potins,
1044 2389 1206 2455 doctrina
1231 2391 1322 2455 cbri-

102 2495 212 2560 stiana
228 2507 316 2578 erat,
337 2497 449 2579 cuiuS,
471 2499 516 2562 ob
536 2498 788 2580 aegritudines
808 2515 897 2578 quas
911 2498 985 2562 dixi
1001 2498 1180 2578 superius,
1203 2497 1322 2562 multis

101 2603 273 2670 mensibus
290 2606 460 2672 lectiones
481 2623 545 2670 eae
564 2605 704 2672 fuerant
722 2607 955 2672 intermissae.
978 2605 1159 2670 Reuocata
1181 2622 1322 2687 quoque

103 2709 160 2774 fuit
175 2714 394 2779 consuetudo
413 2712 579 2779 audiendi
603 2713 856 2794 confessiones,
879 2731 1018 2795 semper
1037 2723 1155 2778 tamen
1175 2729 1322 2778 numero

100 2834 227 2898 eorum,
253 2821 313 2902 qui
338 2821 385 2886 ad
408 2839 474 2888 nos
498 2804 695 2903 corifitendi
715 2821 831 2902 gratia
858 2821 1042 2900 accedunt,
1070 2837 1255 2886 numerum
1279 2837 1321 2884 ac

100 2925 191 2991 uires
206 2928 502 2994 confessariorum
516 2939 717 2994 nostrorum
734 2946 864 3010 magna
879 2945 924 2993 ex
939 2938 1040 3010 parte
1055 2935 1256 3008 superante.
1278 2927 1321 2991 Et

98 3049 180 3097 sane
196 3044 268 3100 tam
282 3036 410 3102 uberes
422 3037 560 3102 fructus
573 3055 620 3101 ex
633 3036 914 3102 confessionibus
929 3036 1049 3115 colligi
1067 3035 1319 3116 conspicimus,

99 3148 133 3203 ut
146 3159 218 3206 non
231 3143 306 3208 sine
320 3161 453 3225 magno
467 3145 657 3209 uerborum
671 3153 845 3225 apparatu
859 3159 918 3206 res
929 3143 997 3207 dici
1007 3141 1141 3222 possit,
1152 3142 1183 3205 si
1194 3142 1321 3206 utilita-

98 3259 158 3326 tes,
174 3267 264 3330 quae
280 3252 362 3315 inde
377 3252 630 3334 complurimae
645 3251 851 3328 afferuntur,
872 3260 990 3314 essent
1008 3249 1215 3330 singillatim
1234 3251 1322 3314 refe·

99 3357 236 3438 rendae,
253 3359 283 3422 si
297 3358 405 3422 ettam
420 3369 506 3440 quot
520 3367 555 3423 et
569 3367 701 3438 quanta
717 3357 801 3420 uitia
817 3357 888 3420 sint
903 3357 1092 3438 extirpata,
1105 3367 1190 3438 quot
1207 3373 1323 3422 mores

97 3465 362 3546 corruptissimi,
385 3484 449 3530 nec
469 3466 583 3530 minus
603 3465 747 3545 recepti,
768 3465 803 3528 in
825 3463 989 3528 meliores
1010 3463 1080 3528 sint
1100 3464 1320 3541 commutati,

96 3573 265 3652 prosequi
275 3577 468 3653 oporteret.

153 3676 266 3760 Multi,
279 3682 339 3761 qui
358 3697 419 3760 per·
432 3679 634 3759 complures
644 3697 758 3744 annos
768 3679 953 3743 continuos
965 3679 1232 3742 occultauerant
1245 3695 1320 3758 pec·

97 3794 186 3860 catu,
204 3785 465 3866 confessisunt,
481 3787 610 3865 etiam,
629 3787 706 3850 vice
722 3793 870 3864 mutata,
887 3803 929 3849 eo
944 3785 1061 3849 animo
1081 3801 1168 3864 erga
1190 3785 1323 3849 confes·

96 3891 229 3957 sionem
244 3893 373 3972 affecti,
391 3905 429 3957 vt
445 3895 588 3960 minime
602 3911 666 3958 suo
681 3893 868 3975 desyderio
884 3893 1121 3970 satisfaciant,
1143 3892 1173 3956 si
1195 3902 1323 3957 octauo

95 4015 233 4080 quoque
246 4001 302 4066 die
317 4002 554 4066 conscientias
568 4017 652 4067 suas
667 4000 911 4066 sacerdotibus
922 4001 1096 4080 aperiant,
1109 4000 1178 4064 nisi
1189 4009 1224 4063 et
1235 3999 1323 4063 alios

95 4108 227 4172 multos
246 4125 367 4172 secum
390 4108 436 4172 ad
454 4108 547 4173 idctn
569 4110 732 4186 inuitent,
755 4107 924 4186 alliciant,
948 4097 1102 4171 traham.
1127 4106 1242 4182 Multi,
1264 4107 1325 4188 qui

94 4215 227 4280 nullum
240 4214 276 4279 in
291 4214 443 4280 ludendo
459 4216 601 4280 modum
617 4217 825 4294 retinebant,
848 4213 910 4278 sed
924 4231 999 4279 rem
1014 4230 1152 4278 omnem
1159 4213 1324 4293 familia·
1378 4205 1381 4210 ’

94 4339 164 4384 rem
184 4339 318 4402 magno
339 4339 492 4388 suorum
510 4323 734 4389 incommodo
754 4323 1029 4406 profundebant,
1053 4322 1098 4386 ad
1120 4323 1190 4387 alia
1212 4323 1322 4386 multo

94 4428 296 4496 honestiora
312 4431 485 4496 exercitia
500 4431 583 4497 sunt
598 4433 751 4498 auocati.
770 4431 841 4496 Sed
856 4448 1015 4496 cumeae
1031 4447 1087 4494 res
1103 4439 1176 4494 tam
1196 4431 1325 4493 multae

95 4537 240 4616 fuerint,
267 4547 303 4602 ut
329 4540 365 4603 in
390 4539 442 4604 eis
462 4541 689 4604 recensendis
705 4540 825 4620 possit
844 4539 999 4602 historia
1019 4537 1133 4616 longa
1154 4555 1220 4600 nec
1238 4536 1325 4599 inio-

95 4645 209 4710 runda
226 4647 370 4712 omnino
384 4648 474 4720 texi.
496 4647 526 4711 si
545 4646 581 4712 id
599 4647 674 4712 fieri
695 4647 894 4727 expediret,
918 4663 1025 4710 vnum
1047 4645 1115 4712 hoc
1135 4646 1231 4710 nolui
1253 4653 1326 4708 tarn

96 4761 328 4837 properanter
341 4756 550 4835 praeterire.
