3410 5528
371 445 426 508 358
784 441 955 510 Lmnm
974 461 1247 516 Qummsms

371 603 468 658 estas
482 593 603 675 piecas
623 611 667 658 en
691 594 819 658 blanco
844 611 933 675 para
955 595 1114 660 labrarse
1136 613 1160 676 y
1186 593 1465 675 perfectionarse
1486 611 1552 658 con
1567 593 1598 656 el

372 701 475 764 fauor
491 702 609 766 diuino
624 718 668 768 en
682 703 716 766 la
729 701 839 780 India,
856 719 990 784 porque
1005 703 1039 768 la
1055 701 1236 768 breuedad
1255 701 1310 772 del
1330 701 1462 784 tiempo
1481 719 1527 768 no
1541 701 1597 768 did

373 809 476 888 lugat
491 813 513 871 a
528 809 699 874 acabarse
714 813 793 874 aest.

432 915 554 982 Abora
570 921 679 982 uerne
704 917 793 982 alos
818 927 1085 999 ornamentosy
1110 918 1282 995 aderecos
1306 917 1351 988 de
1369 917 1510 998 capilla.
1526 915 1597 982 Pri·

374 1032 590 1088 meramente
616 1023 681 1088 dos
705 1022 941 1104 PontificaIeS,
958 1041 1028 1089 uno
1050 1022 1094 1090 de
1109 1025 1177 1090 tela
1193 1023 1237 1088 de
1251 1025 1348 1106 plata
1368 1040 1436 1092 con
1458 1024 1597 1104 guarni·

372 1130 454 1194 cion
465 1147 509 1194 en
524 1130 577 1194 los
593 1131 732 1209 ruedoS‚
749 1150 773 1212 y
793 1147 917 1196 cruzes
937 1131 1078 1196 delante
1098 1150 1122 1212 y
1147 1129 1268 1194 detras
1292 1129 1336 1200 de
1351 1129 1508 1196 brocado
1521 1129 1599 1212 pelo

373 1237 511 1318 blanco,
528 1257 554 1319 y
574 1238 744 1304 contenia
769 1246 865 1303 estas
886 1239 1019 1319 piecas:
1045 1237 1128 1302 Vna
1153 1237 1377 1318 uestimenta,
1403 1237 1598 1316 almaticaS,

374 1361 476 1425 capa,
493 1344 636 1425 frontal,
652 1351 744 1426 pano
759 1346 804 1410 de
817 1345 963 1426 pfflpito,
980 1351 1074 1426 pano
1089 1344 1132 1412 de
1152 1361 1231 1426 paz,
1246 1346 1407 1426 gremial,
1423 1344 1533 1412 funda
1546 1344 1600 1409 del

247 1509 252 1514 .
373 1451 505 1530 missal,
528 1469 595 1516 con
609 1453 663 1518 las
678 1461 776 1518 otras
798 1452 1043 1518 menudentias
1069 1451 1138 1534 que
1160 1451 1278 1520 andan
1297 1469 1458 1520 annexas
1473 1456 1495 1516 ά
1512 1460 1599 1529 esto,

375 1558 553 1625 afforrado
566 1559 609 1624 de
618 1560 786 1626 damasco
801 1559 909 1624 uerde
925 1576 994 1626 con
1009 1557 1144 1640 franjas
1160 1557 1203 1622 de
1216 1559 1302 1624 seda
1316 1562 1468 1624 carmesi
1481 1577 1506 1640 y
1521 1577 1601 1640 cay-

375 1666 467 1730 reles
482 1666 525 1730 de
540 1683 617 1730 oro.
801 1651 804 1660 ’
1395 1680 1400 1690 ·

435 1773 477 1838 ΕΙ
493 1783 571 1838 otro
592 1773 789 1854 Pontificen,
808 1791 874 1840 con
894 1774 948 1840 las
968 1774 1115 1838 mismas
1134 1773 1258 1854 piecas
1277 1775 1358 1856 quel
1377 1773 1543 1856 primero,
1559 1771 1602 1840 de

374 1880 529 1944 brocado
549 1883 641 1962 pelo,
662 1898 730 1946 con
754 1881 788 1946 la
802 1881 1006 1962 guarnition
1031 1881 1074 1947 de
1099 1880 1256 1948 brocado
1280 1882 1360 1962 pelo
1385 1879 1601 1958 encarnado,

375 1986 552 2052 aflorrado
568 1987 611 2051 de
625 1988 793 2052 damasco
808 1989 887 2052 azul
902 2005 968 2052 con
982 1986 1117 2068 franjas
1132 1987 1175 2054 de
1189 1989 1225 2052 la
1245 2003 1380 2056 mesma
1398 1988 1497 2066 seda,
1519 2003 1602 2068 cay-

375 2095 496 2158 relado
510 2095 555 2158 de
569 2113 643 2159 oro.
659 2095 795 2159 Ambos
810 2112 878 2160 eon
892 2111 954 2159 sus
973 2094 1130 2174 guardas
1144 2095 1188 2160 de
1202 2096 1273 2159 tela
1287 2095 1332 2160 de
1346 2093 1459 2162 Ruan.

435 2201 513 2267 Mas
529 2202 593 2267 dos
608 2203 776 2282 dosseles,
794 2219 863 2266 uno
884 2201 928 2266 de
949 2202 1117 2266 damasco
1139 2202 1267 2267 blanco
1287 2203 1331 2267 de
1350 2211 1476 2284 quatro
1491 2208 1602 2284 panos

376 2326 443 2373 con
458 2326 519 2374 sus
534 2308 681 2387 canefas
698 2309 705 2340 ¹
721 2308 766 2372 de
780 2310 972 2389 terciopelo
987 2311 1149 2390 carmesi,
1165 2326 1234 2380 con
1254 2308 1388 2390 franjas
1407 2307 1500 2376 dela
1516 2326 1602 2374 mes·

374 2431 433 2478 ma
448 2415 533 2479 seda
549 2433 616 2480 con
631 2434 692 2480 sus
706 2417 820 2493 §intas
835 2416 1009 2498 yanillos.
1025 2415 1067 2480 El
1081 2425 1159 2479 otro
1179 2416 1223 2480 de
1244 2416 1413 2481 damasco
1437 2419 1599 2493 tamesi,

373 2523 418 2587 de
432 2523 485 2586 los
499 2523 645 2588 mismos
656 2529 768 2604 panos
782 2542 807 2604 y
821 2523 1032 2603 guarnicion
1046 2522 1104 2586 del
1117 2541 1252 2588 mesmo
1263 2523 1468 2605 terciopelo,
1481 2542 1507 2605 y
1520 2523 1601 2588 todo

373 2630 408 2694 lo
423 2629 545 2694 demas
562 2647 604 2694 en
621 2647 662 2693 su
678 2628 933 2695 conformidad.

434 2735 512 2825 Mas
527 2735 592 2800 dos
603 2735 729 2800 mitras
745 2736 788 2800 de
805 2736 960 2800 brocado
975 2753 1042 2802 con
1057 2735 1189 2802 afforro
1209 2735 1253 2802 de
1273 2738 1367 2816 §etin
1385 2735 1397 2768 ¹
1412 2741 1565 2804 carmesi
1579 2756 1601 2818 y

374 2860 609 2924 passamanos
625 2841 668 2908 de
682 2860 757 2924 0r0;
773 2863 798 2924 y
812 2844 878 2908 dos
891 2843 1036 2908 bonetes
1050 2843 1094 2908 de
1108 2843 1202 2924 cetin
1217 2846 1368 2908 carmesi
1382 2861 1450 2910 con
1469 2843 1601 2910 afforro

375 2952 417 3016 de
433 2951 570 3016 tafetan
585 2953 747 3015 carmesi.
765 2949 843 3014 Mas
861 2949 926 3014 dos
946 2967 1051 3031 pares
1075 2949 1118 3015 de
1143 2960 1296 3031 guantes
1319 2949 1342 3014 ⁵:
1369 2951 1403 3016 el
1417 2967 1465 3016 un
1479 2969 1545 3034 par
1559 2952 1602 3016 de

373 3057 507 3123 tafetan
524 3060 686 3136 carmes{‚
705 3057 884 3122 afforrado
899 3075 943 3122 en
957 3058 1091 3122 tafetan
1102 3058 1240 3138 blanco,
1254 3075 1323 3122 con
1333 3073 1549 3140 passamano
1560 3058 1602 3122 de

373 3179 449 3241 0r0;
468 3167 500 3229 el
515 3175 593 3229 otro
609 3164 652 3228 de
667 3165 800 3228 tasetan
814 3164 942 3229 blanco
957 3181 1024 3229 con
1040 3163 1170 3230 afforro
1193 3164 1237 3230 de
1258 3164 1393 3230 tafetan
1413 3168 1565 3232 carmesi
1579 3184 1603 3246 y

374 3274 428 3337 los
443 3290 598 3337 mesmos
613 3289 859 3353 passamanos.

432 3377 536 3445 ‘Mas
548 3397 594 3443 un
609 3380 702 3460 palio
714 3381 758 3444 de
771 3378 938 3444 damasco
950 3381 1102 3444 carmesi
1113 3379 1156 3443 de
1164 3387 1291 3460 quatro
1302 3386 1418 3461 panos
1429 3397 1498 3445 con
1510 3381 1602 3446 fran-

376 3485 432 3568 jas
449 3487 492 3552 de
507 3489 542 3552 la
557 3503 689 3554 mesma
705 3485 801 3566 seda,
820 3503 887 3550 con
906 3503 967 3550 sus
992 3486 1166 3552 cordones
1189 3505 1214 3567 y
1233 3485 1348 3566 cintas
1363 3485 1407 3551 de
1420 3488 1455 3554 la
1470 3505 1602 3554 mesma

251 3651 253 3656 ,
374 3593 459 3658 seda
476 3615 500 3676 y
516 3611 598 3676 seys
612 3611 721 3658 varas
738 3593 933 3674 plateadas.

433 3703 512 3766 Mas
525 3702 591 3767 dos
607 3703 838 3767 vestimentas
858 3701 902 3765 de
924 3698 1093 3764 damasco
1113 3703 1275 3777 carmesi,
1296 3703 1537 3782 guarnecidas
1560 3702 1603 3767 de

373 3827 416 3875 su
432 3826 568 3876 mesmo
584 3810 788 3889 terciopelo,
804 3809 904 3889 ydos
925 3808 1122 3887 almaticaS,
1150 3828 1175 3889 y
1194 3808 1260 3872 dos
1278 3809 1448 3876 frontales
1468 3827 1536 3876 con
1550 3829 1602 3875 so·

373 3917 618 3994 brefrontales‚
634 3937 658 3997 y
674 3926 746 3981 tres
761 3917 881 3993 stolaS‚
898 3934 922 3996 y
936 3924 1063 3997 quatro
1078 3916 1289 3997 manipuloS,
1305 3915 1395 3980 todo
1404 3934 1448 3982 en
1463 3917 1601 3984 consor·

374 4025 496 4090 midad
510 4025 599 4090 delo
619 4025 752 4089 demas.
779 4023 990 4091 Assimismo
1016 4030 1113 4086 otras
1138 4021 1203 4087 dos
1225 4023 1457 4090 vestimentas
1482 4025 1526 4092 de
1545 4027 1600 4091 da·

376 4150 498 4198 masco
510 4133 689 4212 colorad0,
700 4150 766 4197 con
777 4131 989 4213 guarnicion
999 4130 1056 4194 del
1067 4147 1201 4194 mesmo
1214 4130 1418 4212 terciopelo,
1428 4149 1496 4198 con
1507 4133 1602 4214 igua·

374 4241 426 4304 les
441 4242 562 4322 piecas
577 4258 645 4323 que
660 4241 713 4303 las
728 4239 913 4320 passadaS.

417 4413 425 4444 ⁸
454 4411 636 4466 Simeonesas.

416 4485 428 4516 ¹
455 4485 506 4539 διες
517 4486 604 4528 satem
615 4489 641 4528 et
652 4483 730 4528 etlam
741 4483 824 4524 satin.

415 4557 428 4589 ⁸
455 4556 503 4600 ch
513 4555 597 4610 primo
607 4554 734 4608 scriptum
744 4561 801 4598 erat
811 4555 904 4605 lavas:
913 4555 957 4598 sed
967 4553 1017 4598 hoc
1028 4553 1103 4598 lineis
1108 4553 1272 4609 superductis
1278 4555 1433 4610 cnncessnto.
1445 4567 1526 4612 supra
1536 4557 1601 4602 inter

377 4630 458 4672 lineas
471 4628 574 4682 scripsit
585 4638 676 4671 munus
686 4627 739 4672 aua
746 4628 870 4680 gnanus.
881 4627 948 4681 quod
958 4625 1092 4681 hispanice
1102 4626 1242 4680 respondet
1252 4626 1382 4673 lusitanae
1393 4628 1450 4674 voc!
1461 4627 1549 4680 iuvas.

415 4700 425 4740 1
455 4699 502 4750 Hic
515 4699 603 4761 {ncipit
615 4698 787 4760 fragmentum
798 4698 918 4754 alterum,
930 4698 1019 4754 dequo
1030 4707 1116 4758 supra.
1128 4708 1188 4758 pay.
1197 4689 1343 4756 Βδῐζιηιιοῑ,
1357 4700 1376 4747 1.
