3504 5532
687 545 850 618 Μ’ίῇῧὸ
1331 549 1387 612 tus

151 688 891 771 dnmimmutquliemarriplmt,et
909 703 955 761 ert
975 699 1125 773 tutaque
1142 695 1396 773 umuti-

156 796 295 860 litatem
313 795 476 875 eupiunt.
501 794 574 876 Qui
593 797 630 862 in
645 797 858 863 domestins
883 796 1203 868 officiisotermdis
1224 802 1394 881 ooclrputi

151 909 249 980 sunt,
264 901 345 982 pari
360 901 544 982 diligentia
558 919 687 970 munus
699 921 806 970 suum
819 914 1053 985 exequuntur,
1069 905 1120 976 itu
1131 904 1388 985 aspernanti

152 1008 192 1072 in
206 1008 373 1074 omibus
381 1009 534 1074 elamat.
555 1008 805 1089 Multiuutem,
821 1013 985 1092 exemplo
1004 1021 1147 1093 patrum
1171 1013 1393 1095 manumque

151 1115 333 1194 minori,
350 1127 390 1179 se
404 1116 507 1180 nohis
519 1115 884 1198 munnerecnpiant:
905 1119 1238 1188 normullinostrns-
1248 1119 1393 1188 scholas

150 1221 394 1304 frequentans
409 1223 605 1288 meolam
626 1222 747 1288 uerbis
773 1241 817 1288 ac
841 1224 1018 1304 precibus,
1045 1239 1169 1294 uerum
1194 1226 1302 1292 etiam
1313 1227 1391 1292 uita

150 1345 198 1392 ac
213 1329 375 1393 moribus
390 1327 651 1408 demonstrm,
675 1339 896 1411 quantopere
917 1331 1122 1400 desiderent
1141 1333 1328 1400 uobiscum
1342 1337 1392 1398 ui·

153 1451 250 1501 uere.
268 1435 391 1502 Vnum
415 1435 614 1516 recepimus
639 1437 901 1508 adolescentem
926 1438 1041 1506 bonae
1063 1439 1203 1519 indolis,
1230 1448 1265 1504 et
1278 1440 1393 1512 inhu-

148 1543 376 1606 mamanibus
389 1543 503 1608 literis
516 1543 607 1608 bene
631 1543 819 1622 eruditum
846 1553 1012 1626 parentes
1037 1545 1144 1610 habet
1167 1563 1239 1610 non
1253 1555 1393 1616 laum

147 1665 287 1727 genere
301 1650 438 1714 nobiles
451 1659 488 1714 et
503 1665 655 1730 magnae
670 1650 956 1723 existimationis,
973 1652 1036 1716 sed
1051 1652 1162 1716 etiam
1182 1653 1393 1733 pietatisre·

160 1755 373 1837 ligionisque
388 1756 664 1822 amantissimos.

215 1861 418 1928 Renouatio
449 1864 647 1929 studiorum
677 1864 927 1931 honestissime
956 1881 1158 1947 magnoque
1187 1866 1392 1936 auditorum

149 1984 303 2034 numero
318 1971 498 2036 eelebrata
512 1980 578 2034 est:
594 1970 743 2036 aderant
765 1971 926 2038 homines
951 1971 1160 2040 nobilissimi
1184 1991 1256 2038 nou
1269 1975 1389 2055 pauci,

151 2087 298 2156 praeter
313 2075 429 2141 Rana
443 2076 668 2144 Cardinalem
690 2079 793 2142 huius
815 2079 972 2144 ciuitatis
997 2078 1017 2158 ¹,
1044 2080 1259 2161 Episcopum
1283 2080 1391 2163 Syra·

147 2201 331 2248 cosanum
346 2183 369 2263 ⁸,
386 2192 420 2248 et
439 2183 619 2250 Senatum.
639 2185 794 2250 Primum
808 2186 929 2251 habitu
942 2197 997 2250 est
1017 2188 1144 2266 oratio,
1169 2187 1294 2256 deinde
1314 2189 1388 2258 dia·

154 2292 260 2370 logos
274 2293 450 2356 recitatus
464 2309 601 2356 summa
617 2309 698 2357 cum
713 2293 870 2358 omnium
881 2293 1015 2358 laetitia
1030 2296 1062 2358 el
1074 2296 1213 2374 plausu.

214 2398 427 2478 ConcioneS,
444 2417 535 2480 quae
549 2401 621 2464 iam
635 2400 696 2464 diu
720 2400 862 2464 habitae
877 2409 969 2480 sunt,
986 2403 1104 2466 adhuc
1126 2403 1390 2482 continuantur,

152 2504 290 2569 humet
303 2505 400 2587 apud
412 2524 477 2570 nos
492 2517 527 2570 et
544 2506 633 2571 ioris
653 2507 690 2570 in
709 2507 861 2572 diuersis
886 2508 1122 2584 monasteriis;
1150 2509 1185 2573 in
1212 2510 1339 2588 quibus
1352 2523 1391 2576 ut

148 2630 225 2676 non
238 2615 392 2692 exiguus
407 2615 508 2677 labor
527 2615 751 2695 impenditur,
773 2615 824 2678 sic
843 2615 923 2679 inde
944 2616 1079 2680 fructus
1094 2617 1334 2697 amplissimus
1352 2628 1388 2682 et

147 2721 251 2782 omni
274 2721 398 2784 labore
422 2721 656 2800 dignissimus¹
673 2727 871 2802 promanat
891 2720 923 2800 ³;
947 2741 1013 2786 nec
1034 2723 1150 2786 minor
1174 2741 1220 2786 ex
1245 2723 1389 2788 assidua

147 2827 304 2890 lectione
320 2827 505 2890 doctrinae
531 2827 747 2892 christianae
773 2828 918 2892 utilitas
942 2829 1203 2908 proficiscitur,
1223 2830 1323 2894 cuius
1338 2831 1391 2894 rei

143 2943 206 2996 est
221 2933 393 2997 indicium
411 2933 611 3014 frequentia
631 2935 873 2998 confitentium
892 2946 927 3000 et
949 2937 1239 3016 participantium
1259 2952 1390 3016 corpus

152 3038 307 3103 Christi.
592 3099 595 3106 ,

212 3145 516 3225 ConfessionibuS,
537 3163 626 3226 quae
646 3149 819 3212 innostro
844 3151 974 3228 templo
1001 3149 1099 3227 fiunt,
1125 3149 1389 3228 aegrotantium

144 3270 295 3334 quoque
315 3253 501 3328 accedunt,
529 3253 574 3316 ad
594 3271 683 3334 quas
705 3251 901 3318 au'diendas
925 3255 1051 3319 Patres
1076 3257 1279 3337 frequenter
1292 3257 1392 3326 foras

142 3369 298 3425 exeunt.
315 3360 371 3424 Ex
384 3360 454 3424 illis
468 3361 613 3441 aliquot,
627 3362 688 3441 qui
699 3362 860 3442 patribus
875 3363 1099 3441 confitentur,
1116 3380 1155 3425 se
1169 3364 1207 3428 in
1225 3365 1391 3444 spiritali·

148 3469 221 3531 bus
237 3466 525 3531 meditationibus
540 3480 790 3544 exercuerunt,
805 3486 956 3548 quorum
971 3487 1073 3546 vaus,
1090 3470 1319 3535 nobilissimis
1330 3487 1390 3534 na·

147 3585 210 3637 tus
226 3574 446 3654 parentibus,
464 3575 671 3653 religionem
689 3574 949 3656 Capucinorum
963 3577 1130 3656 suscepit3
1144 3587 1188 3653 et,
1206 3596 1250 3640 ne
1266 3595 1390 3658 paren·

146 3694 207 3744 tes
222 3683 292 3744 hoc
304 3690 467 3744 sanctum
484 3683 705 3762 propositum
723 3683 944 3763 impedirent,
963 3685 1054 3763 fugit
1070 3685 1106 3748 in
1122 3686 1389 3762 monasterium,

148 3793 263 3868 longe
278 3807 299 3851 a
314 3788 491 3852 Panormo
506 3789 623 3854 situm.
639 3788 808 3854 Similiter
829 3790 990 3854 lecerunt
1012 3792 1170 3855 nonnulli
1189 3809 1235 3855 ex
1259 3793 1392 3855 nostris

143 3895 349 3974 discipulis
365 3897 428 3960 sed
439 3896 508 3959 alia
520 3897 658 3960 ratione
671 3897 717 3960 ad
728 3905 801 3960 tam
812 3907 976 3961 sanctum
996 3899 1214 3978 propositum
1233 3898 1387 3964 adducti.

146 4002 323 4066 Foemina
339 4003 526 4081 quaedam,
546 4020 637 4082 quae
658 4004 875 4066 monasterio
898 4003 981 4068 ΞΜ
1008 4003 1220 4068 Catherinae
1240 4022 1390 4086 praepo·

143 4111 222 4173 sita
239 4119 303 4186 est,
318 4109 547 4174 nobilissimis
562 4109 768 4189 parentibus
787 4121 879 4189 orta,
902 4129 944 4175 eo
960 4112 1113 4175 adducta
1134 4121 1187 4176 est
1207 4112 1389 4178 concioni·

146 4218 231 4290 buS,
249 4232 338 4296 quas
353 4214 460 4278 Pater
476 4216 618 4296 quidam
638 4216 687 4279 ibi
706 4216 839 4296 habuit,
855 4227 894 4280 ut
911 4219 982 4281 iam
1008 4220 1170 4281 consulat
1188 4217 1328 4284 Patrem
1343 4218 1390 4282 de

145 4323 408 4387 commutando
424 4324 502 4386 loco
523 4333 558 4386 et
579 4334 617 4386 ut
642 4339 743 4386 suum
763 4325 1020 4388 monasterium
1037 4325 1224 4405 relinquat,
1246 4335 1279 4388 et
1294 4326 1391 4389 aliud

198 4637 208 4668 l
239 4636 333 4680 Petrus
343 4635 484 4690 Tagllarlr
495 4636 526 4679 de
537 4637 652 4690 aragon,
664 4637 865 4682 Panormltunus
876 4638 999 4693 Archiep.
1010 4647 1036 4683 et
1047 4637 1202 4684 Cardlnalls.
1272 4673 1275 4680 .
1366 4650 1380 4680 .·

192 4707 205 4738 ¹
239 4706 411 4764 Hieronymus
421 4707 452 4752 de
463 4707 586 4760 Eonouiu,
597 4707 777 4764 Syracusanus
787 4709 1014 4764 Archieplscopus.

191 4779 206 4812 ³
238 4777 529 4824 Prouentt.l’otaut·us.
796 4799 798 4802 ·
