3436 5526
373 497 430 558 598
789 501 960 560 errnaaa
980 518 1252 570 ouannrnnsrass

378 647 488 710 frater
503 665 524 708 a
540 645 576 710 P.
603 645 752 711 Rectore
775 647 781 678 ¹
806 648 1001 712 aduocatus
1022 651 1103 713 naui
1130 650 1266 714 Mutina
1288 649 1489 714 Ferrariam
1507 648 1590 711 ueni·

378 765 449 832 ret,
476 754 708 818 inhominem
730 755 929 835 quemdam,
956 773 1068 820 annos
1095 775 1181 837 pene
1209 757 1445 837 quadraginta
1466 767 1587 828 uatum,

376 862 635 925 nominetenus
658 862 900 941 christianum,
928 865 1060 942 incidit,
1088 866 1147 944 qui
1172 865 1258 928 nihil
1283 881 1429 944 prorsus
1451 863 1492 926 de
1506 862 1583 924 chri·

374 970 493 1032 stiana
507 967 574 1032 fide
590 985 632 1032 ac
648 971 818 1048 religione
833 980 992 1048 nouerat,
1009 989 1074 1035 nec
1090 974 1287 1035 orationem
1302 972 1444 1052 quidem
1456 969 1587 1035 domini·

374 1093 455 1138 cam
469 1077 623 1155 tenebat,
640 1095 706 1140 nec
721 1095 759 1140 se
774 1079 876 1158 signo
888 1092 1033 1142 sanctae
1045 1081 1162 1142 crucis
1174 1080 1310 1142 munire
1318 1080 1465 1156 sciebat;
1482 1093 1589 1139 sacro·

372 1194 500 1246 sancta
520 1183 702 1247 Ecclesiae
720 1185 879 1248 instituta
901 1195 1141 1262 sacramenta,
1164 1187 1263 1263 ritus,
1285 1189 1401 1264 leges,
1426 1200 1589 1247 caeremo-

377 1291 525 1370 niasque
540 1292 740 1370 spernebat,
757 1290 971 1370 firmiterque
994 1294 1222 1355 asseuerabat
1245 1311 1282 1356 se
1303 1309 1483 1371 nunquam
1498 1289 1590 1352 mori·

376 1407 507 1476 turum;
521 1415 542 1459 a
554 1398 662 1461 caede
674 1399 864 1462 multorum
874 1416 944 1460 non
956 1400 1103 1476 alienus,
1115 1400 1276 1462 omnibus
1287 1399 1384 1462 uitiis
1392 1398 1590 1478 flagitiisque

374 1513 567 1584 coopertus
582 1515 669 1582 erat;
686 1521 790 1584 quem
806 1523 886 1568 curn
903 1505 1012 1568 frater
1025 1505 1104 1569 fidei
1120 1505 1289 1569 articulos
1300 1505 1510 1582 edocuisset,
1522 1519 1590 1565 eum

378 1612 503 1674 timore
519 1629 711 1691 poenarum
734 1629 776 1674 ac
796 1612 927 1676 Christi
947 1629 1068 1676 amore
1088 1613 1133 1676 ad
1153 1613 1283 1676 bonam
1302 1612 1443 1692 frugem
1458 1631 1478 1673 a
1493 1627 1591 1690 praua
1682 1617 1683 1652 l

377 1719 450 1781 uita
466 1719 658 1796 reuocauit,
676 1721 881 1799 sceleraque
896 1728 907 1759 ¹
922 1720 1140 1799 deploranda
1157 1720 1315 1796 adduxit,
1333 1720 1394 1799 qui
1408 1737 1446 1782 se
1471 1717 1590 1780 confes·

375 1842 499 1888 surum
514 1826 686 1906 promisit.
710 1825 765 1888 Ex
780 1825 847 1888 hoc
872 1827 1041 1905 gaudium
1067 1828 1192 1905 ingens
1214 1827 1384 1907 percepit,
1411 1826 1591 1906 quodcum

375 1934 494 1996 celare
508 1949 579 1996 non
594 1943 723 2012 posset,
741 1933 853 2012 signis
870 1934 1079 2013 quibusdam
1094 1933 1311 2010 declarabat,
1336 1934 1442 1996 aedes
1461 1945 1591 1996 nostras

377 2042 534 2103 maxima
555 2041 738 2120 diligentia
763 2042 965 2118 quaerebar,
994 2041 1140 2104 fratrem
1166 2041 1264 2104 miris
1285 2040 1400 2104 modis
1416 2043 1589 2114 extollens,

376 2163 483 2227 saepe
499 2147 558 2210 illa
579 2148 739 2210 iterabat.
769 2147 817 2210 “O
844 2147 1054 2228 Apostolum
1080 2147 1158 2226 Dei,
1176 2165 1196 2210 o
1212 2148 1405 2253 hominem
1416 2148 1592 2225 benignum

379 2262 485 2334 atque
500 2256 723 2331 humanum,

439 2360 505 2424 His
519 2361 641 2425 diebus
656 2361 725 2424 duo
739 2360 885 2424 hebraei
901 2362 1068 2441 baptizati
1085 2371 1165 2424 sunt
1184 2379 1294 2443 opera
1306 2361 1455 2424 fratrum
1471 2371 1592 2424 nostro·
1683 2387 1684 2392 ¹

380 2487 471 2547 rum,
494 2469 705 2549 plurimique
727 2469 772 2531 ad
791 2468 884 2531 idem
905 2485 1033 2532 munus
1054 2469 1591 2549 suscipiendumpraeparantur,

376 2576 491 2640 uariis
506 2576 542 2639 in
565 2576 653 2638 locis
669 2575 811 2640 detenti:
830 2577 866 2638 in
889 2575 943 2638 his
966 2577 1141 2656 quaedam
1164 2577 1297 2639 familia
1312 2577 1451 2656 integra
1468 2576 1594 2654 (mirum

373 2683 497 2762 dictu),
519 2695 630 2762 pater,
658 2694 783 2761 mater,
804 2701 874 2746 una
895 2701 976 2746 cum
998 2685 1150 2764 quinque
1172 2685 1302 2754 liberis,
1325 2687 1472 2747 multum
1488 2693 1592 2746 sunta

378 2787 420 2852 R.
437 2789 474 2852 P.
492 2788 643 2852 Rectore
664 2790 710 2853 ad
729 2790 961 2852 christianam
983 2790 1190 2870 religionem
1211 2789 1444 2870 profitendam
1459 2786 1593 2858 incensi,

374 2895 440 2975 qui
454 2897 577 2976 paucis
593 2906 672 2976 post
687 2897 809 2959 diebus
825 2897 873 2974 (ut
890 2897 1117 2972 arbitramur)
1139 2913 1282 2960 sacrum
1302 2898 1477 2977 baptisma
1497 2893 1593 2958 susci·

381 3003 489 3082 pient.
505 3003 536 3066 N
539 3021 596 3065 am
611 3004 725 3066 maior
740 3003 812 3066 fere
828 3004 930 3066 huius
946 3005 1101 3066 ciuitatis
1113 3021 1197 3083 pars
1209 3005 1348 3067 iudaica
1361 3017 1425 3082 cst,
1440 3004 1506 3066 uiri
1516 3017 1593 3064 sane
1684 3005 1685 3018 ¹

380 3111 541 3189 corporis
556 3121 691 3173 statura
707 3110 960 3190 praegrandes
979 3112 1173 3192 praeclaris
1190 3111 1322 3189 ingenii
1342 3111 1482 3174 dotibus
1500 3123 1591 3174 exor-

378 3219 464 3280 nati.
480 3217 572 3280 Hinc
587 3217 735 3280 fratrum
748 3217 848 3280 dolor
860 3236 903 3280 ac
915 3217 1034 3280 feruor
1047 3219 1082 3280 in
1095 3218 1170 3281 dies
1182 3229 1345 3298 augetur,
1359 3235 1438 3282 cum
1450 3228 1501 3281 tot
1515 3231 1591 3277 oues

378 3343 420 3388 ac
433 3326 523 3387 tales
538 3342 558 3386 a
574 3324 705 3387 Christi
721 3341 831 3403 grege
847 3326 1065 3399 aberrantes
1086 3335 1120 3388 et
1140 3326 1183 3388 de
1203 3337 1301 3388 recta
1322 3325 1380 3388 uia
1403 3323 1589 3387 exorbitan-

379 3441 433 3495 tes
448 3432 603 3510 uideant,
620 3443 658 3495 ut
674 3432 734 3494 uix
750 3449 829 3494 cum
844 3432 940 3494 foras
962 3432 1060 3494 exire
1083 3432 1175 3509 licet,
1200 3431 1404 3511 lachrymas
1425 3430 1591 3494 continere

380 3541 530 3620 possint.

440 3646 560 3710 Solent
575 3649 635 3726 qui
650 3657 808 3710 nostrum
822 3647 1048 3727 frequentant
1074 3649 1243 3727 templum
1264 3663 1516 3725 saepenumero
1531 3659 1595 3706 mu·

375 3755 483 3818 'lieres
498 3754 693 3834 impudicas
708 3765 744 3817 et
757 3755 853 3816 omni
868 3753 1084 3833 flagitiorum
1103 3771 1235 3834 genere
1256 3753 1446 3816 obstrictas
1467 3749 1593 3832 (quibus

375 3859 548 3923 ‚Ferraria
574 3861 741 3940 abundat)
768 3862 813 3926 ad
838 3861 1075 3924 confessionis
1101 3860 1322 3924 salutiferum
1347 3867 1595 3923 sacramentum

378 3967 577 4046 adhortari
593 3981 738 4049 propter
762 3971 855 4049 quod
879 3986 950 4032 non
975 3967 1063 4031 satis
1078 3968 1167 4032 bene
1183 3986 1203 4030 a
1219 3967 1355 4030 ciuibus
1371 3965 1591 4047 accipiuntur,

379 4075 443 4138 sed
468 4076 664 4138 maledictis
689 4075 922 4155 conuiciisque
949 4075 1183 4153 incessuntur,
1211 4075 1270 4153 qui
1292 4085 1429 4138 tantum
1455 4074 1548 4136 abest
1563 4079 1596 4130 ut

382 4184 612 4254 ulciscantur,
630 4192 667 4245 ut
682 4181 791 4245 etiam
803 4183 940 4262 gratias
956 4191 1078 4261 agant.

441 4287 624 4369 Quaedam
643 4289 807 4352 mulieres
827 4288 1115 4369 desperabundae
1131 4306 1169 4351 se
1190 4290 1225 4351 in
1246 4287 1382 4352 Padum
1403 4289 1595 4362 demergere

424 4674 433 4707 ¹
462 4674 489 4716 P.
501 4675 597 4727 ‚Ioanne
609 4675 632 4716 le
644 4673 766 4718 Pelletler
776 4672 959 4727 (Pelletarlus).

422 4749 434 4779 2
463 4749 521 4790 Alia
533 4756 623 4788 manus
633 4757 638 4788 ε
650 4747 675 4787 ef
687 4744 722 4786 ad
733 4744 834 4788 scelera
846 4743 1007 4796 deploranda
1018 4741 1134 4787 adduxit.
