3368 5528
621 543 683 602 An.
711 540 780 602 1556
1259 542 1313 602 537

94 699 124 752 et
137 689 170 752 in
184 689 338 771 patriam
350 689 459 768 missi,
475 699 515 752 vt
527 689 665 753 firmam
680 689 840 770 corporis
860 688 1097 753 ualetudinem
1117 689 1163 753 ibi
1179 690 1311 754 obtine·

94 805 175 875 rent;
187 797 224 860 hi
238 813 361 861 omnes
375 796 442 860 hoc
456 814 552 860 anno
566 797 707 860 fuerunt
722 796 990 877 quinquaginta,
1003 797 1179 860 nonenim
1193 797 1311 876 plures

93 903 210 968 domus
225 920 353 985 capere
372 913 523 984 poterat.
546 891 641 967 inter'
662 903 741 967 illos
762 911 843 967 sunt
857 919 1076 968 summorum
1097 905 1256 967 uirorum
1275 914 1311 967 et

93 1011 193 1074 totius
205 1010 410 1075 Lusitaniae
426 1009 629 1092 Principum
643 1009 716 1088 filii,
734 1027 822 1092 quos
837 1011 905 1074 huc
920 1019 1085 1090 parentes
1105 1028 1175 1074 non
1192 1013 1309 1074 solum

93 1127 228 1199 propter
243 1118 375 1196 literas,
392 1117 455 1182 sed
470 1118 577 1182 etiam
593 1126 736 1198 propter
750 1117 898 1182 liberam
918 1126 952 1181 et
972 1117 1163 1198 ingenuam
1185 1117 1311 1182 educa·

93 1225 215 1288 tionem
231 1225 384 1289 mittunt.
402 1224 534 1304 Regem
550 1225 618 1289 illis
638 1224 828 1304 collegium
848 1224 1025 1305 quoddam
1044 1226 1146 1289 nobis
1168 1225 1312 1289 coniun-

93 1341 191 1411 ctum,
204 1332 300 1414 quod
311 1333 480 1413 plurimos
492 1350 620 1414 capere
633 1332 754 1413 possit,
769 1331 934 1396 daturum
946 1349 1141 1413 speramus,
1155 1333 1249 1415 quod
1262 1333 1311 1397 ita

94 1439 157 1502 iam
172 1439 401 1504 constitutum
417 1457 458 1502 ac
475 1439 656 1504 decretum
672 1448 736 1503 est.

145 1543 250 1610 Pater
274 1547 346 1610 Leo
372 1545 589 1627 Olisiponem
620 1547 799 1627 proiectus
824 1557 900 1622 est,
924 1546 982 1610 cui
1006 1547 1177 1610 successit
1207 1543 1312 1608 Pater

96 1651 238 1718 Michael
253 1653 401 1718 aSousa
417 1671 497 1718 cum
512 1655 616 1719 simul
630 1653 737 1718 studii
752 1655 797 1718 sit
812 1653 1024 1734 praelectus
1036 1653 1187 1718 sortasse
1199 1653 1312 1716 donec

95 1757 192 1825 Pater
206 1759 342 1826 Doctor
356 1761 452 1826 aliud
467 1762 638 1826 instituat.
655 1761 733 1825 Huc
746 1763 841 1826 uenit
857 1760 963 1825 Pater
974 1760 1117 1826 Marcus
1133 1760 1310 1844 JeorgiuS,

94 1879 126 1931 ut
140 1869 173 1932 in
185 1869 299 1949 primo
320 1886 427 1932 cursu
451 1869 605 1948 doceret,
633 1869 691 1950 qui
718 1869 874 1934 omnium
900 1869 1194 1933 scholasticorum
1218 1867 1311 1931 uotis

93 1976 274 2056 expetitum
291 1975 333 2040 de
349 1975 408 2039 illo
423 1976 515 2039 enim
528 1977 683 2040 maxima
692 1987 849 2056 sperant.
861 1975 1031 2058 Princeps
1042 1976 1218 2040 Henricus
1230 1993 1310 2040 eum

93 2081 262 2147 dimittere
277 2084 430 2161 nolebat,
448 2084 515 2148 nisi
530 2085 613 2148 illuc
628 2082 732 2148 Pater
747 2083 820 2148 Leo
836 2084 1044 2162 mitteretur,
1061 2085 1121 2165 qui
1137 2084 1241 2148 modo
1257 2095 1311 2148 est

94 2185 269 2270 Olisipone
284 2201 322 2254 ut
336 2190 419 2255 illuc
434 2191 514 2254 inde
529 2191 730 2256 contendat.

146 2295 239 2362 Nihil
254 2297 349 2362 aliud
364 2307 429 2377 est,
446 2295 551 2362 Pater
566 2299 708 2379 optime,
726 2299 820 2380 quod
832 2299 877 2363 ad
892 2309 925 2362 te
941 2299 1106 2362 scribam.
1128 2298 1174 2362 Hi
1190 2316 1313 2363 omnes

93 2405 136 2468 tui
151 2403 212 2469 filii
233 2405 295 2470 tibi
309 2423 347 2469 se
362 2415 456 2470 totos
470 2405 625 2484 tradunt,
643 2415 836 2487 optantque
851 2416 890 2471 ut
912 2406 990 2470 illos
1009 2407 1080 2470 tuis
1095 2407 1312 2472 orationibus

92 2529 130 2574 ac
143 2511 328 2578 sacrificiis
342 2513 421 2578 Deo
436 2514 672 2591 commendes
688 2516 782 2595 quod
797 2514 904 2578 etiam
916 2515 961 2578 ab
974 2515 1135 2579 omnibus
1151 2515 1311 2595 patribus

93 2635 131 2682 ac
146 2620 325 2698 iratribus,
341 2622 402 2702 qui
417 2621 452 2686 in
467 2621 534 2684 ista
550 2620 654 2686 domo
675 2630 875 2703 versantur,
893 2623 972 2686 illos
987 2623 1131 2703 exigere
1146 2622 1311 2687 arbitror.

93 2725 190 2792 Vale.
928 2729 930 2735 '

410 2836 506 2900 Tuus
521 2836 687 2902 minimus
700 2836 803 2916 filius,

952 3043 1160 3108 Moucuneo.

146 3361 418 3445 Superscrr’ptr'o
432 3363 470 3426 in
485 3369 617 3444 quarta
623 3364 781 3445 pagina:
791 3363 964 3446 †·Almuy
975 3362 1052 3428 ΝΟ
1070 3383 1114 3428 en
1126 3363 1190 3428 X.⁰
1201 3363 1314 3428 Padre

93 3467 121 3529 el
135 3467 169 3533 P.
187 3469 235 3535 M.
251 3469 390 3550 ignatio
403 3471 581 3552 preposito
595 3473 742 3551 general
757 3471 800 3536 de
814 3473 846 3534 la
862 3471 1056 3553 Componia
1077 3473 1119 3536 de
1138 3471 1253 3555 Jesus,
1270 3488 1314 3535 en

94 3572 214 3640 Roma.

150 3683 233 3749 Alia
247 3685 497 3769 manu.·Jesus.
515 3685 781 3767 Quadrimestre
798 3690 917 3764 latina,
935 3687 1064 3766 (credo)
1080 3688 1132 3751 sia
1145 3688 1188 3752 de
1201 3687 1315 3752 Coim-

93 3789 151 3852 bra
165 3791 221 3856 del
237 3791 383 3874 Maggio
394 3793 450 3857 del
468 3793 545 3858 1556
560 3793 580 3858 ¹.

130 4069 138 4102 ¹
167 4059 222 4117 Non
235 4075 298 4118 bene
310 4075 420 4128 legerat,
431 4076 473 4130 qul
484 4076 548 4120 haec
564 4077 677 4132 scripsit,
687 4088 831 4122 sermonem
844 4078 869 4122 ln
881 4077 920 4122 iilo
930 4077 1026 4122 litteris
1037 4077 1090 4122 lieri
1102 4077 1134 4120 tle
1149 4078 1225 4121 rebus
1236 4078 1314 4122 etiam

92 4155 151 4196 quae
163 4157 254 4191 rufnae
263 4147 347 4202 Junio
357 4155 448 4202 gestae
459 4147 541 4193 luere.
