3368 5528
666 507 730 570 Ait.
752 505 822 570 tuto
1303 503 1358 570 579

117 655 156 720 in
187 651 285 737 foro,
314 656 436 738 pulsos
461 671 504 720 ac
529 655 735 722 deturbatos
760 673 805 720 ex
829 656 945 720 media
971 656 1087 736 platea
1113 657 1354 728 circulatores,

120 774 235 846 atque
252 764 322 827 alia
338 761 373 827 ld
387 778 502 845 genus
520 765 643 828 multa.
1016 829 1019 834 .

183 869 273 934 lnde
292 877 373 951 post
396 869 434 933 15
451 869 527 934 dies
550 870 595 934 ad
614 869 834 935 Mateolanos
854 869 1068 947 (Matelicam
1088 871 1220 948 dicunt)
1244 869 1357 952 profe·

118 978 184 1056 cti,
198 976 405 1041 incredibili
419 993 541 1041 amore
556 986 661 1058 atque
676 976 812 1042 honore
833 995 854 1040 a
872 975 1066 1042 Praefectis
1085 995 1207 1042 eorum
1227 976 1356 1040 aduen-

117 1097 179 1148 rus
193 1091 447 1164 esrexceptus.
465 1083 527 1163 lbi,
544 1083 625 1147 licet
640 1083 851 1166 importune,
873 1083 1103 1148 concionator
1121 1082 1266 1165 quidam
1285 1101 1355 1148 mo·

117 1192 275 1269 nachus,
297 1190 506 1270 nescioquo
527 1190 800 1270 studio'ductus,
822 1207 952 1271 magna
971 1200 1112 1255 nostros
1132 1194 1358 1256 contentione

115 1307 359 1380 oppugnaret,
382 1297 466 1361 dum
487 1298 539 1361 sic
560 1296 774 1361 venerabilis
788 1307 823 1361 et
842 1313 1095 1362 sacrosanctae
1109 1297 1356 1362 Eucharistiae

116 1409 300 1470 honorem
314 1415 349 1468 et
363 1406 498 1468 cultum
513 1404 629 1484 magis
643 1407 735 1468 tueri
751 1423 793 1469 ac
809 1405 961 1470 retinere
975 1415 1128 1486 putaret,
1145 1406 1176 1469 si
1195 1404 1356 1487 frequen-

116 1525 193 1577 tem
215 1514 295 1576 eius
312 1512 444 1594 populo
463 1511 686 1576 iterationem
705 1511 1036 1594 perceptionemque
1057 1512 1232 1576 obstinate
1252 1528 1358 1592 nega·

117 1631 189 1702 ret,
206 1629 243 1684 et
260 1619 428 1683 anostris
442 1619 576 1700 passim
591 1619 845 1700 praedicatam,
863 1629 1006 1683 strenue
1019 1618 1229 1701 fortiterque
1248 1620 1359 1700 impu·

116 1737 270 1810 gnaret:
284 1735 354 1807 par
369 1735 486 1790 tamen
502 1743 548 1790 ex
562 1742 605 1788 eo
619 1730 726 1806 atque
739 1745 785 1790 ex
804 1728 883 1818 aliis
900 1727 1040 1808 populis
1058 1726 1195 1791 fructus
1215 1725 1360 1791 Christo

118 1831 296 1916 uindi[ce]
313 1833 544 1915 praesideque
559 1841 750 1914 perceptus
765 1841 831 1898 est.

182 1941 369 2019 Fabriani,
386 1950 528 2022 praeter
543 1954 762 2004 communem
778 1941 885 2006 totius
905 1941 1024 2023 populi
1043 1942 1197 2006 fructum
1212 1959 1257 2006 ex
1279 1959 1360 2005 con·

118 2049 297 2128 tionibus,
313 2065 359 2112 ex
373 2048 536 2112 doctrina
551 2049 756 2127 christiana,
773 2066 819 2113 ex
830 2059 1034 2114 sanctorum
1045 2048 1359 2113 commum'crehri·

117 2163 199 2222 tute
225 2161 552 2234 sacramentorum,
571 2155 640 2220 duo
660 2155 708 2220 ibi
728 2156 897 2220 coenobia
917 2157 952 2220 in
973 2157 1159 2237 pristinam
1179 2156 1361 2236 religionis

117 2263 371 2345 integritatem
385 2273 421 2326 et
434 2262 530 2327 vitae
545 2264 834 2328 communitatem
850 2273 931 2327 sunt
942 2266 1116 2328 restituta.

184 2370 382 2436 Praeclara
402 2387 488 2434 uero
508 2378 543 2433 et
565 2369 798 2451 admirabilia,
820 2387 910 2451 quae
930 2371 966 2434 in
986 2369 1118 2435 Sancto
1139 2371 1293 2435 Genesio
1314 2371 1361 2450 (in

117 2479 333 2563 praecipuis
346 2493 389 2541 ea
404 2487 459 2541 est
473 2477 594 2542 Piceni
607 2477 824 2556 ciuitatibus)
839 2479 1049 2558 praesertim
1061 2479 1096 2542 in
1109 2479 1227 2542 multis
1239 2479 1360 2542 haere·

117 2589 209 2652 ticis
225 2594 333 2664 atque
348 2583 529 2648 Ecclesiae
545 2585 750 2666 transfugis,
768 2595 849 2649 acta
865 2594 958 2648 sunt.
972 2582 1104 2648 Omnes
1115 2585 1164 2648 illi
1175 2585 1360 2666 siquidem,

117 2697 200 2758 ram
217 2692 386 2756 obdurati
400 2692 460 2755 diu
475 2701 509 2756 et
523 2692 707 2755 excaecati
721 2692 757 2754 in
773 2709 814 2755 ea
830 2692 988 2773 perfidia,
1006 2709 1140 2771 omnes,
1155 2694 1283 2773 quibus
1303 2692 1362 2756 du·

120 2803 317 2876 cebantur,
333 2814 474 2862 errores
492 2799 637 2864 insanos
655 2799 795 2874 eiurati,
816 2805 1069 2864 sacrosanctae
1087 2817 1165 2864 sese
1185 2799 1365 2863 Ecclesrue

120 2915 361 2984 reuocarunt;
378 2893 484 2985 ar'que
498 2921 570 2968 vno
584 2921 706 2968 omnes
720 2921 906 2985 consensu,
928 2924 1019 2989 quae
1041 2905 1086 2970 ad
1105 2906 1365 2971 subuertendos

121 3029 282 3081 suorum
296 3013 427 3076 ciuium
442 3011 581 3078 animos
595 3013 732 3077 nefaria
746 3014 993 3078 conuenticula
1009 3015 1150 3079 assidue
1165 3015 1364 3079 celebraue-

120 3132 225 3201 rant,
243 3118 433 3186 infidelem
448 3131 483 3184 et
498 3129 660 3184 sanctam
672 3120 889 3198 societatem,
903 3121 949 3184 ad
960 3138 1062 3185 suam
1073 3137 1365 3202 communemque

123 3231 269 3298 ciuium
285 3229 445 3308 salutem,
467 3243 512 3290 ex
533 3227 747 3291 authoritate
765 3237 799 3290 et
820 3229 1041 3310 praescripto
1061 3240 1278 3308 nostrorum,
1301 3229 1367 3292 sub

121 3353 260 3404 eorum
276 3335 399 3398 oculos
415 3334 651 3414 contulerunt,
668 3343 702 3397 et
717 3334 753 3396 in
769 3334 917 3414 singulis
932 3335 1111 3400 mensibus
1131 3338 1287 3400 solemne
1307 3337 1365 3398 do·

123 3444 307 3512 minicum
322 3441 501 3506 celebrare
522 3441 725 3506 conuiuium
745 3442 984 3506 instituerunt.
1004 3442 1081 3506 Hoc
1101 3459 1186 3507 uero
1206 3452 1279 3506 tam
1297 3459 1366 3506 me-

124 3551 322 3629 morabile,
344 3555 519 3628 quantum
539 3549 658 3613 multis
676 3559 759 3613 ante
780 3549 882 3612 annis
902 3550 938 3613 in
958 3547 1088 3614 Piceno
1107 3566 1179 3612 non
1201 3550 1365 3629 contigat.

124 3661 271 3739 Magna
282 3668 360 3720 erat
371 3655 593 3737 perditorum
605 3657 788 3720 hominum
799 3657 997 3733 multitudo;
1009 3673 1141 3737 graues
1152 3666 1186 3720 et
1200 3655 1369 3737 flagitiosi

124 3780 292 3832 errores:
308 3764 385 3845 ipsa
399 3762 551 3842 denique
566 3763 706 3842 ciuitas,
722 3779 785 3843 per
797 3763 972 3842 insignem
987 3762 1181 3844 infamiam,
1194 3763 1380 3847 improb0·'

125 3891 218 3943 rum
233 3870 435 3952 perfugium
447 3879 553 3950 atque
565 3871 705 3950 asylum
715 3869 983 3935 lutheranorum
995 3871 1115 3952 uulgo,
1129 3870 1165 3935 id
1176 3870 1270 3953 quod
1281 3881 1369 3951 erat,

125 3979 349 4048 habebatur.
368 3977 422 4070 ὓς
435 3993 474 4040 eo
486 3977 598 4058 plane
609 3977 695 4058 quid
709 3977 847 4040 estana
859 3991 931 4041 non
942 3977 1045 4042 uidw
1057 3978 1224 4059 m'st'quia
1240 3978 1372 4059 digitus

125 4091 230 4166 Dei,
237 4084 355 4149 Patris
369 4085 609 4150 Emmanuelis
623 4095 658 4148 et
673 4085 854 4160 comitum,
871 4085 907 4148 ia
922 4095 1047 4149 sancta
1059 4103 1102 4148 ea
1116 4087 1372 4166 peregrinatio·

124 4216 189 4277 ne,
214 4209 363 4258 cursum
382 4193 529 4272 uiasque
547 4192 689 4272 direxit,
711 4209 863 4273 quorum
884 4209 1071 4274 operares
1089 4203 1163 4257 tam
1183 4193 1314 4257 arduas
1329 4211 1372 4258 ac

124 4302 303 4372 difficiles
316 4299 422 4364 toties
436 4309 607 4380 tantoque
621 4299 692 4363 iam
708 4299 792 4363 olim
807 4301 928 4364 labore
943 4318 965 4363 a
975 4300 1199 4380 grauissimis
1213 4301 1372 4366 summis·

125 4429 206 4498 que
234 4409 324 4473 uiris
345 4407 605 4489 necquicquam
623 4407 790 4488 agitatas,
812 4407 1036 4488 omnipotens
1050 4407 1148 4472 Deus
1163 4409 1314 4474 confecit
1329 4411 1374 4474 ad

126 4522 330 4598 exitusque
344 4526 487 4597 optatos
500 4523 534 4578 et
548 4514 670 4578 felices
681 4513 858 4596 perduxit.
872 4514 946 4579 Nec
956 4516 1005 4579 ibi
1016 4515 1127 4581 defuit
1138 4519 1376 4599 reparandum

130 4623 412 4704 monasterium,
429 4623 536 4702 longe
556 4621 723 4702 omnium,
745 4639 835 4703 quae
858 4621 1026 4688 Picenum
1046 4623 1163 4699 habet.
1183 4625 1375 4692 dissolutis·

130 4743 288 4813 simum
303 4736 554 4814 recuperatum
569 4746 656 4796 uero
670 4736 705 4794 et
729 4729 870 4796 Christo
891 4732 934 4796 ab
952 4731 1102 4798 interitu
1126 4738 1304 4818 (quamtus
1320 4737 1376 4804 de·
