3504 5532
533 1127 535 1134 ’
635 1183 945 1269 oonxxxvr

194 1529 199 1544 '
227 1529 430 1606 Stephanus,

266 1628 320 1687 Ex
332 1630 576 1690 commissione
590 1631 701 1691 Patn's
714 1632 852 1706 Joannls
865 1634 1038 1695 Laurentii
1052 1635 1250 1706 cavallerii,

302 1729 394 1788 Patri
408 1727 537 1803 Ignatio
550 1728 592 1788 de
605 1729 744 1805 Loyola.

338 1825 485 1901 Tybure‚
502 1827 532 1885 ll
547 1827 675 1903 Aprilis
689 1828 758 1886 1556
772 1830 792 1884 ¹.

755 2062 835 2200 Jrls

240 2353 366 2419 Gratia
382 2367 416 2420 et
430 2375 519 2438 pax,
536 2367 604 2422 etc.

240 2461 340 2541 Quae
355 2481 375 2526 a
390 2473 541 2543 quatuor
561 2465 757 2544 mensibus,
779 2465 984 2529 Reuerende
1003 2465 1175 2546 imprimis
1190 2465 1307 2542 Pater,
1326 2473 1409 2528 tuae

174 2569 282 2632 nobis
296 2567 526 2634 Reuerendae
543 2570 750 2636 paternitati
765 2571 953 2636 scribenda
969 2571 1179 2651 acciderint,
1196 2572 1254 2634 hic
1269 2570 1406 2650 pauciS,

172 2693 273 2756 quae
285 2693 400 2757 pauca
415 2687 507 2753 sunt,
524 2678 568 2741 de
582 2695 681 2741 more
696 2678 802 2742 solito
817 2695 1045 2758 exponemus,

242 2781 297 2846 Ac
316 2782 432 2862 primo
457 2784 550 2863 quod
576 2783 620 2847 ad
640 2784 830 2864 discipulos
850 2785 1021 2864 pertinet,
1044 2784 1170 2848 dehinc
1190 2785 1233 2848 de
1256 2785 1409 2848 caeteris

173 2889 343 2952 omnibus
359 2890 482 2953 ordine
497 2907 762 2970 prosequemur.
780 2889 982 2971 Discipulos
997 2890 1056 2954 hic
1071 2891 1242 2954 habemus
1261 2908 1410 2954 numero

175 2996 326 3060 circiter
343 2995 411 3074 120;
427 2998 546 3076 plures
561 2997 735 3060 hactenus
746 2995 947 3077 habuimus;
960 2999 1070 3061 multo
1084 2997 1206 3061 indies
1219 2999 1337 3078 plures
1350 2998 1411 3061 ha·

178 3103 301 3181 bituri,
322 3104 391 3167 nisi
412 3104 656 3184 ludimagister
681 3103 824 3185 quidam
846 3121 961 3168 nouus
986 3105 1180 3168 conductus
1201 3105 1272 3168 huc
1287 3104 1411 3170 suisset

178 3228 307 3291 nuper,
324 3211 371 3274 ad
385 3228 489 3291 quem
505 3211 664 3274 nonnulli
679 3227 723 3274 ex
745 3209 927 3290 discipulis
945 3211 1093 3289 nostris,
1110 3229 1182 3274 non
1202 3212 1335 3293 absque
1350 3229 1414 3291 pa·

175 3327 322 3381 rentum
336 3334 481 3381 suorum
497 3333 684 3394 consensu,
701 3315 770 3379 cito
784 3317 1034 3381 discesserunt.
1049 3317 1145 3398 Quos
1158 3318 1274 3382 adhuc
1286 3319 1413 3382 retinc-

178 3441 274 3501 muS,
290 3424 388 3486 hisce
404 3441 424 3486 a
440 3423 542 3486 nobis
556 3423 767 3487 lectionibus
782 3432 1005 3486 exercentur.
1022 3423 1116 3487 Ante
1130 3423 1335 3504 prandium,
1353 3443 1412 3488 au·

176 3531 258 3594 dito
282 3531 432 3608 singulis
451 3529 574 3593 diebus
597 3546 736 3593 summo
760 3547 864 3593 mane
889 3547 1004 3608 sacro,
1032 3539 1067 3593 et
1092 3531 1288 3610 praemissa
1313 3532 1412 3595 breui

177 3649 268 3701 ante
286 3639 472 3701 lectionem
494 3637 731 3715 oratiuncula,
754 3636 952 3717 auditisque
976 3637 1230 3716 discipulorum
1256 3639 1413 3702 omnium

179 3744 394 3807 lectionibus
409 3745 464 3822 113,
480 3760 569 3824 quas
586 3743 750 3806 hesterno
766 3743 821 3806 die
837 3743 1036 3807 didicerunt
1048 3745 1250 3807 memoriter
1261 3745 1412 3808 recitan-

177 3850 263 3928 daS,
277 3850 474 3930 oblatisque
485 3852 521 3912 in
536 3850 613 3929 ipso
627 3849 702 3913 ludi
717 3849 881 3930 ingressu
893 3850 1063 3930 materiis,
1079 3867 1169 3931 quas
1183 3851 1338 3930 quotidie
1349 3851 1413 3914 ita-

181 3957 253 4020 lice
269 3975 289 4018 a
304 3956 406 4018 nobis
418 3955 610 4035 excipiunt,
623 3956 734 4018 latino
746 3972 908 4019 sermone
920 3957 956 4019 in
971 3956 1114 4037 scriptis
1128 3956 1337 4036 reddendaS,
1351 3973 1414 4036 ag·

177 4061 367 4144 gredimur
382 4080 448 4142 pro
463 4062 621 4125 inferiori
636 4062 750 4124 classe
765 4061 808 4125 de
823 4063 1012 4140 generibus
1026 4061 1276 4143 Despauterii¹
1292 4064 1414 4126 lectio·

178 4185 278 4246 nem,
295 4187 364 4250 qua
378 4167 521 4248 saepius
536 4167 696 4248 repetita,
714 4168 929 4247 examinata,
946 4185 989 4232 ac
1009 4168 1158 4249 denique
1174 4169 1348 4250 absoluta,
1365 4172 1413 4233 al·

179 4289 301 4340 teram
327 4293 390 4356 pro
422 4275 641 4355 aliquantulo
671 4274 954 4354 prouectioribus
979 4276 1187 4355 lectionem,
1214 4294 1340 4356 nempe
1370 4277 1414 4340 de

179 4383 386 4464 praeteritis
402 4399 445 4445 ac
460 4382 596 4462 supinis
610 4381 783 4460 eiusdem,
800 4381 922 4444 eodem
938 4381 1060 4462 modo,
1077 4399 1146 4463 quo
1161 4385 1327 4464 priorem,
1345 4383 1415 4447 dis·

228 4660 236 4690 ·
267 4659 456 4714 Autograpnae
466 4657 561 4712 duplici
572 4657 641 4711 lolio,
653 4669 677 4702 n.
689 4657 747 4701 ltet
759 4657 791 4702 15.

224 4733 240 4764 ²
268 4729 379 4784 Joannea
388 4741 442 4774 vau
453 4729 581 4775 Panteren
592 4729 805 4784 (Despauterlus).
