3368 5528
364 488 421 549 518
745 487 917 546 errsuan
936 501 1208 555 ouaomuasraus

365 651 488 696 omues
509 633 699 713 aliquando
720 633 866 698 summis
884 633 1048 714 precibus
1063 651 1084 694 a
1104 631 1255 697 Rectore
1279 631 1286 664 ¹
1306 633 1530 710 contendant,
1550 645 1583 694 ut

365 757 437 818 eos
455 757 674 820 quacumque
690 741 840 803 uoluerit
856 757 982 820 poena,
1000 739 1139 818 afficiat,
1163 753 1308 820 propter
1323 757 1444 803 eorum
1466 740 1509 814 (si
1524 739 1582 801 hoc

365 865 449 912 uere
464 847 534 910 dici
549 849 675 928 potest)
691 848 726 910 iu
742 847 974 911 obseruandis
989 847 1121 926 regulis
1136 849 1401 928 negligentiam.

426 954 550 1018 Patres
572 972 658 1017 uero
678 955 722 1018 iis
750 963 891 1035 praesto
914 971 991 1018 esse
1014 957 1143 1032 solent,
1167 955 1227 1036 qui
1252 973 1271 1018 e
1300 956 1374 1018 uita
1396 954 1581 1030 discedunt,

366 1080 495 1142 cosque
507 1062 579 1124 suis
590 1061 893 1125 cohortationibus
905 1063 1073 1125 adiuuant
1086 1072 1119 1125 et
1131 1062 1352 1126 confirmant:
1366 1062 1473 1143 quod,
1486 1077 1582 1141 quam

367 1170 449 1233 utile
466 1187 508 1232 ac
524 1169 600 1232 Deo
616 1169 695 1250 Opt.
712 1170 808 1232 Max.
824 1180 968 1248 gratum
980 1171 1035 1244 sit,
1052 1169 1170 1232 uerbis
1185 1170 1354 1250 explicari
1377 1187 1447 1232 non
1464 1177 1582 1248 potest.

367 1275 456 1340 Nam
479 1293 559 1338 cum
581 1276 736 1340 maxima
758 1286 793 1340 et
815 1277 1067 1357 propemodum
1091 1277 1307 1341 incredibilis
1329 1276 1582 1356 aegrotantium

368 1383 553 1446 multitudo
568 1383 604 1446 in
617 1382 685 1445 hac
710 1385 796 1447 urbe
815 1385 872 1458 sit,
894 1385 991 1448 iniis
1014 1384 1208 1448 inuiscndis
1229 1401 1271 1448 ac
1293 1383 1450 1464 peccatis
1472 1399 1584 1445 eorum

367 1489 608 1570 expurgandis
628 1490 703 1553 dies
721 1502 912 1571 noctesque
933 1503 1153 1556 consumunt:
1178 1501 1297 1555 tantus
1319 1501 1372 1553 est
1394 1491 1487 1553 enim
1508 1505 1584 1566 erga

367 1608 507 1660 nostros
523 1597 679 1662 omnium
700 1616 800 1662 amor
820 1608 853 1662 et
873 1600 1129 1678 beneuolentia,
1152 1607 1320 1679 tantaque
1342 1598 1384 1662 de
1406 1598 1449 1661 iis
1470 1608 1541 1660 tum
1555 1597 1585 1657 in

368 1703 487 1780 literiS,
505 1713 578 1767 tum
594 1705 700 1768 etiam
720 1707 756 1769 in
775 1707 905 1769 uirtute
928 1725 970 1770 ac
991 1707 1084 1770 uitae
1104 1707 1338 1770 sanctimonia
1361 1705 1454 1784 apud
1474 1719 1587 1766 omnes

368 1812 486 1892 opinio
502 1823 565 1888 est,
584 1821 621 1874 ut
636 1813 766 1876 nemini
785 1811 828 1876 de
851 1815 1006 1894 peccatis
1022 1811 1179 1877 confiteri
1200 1813 1308 1876 uelint
1329 1811 1397 1874 uisi
1412 1811 1491 1876 illis:
1513 1825 1584 1872 cum

368 1929 486 1981 tamen
502 1919 537 1980 in
553 1919 621 1981 hae
638 1917 723 1982 urbe
743 1929 777 1982 et
797 1920 981 1984 doctorum
1003 1931 1036 1984 et
1057 1921 1304 1999 religiosorum
1323 1919 1504 1982 hominum
1522 1935 1585 1979 non

368 2041 478 2105 parua
500 2025 687 2089 multitudo
709 2026 765 2090 sit:
790 2027 884 2105 quod
906 2027 1047 2108 quidem
1069 2045 1113 2091 ex
1136 2045 1177 2090 eo
1200 2029 1255 2090 uel
1277 2027 1430 2090 maxime
1455 2025 1585 2088 euenire

368 2132 542 2211 existimo,
559 2133 641 2211 quia
656 2149 737 2197 cum
752 2135 850 2197 multi
868 2153 912 2196 ex
932 2135 986 2197 his
1008 2135 1143 2198 crebris
1159 2134 1288 2200 diaboli
1308 2131 1586 2213 persuasionibus

368 2256 409 2302 eo
436 2239 658 2302 miseriarum
684 2238 924 2318 deuenissent‚
952 2249 989 2304 ut
1014 2241 1057 2304 de
1082 2242 1195 2304 salute
1222 2241 1420 2304 animorum
1453 2253 1587 2302 suorum

367 2346 509 2408 omnino
529 2346 777 2426 desperassent
801 2347 844 2410 ab
862 2365 972 2426 eoque
995 2367 1016 2410 a
1038 2347 1305 2428 quamplurimis
1329 2345 1513 2426 religiosis,
1534 2344 1587 2422 qui

368 2469 405 2514 se
431 2451 532 2516 huius
559 2453 609 2516 rei
630 2455 748 2532 gratia
771 2471 813 2516 eo
839 2449 1073 2532 contulerant,
1099 2455 1226 2518 abduci
1249 2471 1319 2517 non
1341 2460 1496 2533 possent,
1520 2460 1587 2512 tan·

326 2603 328 2608 -
368 2558 446 2621 dem
463 2559 581 2621 diuina
599 2557 664 2622 Dei
680 2557 761 2639 Opt.
784 2560 879 2623 Max.
900 2561 1056 2624 bonitate
1076 2559 1239 2623 effectum
1260 2569 1324 2637 est,
1348 2558 1478 2622 uostris
1497 2571 1576 2618 acce

370 2665 543 2739 dentibus
562 2674 597 2729 ut
614 2666 659 2728 ab
674 2667 716 2729 iis
732 2667 893 2730 omnibus
911 2668 1158 2732 liberarentur.

430 2773 671 2836 Accersuutur
686 2784 869 2854 praeterea
885 2776 997 2837 nostri
1012 2775 1058 2837 ad
1075 2775 1229 2854 gratiam
1245 2775 1336 2837 inter
1356 2774 1484 2836 multos
1504 2785 1587 2834 com·

368 2880 570 2960 ponendam
586 2892 690 2960 atque
707 2881 775 2943 alia
789 2881 1049 2962 quamplurima
1060 2882 1203 2961 pietatis
1215 2880 1340 2958 officia,
1353 2879 1480 2960 quibus
1491 2874 1588 2940 omni-

368 2989 433 3050 bus
448 2987 563 3066 rebus,
582 2988 713 3050 auxilio
730 2997 765 3051 et
785 2988 907 3052 fauore
927 2989 1058 3066 diuino,
1082 2988 1160 3052 licet
1185 2989 1288 3068 pauci
1306 2987 1388 3064 sint,
1412 2997 1527 3050 tamen
1543 3001 1588 3046 sa·

368 3093 560 3172 tisiaciunt;
575 3112 656 3157 nam
672 3112 752 3158 cum
768 3097 911 3176 quidam
927 3097 1088 3159 homines
1111 3096 1245 3160 nobiles
1259 3094 1494 3175 grauissimas
1509 3094 1589 3154 inter

369 3217 406 3264 se
428 3201 630 3264 inimicitias
650 3213 832 3280 gererent,
858 3219 964 3283 seque
984 3214 1105 3266 mutuo
1125 3202 1328 3266 uulneribus
1350 3200 1589 3270 coniecissent,

370 3308 498 3370 missus
514 3309 558 3372 ad
574 3326 634 3371 eos
649 3308 760 3372 irater
774 3309 917 3390 quidam
934 3320 1065 3387 noster,
1078 3309 1245 3372 Lionelus
1255 3309 1358 3372 Lima
1372 3307 1526 3385 nomine,
1539 3321 1592 3368 eos

370 3415 405 3479 in
422 3415 606 3495 pristinam
622 3433 664 3478 ac
680 3425 837 3479 ueterem
852 3417 1045 3480 amicitiam
1060 3417 1213 3479 reduxit:
1236 3415 1348 3496 iisque
1370 3431 1441 3477 non
1461 3423 1593 3477 conten·

370 3533 438 3598 tuS,
453 3531 489 3585 ut
507 3522 707 3586 inuiolabile
723 3532 756 3585 et
771 3534 979 3603 perpetuum
994 3533 1088 3588 esset
1104 3525 1280 3586 amicitiae
1292 3522 1427 3599 focduS,
1444 3521 1590 3584 elabora·

370 3631 420 3693 uit
436 3631 541 3710 (quod
557 3640 652 3693 certe
673 3639 910 3710 consequutus
929 3632 993 3708 est)
1010 3641 1046 3694 ut
1066 3649 1143 3694 sese
1160 3643 1280 3694 mutuo
1301 3630 1438 3710 publice
1459 3630 1494 3692 in
1517 3637 1590 3690 tem·

338 3769 346 3784 ·
371 3739 429 3817 plo
445 3754 567 3800 coram
583 3749 815 3800 sacrosancto
831 3755 981 3827 corpore
997 3736 1140 3801 Domini
1155 3739 1268 3801 nostri
1282 3738 1366 3820 Jesu
1381 3735 1512 3800 Christi
1526 3749 1589 3796 am·

371 3846 621 3924 plecterentur:
638 3861 707 3924 quo
722 3844 829 3923 sacto,
852 3845 1024 3908 maximas
1041 3861 1173 3922 omnes¹
1198 3845 1257 3924 qui
1274 3845 1320 3908 ibi
1341 3844 1498 3922 aderant,
1520 3839 1588 3904 Deo

292 3977 295 3984 ’
374 3949 454 4030 Opt.
473 3949 568 4012 Max.
585 3952 721 4030 gratias
742 3963 902 4031 egerunt,

432 4056 499 4120 Hic
515 4059 622 4120 etiam
636 4057 758 4136 irater,
773 4075 853 4122 cum
865 4059 970 4122 Patre
983 4059 1087 4123 Cotta
1103 4059 1114 4089 ⁸
1128 4061 1244 4134 simul,
1261 4059 1315 4122 bis
1327 4059 1416 4121 duos
1431 4056 1590 4139 quosdam

373 4164 533 4227 homines
553 4165 740 4227 comitatus
760 4176 825 4243 est,
847 4167 906 4246 qui
927 4167 1064 4245 publice
1087 4166 1132 4230 ad
1155 4167 1349 4247 patibulum
1371 4165 1588 4233 ducebantur;

373 4289 522 4351 quorum
538 4274 637 4349 alter,
656 4289 736 4334 cum
752 4273 871 4352 iniquo
887 4283 920 4334 et
936 4274 1066 4335 acerbo
1082 4274 1200 4337 animo
1216 4273 1427 4336 sententiam
1442 4273 1484 4335 de
1498 4287 1537 4333 eo
1547 4271 1590 4332 la·

375 4389 447 4441 tam
464 4380 610 4457 tulisset,
629 4379 694 4442 sibi
716 4380 784 4459 ipsi
803 4389 952 4443 mortem
974 4381 1195 4444 consciscere
1218 4381 1268 4458 (ut
1287 4380 1396 4458 aiunt)
1419 4378 1580 4443 constitue

416 4659 424 4690 ¹
456 4657 483 4701 P.
494 4657 579 4700 Leone
591 4656 729 4710 Enrlquez.

417 4729 427 4761 ί
454 4729 482 4774 Ρ.
495 4728 633 4773 Melebiore
644 4728 729 4772 Cotta.
