3368 5528
374 527 428 590 546
758 527 930 590 Litterae
948 545 1219 600 ernostus-areca

375 672 567 737 exhiberet.
584 672 674 738 Nam
689 690 770 738 cum
786 685 860 738 tota
875 685 981 740 nocte
995 677 1066 756 illa,
1079 693 1170 759 quae
1184 675 1282 740 Patri
1296 675 1436 756 Ignatio
1446 675 1513 740 suit
1523 677 1587 740 ulti·

373 796 442 859 ma,
458 779 574 844 Guido
596 778 773 844 Antonius
792 781 827 845 in
843 799 958 863 agone
977 783 1185 862 laborasset,
1207 799 1280 846 non
1298 795 1419 848 tamen
1437 793 1589 847 mortuus

371 896 434 964 est;
452 903 576 952 uerum
590 888 655 952 sub
667 887 791 952 horam
805 889 1029 954 undecimam
1041 889 1249 954 matutinam
1262 900 1322 953 aut
1338 889 1586 968 duodecimam,

370 1009 440 1075 quo
460 1003 618 1074 tempore
641 993 678 1058 P.
702 993 861 1074 ignatius
882 996 1045 1076 spiritum
1069 996 1266 1074 exhalauit,
1291 996 1336 1060 ad
1359 1013 1397 1060 se
1417 1012 1586 1062 reuersus:

372 1101 492 1179 “mira
511 1100 635 1182 inquit,
657 1102 725 1165 hnc
747 1111 848 1166 nocte
869 1102 1020 1168 ostendit
1041 1103 1127 1168 mihi
1147 1101 1333 1182 Dominus,
1355 1120 1504 1186 quorum
1527 1119 1586 1166 me·

370 1208 535 1286 moriam,
560 1207 589 1270 si
609 1209 855 1290 superuixero,
877 1211 972 1274 nulla
994 1227 1150 1292 unquam
1169 1210 1298 1275 delebit
1317 1211 1480 1290 obliuio,:
1506 1226 1589 1292 quae

368 1330 448 1378 cum
461 1315 668 1380 humilitatis
683 1317 949 1382 conseruandae
961 1334 1070 1382 causa
1082 1333 1153 1382 uon
1168 1317 1334 1398 aperiret,
1348 1327 1467 1382 tamen
1479 1318 1586 1382 subin-

368 1419 487 1485 dicare
502 1421 599 1486 uisus
614 1432 678 1502 est,
695 1423 738 1487 de
751 1422 867 1488 Patris
878 1425 991 1489 nostri
1006 1423 1135 1504 Ignatii
1149 1425 1301 1489 transitu
1314 1425 1446 1506 aliquid
1462 1425 1526 1488 sibi
1540 1441 1589 1488 re·

368 1529 533 1603 uelatum
563 1527 696 1594 addidit
718 1531 811 1595 enim
834 1533 973 1596 uenisse
995 1531 1062 1595 sibi
1083 1533 1118 1595 in
1144 1543 1297 1597 mentem
1323 1533 1449 1612 agonis
1475 1530 1587 1596 Sancti

368 1633 506 1716 Ignatii,
529 1635 614 1699 seris
634 1635 770 1700 Romae
792 1638 954 1719 expositi,
978 1649 1084 1720 atque
1106 1639 1150 1702 ab
1172 1638 1297 1702 iisdem
1315 1639 1482 1717 iugulati:
1502 1637 1588 1719 quod

366 1758 505 1824 semper
520 1751 665 1806 sanctus
680 1760 789 1808 senex
803 1754 989 1824 optauerat
1006 1743 1026 1808 ¹.
1042 1745 1164 1826 Itaque
1176 1745 1222 1809 ad
1236 1755 1442 1826 sequentem
1455 1754 1587 1808 noctem

366 1849 564 1929 superuixit
579 1860 616 1912 ut
630 1851 828 1930 patrocinio
850 1849 888 1913 P.
911 1851 1050 1931 Ignatii,
1067 1853 1137 1916 iam
1158 1851 1193 1914 in
1216 1853 1354 1915 coelum
1375 1851 1518 1933 recepti,
1542 1862 1586 1912 tu·

367 1955 436 2019 tior
451 1973 496 2020 ex
516 1955 584 2019 hac
603 1956 675 2020 uita
692 1955 888 2022 decederet.
914 1957 1011 2022 Haec
1031 1959 1074 2022 de
1095 1957 1270 2024 Guidonis
1290 1957 1404 2022 nostri
1419 1957 1585 2024 obdormi-

366 2061 459 2126 tione
476 2065 578 2144 paulo
594 2064 776 2144 prolixius
793 2065 887 2147 quod
898 2065 1037 2129 iuuenis
1051 2064 1242 2146 singularis
1257 2066 1448 2144 humilitas,
1463 2083 1506 2130 ac
1520 2064 1585 2128 uita

366 2171 589 2236 sanctissime
610 2181 737 2236 exacta
757 2189 828 2236 non
848 2171 915 2236 hac
935 2182 1073 2236 tantum
1095 2173 1446 2250 commemoratione,
1472 2187 1586 2236 uerum

367 2277 572 2358 longissima
589 2295 727 2360 quoque
742 2279 902 2343 oratione
917 2279 1025 2360 digna
1041 2290 1144 2343 esset.

428 2383 482 2448 De
497 2384 629 2448 scholis
644 2387 776 2450 nostris
790 2387 858 2449 hoc
874 2386 1015 2450 habeto:
1030 2386 1248 2468 frequentari
1262 2403 1325 2450 eas
1345 2402 1477 2466 magno
1494 2386 1586 2450 disci·
1670 2409 1671 2424 κ

367 2492 540 2573 pulorum,
559 2501 632 2556 tum
655 2493 690 2556 in
704 2493 826 2572 literis,
849 2503 923 2557 tum
942 2494 977 2556 in
997 2494 1165 2571 moribuS,
1187 2493 1314 2570 fructu,
1338 2510 1489 2573 quorum
1509 2510 1584 2557 non·

367 2600 453 2662 nulli
469 2617 549 2663 cum
565 2611 683 2662 essent
697 2599 936 2680 perditissimi,
953 2601 1189 2682 exiguamque
1208 2599 1311 2663 nobis
1329 2618 1373 2663 ac
1388 2599 1585 2682 parentibus

366 2707 522 2771 melioris
536 2707 631 2770 uitae
651 2723 749 2788 spem
771 2707 993 2788 praeberent,
1014 2706 1059 2770 ad
1080 2707 1257 2771 saniorem
1275 2707 1419 2771 tandem
1440 2717 1584 2772 mentem

366 2823 447 2878 sunt
462 2812 633 2895 perducti.
651 2813 891 2878 confessionis
906 2814 1233 2894 communionisque
1248 2824 1473 2879 sacramenta
1491 2812 1583 2896 pleri·

368 2937 436 3002 que
452 2921 601 3000 singulis
615 2921 794 2984 mensibus
808 2921 1019 3001 percipiunt,
1036 2931 1071 2984 et
1085 2921 1129 2984 de
1144 2919 1274 2984 mundo
1290 2921 1518 3002 relinquendo
1532 2937 1582 2984 co·

366 3029 491 3106 girant.
509 3027 598 3091 Tres
612 3029 703 3091 ultro
715 3039 881 3108 parentes
892 3027 994 3092 nobis
1004 3027 1218 3106 obtuleruut,
1232 3028 1263 3091 si
1275 3026 1368 3092 forte
1383 3029 1419 3092 in
1430 3039 1583 3093 nostrum

368 3135 448 3198 illos
463 3135 731 3200 contubernium
754 3134 1030 3198 admitteremus.
1047 3132 1134 3200 Sunt
1149 3145 1183 3199 et
1199 3135 1269 3212 alii,
1293 3135 1421 3215 quibus
1434 3134 1582 3215 gratissi·

367 3257 462 3304 mum
484 3251 576 3304 esset
598 3243 628 3305 si
649 3251 792 3322 possent
815 3243 850 3305 in
873 3250 1032 3306 nostram
1053 3239 1266 3307 Societatem
1287 3241 1443 3306 admitti:
1467 3257 1583 3306 verum
1669 3233 1670 3256 ¹

367 3365 436 3412 non
453 3357 572 3412 statim
588 3349 661 3412 uoti
684 3358 864 3428 compotes
878 3345 976 3428 fiunt,
993 3358 1031 3412 ut
1045 3347 1208 3412 ostendat
1222 3347 1345 3412 dilatio
1361 3365 1467 3430 quam
1480 3347 1583 3412 firmis

366 3456 545 3520 radicibus
560 3456 740 3533 innitatur,
758 3454 852 3538 quod
866 3472 951 3536 prae
973 3473 1011 3518 se
1027 3455 1155 3534 ferunt,
1171 3455 1274 3520 nobis
1288 3455 1512 3525 cohabitandi
1525 3452 1582 3516 de·

365 3563 544 3642 siderium
562 3574 717 3626 mutatae
733 3563 768 3626 io
784 3563 908 3627 melius
922 3563 1016 3628 uitae
1031 3563 1229 3628 certissima
1243 3561 1329 3626 dant
1342 3562 1481 3642 indicia,
1497 3578 1581 3644 quae

364 3671 519 3753 quotidie
534 3671 715 3750 excipiunt
728 3668 771 3734 ab
787 3671 944 3734 externis
958 3679 1166 3746 scommata,
1179 3670 1262 3734 dum
1273 3686 1311 3732 se
1323 3686 1418 3733 nunc
1432 3677 1579 3743 sanctos,

365 3795 456 3842 nunc
473 3777 692 3858 hypocritas,
709 3776 832 3840 vocari
846 3776 1005 3856 audiunt;
1021 3775 1105 3840 dum
1119 3794 1157 3840 se
1172 3776 1516 3858 epraetereuntibus,
1531 3790 1578 3838 re·

364 3887 551 3965 liquiarum
571 3883 605 3946 in
625 3885 778 3960 modum,
801 3885 969 3948 extremis
990 3883 1110 3963 digitis
1131 3883 1289 3948 irrisorie
1311 3883 1437 3964 attingi
1456 3881 1577 3946 uident:
1668 3923 1669 3946 l

363 3991 596 4074 quorumdam
611 4007 696 4054 uero
708 3991 744 4054 in
759 4008 820 4054 eos
836 4008 945 4072 usque
957 4009 1000 4054 eo
1014 3991 1210 4071 procedunt
1221 3991 1314 4068 odia,
1330 4000 1368 4055 ut
1383 3990 1504 4055 obuios
1512 4003 1577 4054 non

363 4101 492 4182 pugnis
507 4109 655 4178 tantum,
672 4115 795 4162 uerum
818 4098 992 4180 lapidibus
1011 4099 1118 4162 etiam
1139 4099 1308 4180 impetere
1329 4097 1492 4176 audeant,
1513 4095 1578 4176 qui-

364 4208 428 4272 bus
446 4206 583 4270 iniuriis
605 4205 747 4269 minime
767 4203 1000 4285 afficerentur,
1022 4205 1090 4269 nisi
1108 4222 1227 4270 mores
1245 4205 1314 4269 illis
1334 4205 1575 4271 dissimillimos

363 4315 545 4394 haberent,
562 4330 582 4376 a
600 4313 725 4394 quibus
741 4312 829 4375 haec
845 4313 1038 4392 patiuntur.

423 4419 634 4486 Doctrinam
656 4417 839 4498 hilaram,
866 4419 925 4500 qui
948 4418 1148 4484 abecedarii
1169 4428 1266 4498 sunt,
1294 4417 1494 4506 felicissime
1514 4414 1574 4480 edi·

362 4539 475 4605 scunt,
503 4537 548 4608 et,
572 4543 799 4592 numerorum
819 4526 953 4591 deliniti
975 4524 1141 4606 modulis,
1165 4525 1260 4592 domi
1281 4521 1438 4608 forisque
1462 4525 1573 4590 decan·

364 4685 560 4705 -m

404 4773 410 4804 Ι
440 4769 596 4814 Brevissime
608 4771 670 4814 baec
683 4771 789 4828 natiuit
800 4768 953 4824 ossuum,
965 4769 1035 4814 ΗΜ.
1046 4771 1101 4816 Soc.
1112 4769 1230 4826 Jes.,tlb.
1240 4781 1294 4826 xrr,
1305 4781 1329 4814 u.
1341 4772 1374 4816 lo.
