3504 5532
1292 509 1344 584 lm

175 671 361 735 Caeterum
384 671 491 735 etiam
506 671 616 753 quiin
630 671 781 736 vinculis
804 659 1015 750 delinentur,
1039 671 1114 734 siue
1133 672 1179 735 ob
1201 679 1341 752 patrata

111 779 286 855 facinora,
310 779 384 842 siue
406 788 550 859 propter
570 779 699 859 debita,
726 781 801 843 siue
826 780 933 843 etiarn
959 780 1048 843 alias
1073 779 1117 843 ob
1139 795 1280 853 causas,
1302 778 1341 842 P.

112 885 311 967 Praepositi
328 903 437 966 opera
453 887 609 966 quotidie
620 885 799 967 juuantur,
817 896 891 952 tum
906 888 941 951 in
953 886 1008 951 his
1022 904 1113 968 quae
1129 887 1175 950 ad
1187 887 1342 952 animum

112 1003 287 1072 spectant,
299 1002 376 1080 ¹tum
387 1011 478 1074 quae
490 992 536 1057 ad
547 1011 687 1076 corpus:
704 1011 787 1058 nam
798 995 916 1058 anima
931 995 1036 1073 longe
1051 993 1276 1074 grauioribus
1286 1011 1343 1056 ca·

112 1100 232 1164 thenis
246 1117 354 1181 quam
374 1118 506 1181 corpus
523 1102 728 1183 plerumque
749 1102 939 1166 constricta
953 1100 1059 1182 jacet,
1080 1101 1263 1166 daemonis
1282 1100 1342 1165 im·

112 1208 211 1287 perio
226 1208 386 1284 subacta,
404 1225 424 1270 a
441 1209 566 1289 quibus
584 1209 741 1290 plerique
761 1210 935 1285 leuantur,
958 1209 1018 1290 qui
1038 1209 1177 1289 pondus
1195 1209 1344 1290 grauius

111 1313 245 1378 aethna
258 1332 296 1377 se
308 1314 514 1395 deposuisse
526 1325 736 1394 agnoscunt.
750 1316 892 1381 Inediae
903 1316 1051 1398 aliisque
1063 1315 1342 1394 necessitatibus

111 1421 188 1485 siue
202 1421 312 1485 etiam
326 1421 599 1502 infirmitatibus
617 1433 787 1504 quantum
801 1423 877 1488 fieri
892 1433 1020 1505 potest,
1043 1423 1215 1504 prouidet.
1234 1422 1343 1503 Quos·

111 1528 196 1592 dam
218 1529 339 1608 etiam,
362 1530 422 1609 qui
447 1530 491 1593 ob
510 1531 681 1610 exiguam
699 1531 871 1611 pecuniae
891 1547 1064 1594 summam
1087 1529 1343 1608 detinebantur,

110 1638 274 1718 quaesita
289 1636 523 1719 undequaque
544 1639 696 1719 pecunia
715 1638 890 1716 liberauit,
912 1638 1001 1702 alios
1021 1655 1157 1720 quoque
1177 1655 1242 1719 pro
1262 1637 1344 1702 viri·

110 1744 178 1806 bus
200 1745 407 1808 consolatur
425 1755 499 1807 eta
522 1745 643 1825 prauis
663 1745 974 1810 consuetudinibus
997 1745 1151 1824 redimit,
1176 1761 1220 1809 ne
1241 1745 1344 1809 simul

109 1869 194 1914 cum
211 1852 382 1932 corporis,
402 1853 541 1916 animae
556 1869 694 1933 quoque
709 1853 783 1916 vita
799 1853 993 1933 priuentur.

173 1958 294 2040 Nuper
313 1960 369 2023 vir
389 1959 532 2041 quidam
550 1961 673 2040 grauis
694 1977 736 2023 ac
756 1959 938 2022 modestus
957 1960 1127 2025 exercitia
1147 1960 1345 2041 spiritualia

109 2067 283 2147 suscepit,
301 2066 454 2148 quicum
471 2067 620 2146 animas,
638 2084 723 2132 suae
735 2085 843 2132 curae
855 2069 1020 2148 creditus,
1034 2068 1216 2131 literarum
1227 2066 1344 2131 studio

110 2176 164 2252 (vt
180 2175 218 2237 in
232 2175 300 2237 hac
316 2173 499 2237 academia
515 2175 672 2254 plerique
686 2175 812 2254 solent)
827 2175 1093 2256 postposuisset,
1111 2191 1191 2238 cum
1214 2173 1344 2254 perspi-

109 2298 180 2343 cua
204 2281 337 2344 erroris
359 2280 465 2343 huius
485 2281 705 2362 aliorumque
726 2280 927 2346 defectuum
950 2283 1130 2362 agnitione
1151 2299 1193 2345 ac
1212 2296 1343 2361 magno

109 2387 290 2450 desiderio
310 2387 547 2468 respondendi
566 2404 651 2450 suae
671 2388 862 2467 vocationi,
884 2397 1019 2453 mutato
1042 2389 1173 2467 anim0,
1194 2387 1240 2452 ad
1261 2403 1346 2450 suos

14 2527 15 2568 4
110 2493 235 2556 statim
250 2511 415 2557 reuersus
429 2504 495 2557 est.
511 2492 703 2573 Speremus
715 2494 877 2575 equidem
892 2513 972 2558 eum
987 2496 1148 2575 exemplo
1160 2512 1203 2559 ac
1217 2494 1343 2578 doctri-

14 2665 15 2668 ,
109 2618 158 2663 na
180 2617 252 2662 non
275 2617 400 2680 parum
423 2610 457 2663 et
480 2601 553 2664 suis
575 2610 610 2664 et
625 2601 703 2664 aliis
717 2601 754 2663 in
774 2599 926 2665 Domino
946 2601 1180 2682 profuturum.
1203 2600 1345 2681 Dirigat

109 2725 195 2770 eum
212 2707 332 2770 diuina
347 2708 534 2771 clementia
549 2709 585 2770 in
600 2707 655 2770 sui
674 2708 813 2772 laudem
834 2717 868 2772 et
883 2709 1046 2788 gloriam,
1069 2719 1108 2772 vt
1123 2708 1166 2773 de
1185 2708 1252 2772 sibi
1271 2725 1344 2770 cre·

111 2815 190 2878 dito
205 2829 316 2894 grege
332 2813 579 2895 patrifamilias
594 2815 768 2894 intrepide
780 2815 911 2896 justam
926 2817 1101 2880 rationem
1122 2815 1270 2881 reddere
1286 2832 1344 2878 va-

14 2901 15 2910 *
109 2924 195 2984 leat.
214 2921 377 2984 Accessit
392 2922 499 2985 etiam
514 2921 571 2985 his
585 2921 709 2985 diebus
728 2922 983 2987 baccalaureus
1002 2924 1144 3005 quidam
1166 2923 1344 2986 louanien·

109 3031 163 3092 sis
178 3029 333 3108 optimae
355 3027 495 3108 indolis,
518 3039 642 3109 sponte
664 3030 710 3093 ad
724 3031 892 3110 pietatem
914 3047 1072 3107 currens
1094 3049 1208 3112 nuper
1232 3029 1346 3097 sacris

109 3137 297 3200 ordinibus
318 3137 520 3216 insignitus:
537 3135 611 3217 J'am
632 3154 734 3200 orsus
753 3147 807 3202 est
826 3139 1009 3202 exercitia:
1030 3140 1089 3203 vbi
1110 3139 1225 3220 magis
1243 3143 1345 3208 nobis

14 3305 15 3314 ,
109 3245 318 3322 innotuerit,
334 3243 447 3307 fusius
466 3244 672 3308 scribemus.

172 3351 312 3416 Literas
333 3351 482 3431 indicas,
505 3369 596 3432 quas
616 3363 832 3433 postremoa
853 3354 955 3418 vobis
979 3357 1191 3437 accepimus
1214 3357 1344 3436 gallico

14 3531 15 3540 ,
107 3477 278 3523 sermone
299 3459 451 3522 donatas
469 3458 566 3539 typis
586 3460 747 3524 mandari
763 3462 979 3541 curauimuS,
1003 3471 1042 3526 vt
1064 3463 1183 3528 diuina
1205 3464 1345 3528 bonitas

14 3591 15 3636 t
108 3567 231 3647 magis
257 3583 299 3628 ac
322 3565 438 3645 magis
457 3566 655 3630 innotescat
674 3567 833 3632 nouitate
852 3569 1104 3634 miraculorum
1128 3569 1148 3634 ¹.
1171 3572 1241 3635 Eas
1260 3572 1344 3636 no'n·

106 3675 200 3738 nulli
216 3691 295 3736 cum
310 3672 544 3754 admiratione
555 3684 590 3736 et
602 3683 747 3755 stupore
759 3677 863 3754 graui
876 3679 1134 3758 amplexantur,
1148 3689 1345 3744 metuentes

107 3781 255 3846 interim
271 3790 309 3842 ut
328 3781 364 3843 in
385 3797 450 3843 nos
467 3779 526 3843 illa
540 3781 702 3844 veritatis
717 3791 884 3847 aeternae
900 3785 1012 3848 verba
1031 3793 1343 3867 contorqueantur,

14 3967 15 3972 Ἰ
107 3889 241 3970 quibus
263 3902 412 3966 regnum
431 3906 453 3950 a
470 3886 609 3967 judaeis
630 3889 822 3953 tollendum
846 3901 881 3954 et
905 3893 1071 3971 gentibus
1093 3891 1345 3958 conserendum

14 4043 15 4060 r
108 3995 408 4060 comminabatur.
426 3993 607 4058 Concedat
629 3996 731 4059 nobis
746 3994 843 4060 Deus
864 3997 944 4078 Opt.
968 3998 1063 4064 Max.
1087 4017 1156 4064 vna
1178 4001 1347 4064 cumillis

108 4121 226 4184 regno
241 4103 309 4166 hoc
325 4103 432 4183 potiri
447 4103 674 4183 sempiterno.

170 4209 274 4274 Haec
296 4219 389 4288 sunt,
416 4209 521 4274 Pater
542 4211 880 4291 obseruandissime,
908 4232 999 4295 quae
1022 4214 1114 4278 Rau
1139 4215 1347 4280 Paternitati

107 4319 211 4382 Tuae
225 4317 414 4380 scribenda
430 4317 675 4382 occurrebant.

214 4423 389 4504 Lutetiae,
405 4423 445 4486 27
461 4423 594 4505 Aprilis
613 4425 701 4490 1556.

151 4711 160 4739 ⁸
194 4703 295 4748 Harum
311 4703 458 4749 Indicarum
469 4706 618 4749 litterarum
627 4707 723 4760 gallice
739 4707 787 4750 boc
799 4717 866 4751 anno
879 4707 989 4752 Parisiis
1004 4709 1132 4755 editarum
1145 4723 1195 4757 non
1209 4715 1348 4759 memlnere

112 4777 300 4830 bibliograpbl.

261 4865 299 4924 T.
322 4883 362 4925 ιν.
1175 4891 1205 4948 ¹3
