3368 5528
315 527 317 532 ·
364 497 425 578 ⁵92.
750 496 922 562 Luranius
941 511 1213 570 ouaormnsrrurs

364 647 582 727 confidimus¹
600 663 717 728 quem,
734 656 820 712 otte
837 647 939 711 nobis
954 647 1094 710 Patrem
1107 646 1153 711 ad
1164 645 1425 710 sanctissimam
1435 644 1572 708 uolunta.

365 764 436 832 tem
451 771 553 818 suam
567 771 609 818 ac
624 753 776 834 gloriam
791 753 852 817 diu
867 754 1078 818 incolumem
1090 761 1220 832 seruet,
1234 752 1470 818 obsecramus,

376 931 380 942 ,
424 861 592 942 Laureto,
608 859 693 926 31o.
710 859 923 926 Nouembris
940 859 1028 926 1556.

424 969 478 1033 Ex
492 968 534 1034 R.
551 968 589 1034 P.
602 967 765 1035 Rectoris
780 969 893 1034 nostri
905 968 1022 1048 iussis,
1035 977 1070 1032 et
1084 968 1191 1034 huius
1204 968 1346 1050 collegii
1360 969 1504 1033 nomine.

622 1075 664 1140 R.
681 1077 719 1140 P.
735 1074 776 1140 T.
793 1075 945 1141 filiorum
959 1075 1125 1140 minimus
1139 1084 1174 1148 et
1187 1075 1468 1157 indignissimus,

1062 1291 1116 1375 Jo.
1132 1289 1341 1356 Gausnaus.

856 1895 1093 2024 *onum

420 2291 616 2352 Theodorus
632 2293 799 2362 Peitanus‚

455 2389 510 2449 Ex
523 2389 768 2450 commissione
783 2389 891 2449 Patris
905 2389 1054 2450 Thomae
1067 2389 1213 2460 Lentuli,

488 2489 579 2568 Patri
591 2487 718 2563 Jacobo
731 2486 878 2562 Laynez,
894 2487 1039 2547 vicario.

523 2587 737 2662 inguinario,
754 2585 788 2646 19
800 2583 1001 2646 Novembris
1014 2585 1107 2660 [1⁵56]
1121 2587 1142 2646 ¹.

964 2804 988 2876 †

880 2941 956 3005 Pax
970 2941 1052 3022 Xpi.

424 3120 516 3186 Noui
543 3121 648 3186 huius
676 3121 825 3201 Collegii
852 3137 1058 3185 successum
1086 3120 1293 3201 indicaturi,
1323 3121 1525 3187 Reuerendo
1546 3121 1575 3184 iu

362 3228 454 3310 Xpo.
476 3229 598 3308 Pater,
623 3246 694 3292 non
718 3228 842 3309 opinor
868 3226 1010 3308 aliquod
1035 3245 1114 3292 esse
1136 3245 1266 3310 operae
1284 3231 1435 3310 pretium
1453 3227 1575 3295 itineris

362 3336 476 3401 nostri
500 3335 687 3401 historiam
702 3335 808 3398 anxie
829 3333 979 3414 referre,
1001 3335 1212 3415 praesertim
1230 3353 1310 3402 cum
1330 3336 1401 3402 iam
1423 3355 1524 3418 saepe
1540 3333 1575 3397 si·

365 3442 571 3523 gnificatum
587 3442 633 3506 sit
648 3443 714 3506 iter
729 3441 798 3506 hoc
813 3441 902 3506 adeo
917 3440 1073 3506 faustum
1087 3442 1264 3524 ioelixque
1279 3445 1454 3523 euenisse,
1470 3453 1507 3508 ut
1526 3441 1576 3506 mi·

361 3549 512 3614 randum
537 3549 656 3631 potius
682 3565 789 3630 quam
812 3550 1100 3629 conquerendum
1119 3550 1175 3615 sit.
1198 3551 1490 3632 Quandoquidem
1512 3554 1575 3614 toto

360 3655 426 3720 hoc
445 3655 641 3720 interuallo
667 3656 762 3735 quod
786 3655 942 3719 Romam
965 3661 999 3718 et
1023 3656 1298 3735 ingolstadium
1320 3658 1518 3738 interiacet,
1541 3671 1576 3718 m

363 3781 460 3827 unus
480 3763 621 3842 quidem
644 3760 804 3826 ommam
824 3768 991 3842 repertus·
1009 3768 1083 3842 est,
1103 3764 1167 3845 qui
1179 3763 1306 3845 palam
1324 3765 1440 3846 dz'cto,
1458 3765 1575 3828 nedum

359 3871 474 3952 facio,
488 3869 609 3934 laesos
625 3887 691 3934 nos
706 3868 813 3932 uellet
828 3875 892 3933 aut
907 3869 1108 3934 incesseret.
1130 3871 1337 3952 Cauponum
1351 3872 1575 3954 quorumdam

360 3977 624 4058 improbitatem
639 3976 787 4057 experti
794 3993 933 4040 sumus
957 3977 1083 4041 Verum
1096 3994 1158 4041 nec
1167 3979 1232 4042 hoc
1238 3957 1473 4062 praemr'napue
1482 3977 1573 4044 soli*-

360 4083 426 4148 His
440 4085 548 4164 igitur
568 4090 609 4149 ut
628 4084 726 4148 notis
750 4085 901 4164 omissis,
925 4103 968 4148 ea
987 4084 1162 4155 duntaxat
1180 4087 1474 4169 perstringemus,
1496 4101 1575 4169 quae

360 4191 610 4280 quadrimestri
626 4193 693 4256 hoc
710 4192 872 4273 proxime
888 4190 1017 4256 effluxo
1032 4193 1126 4272 apud
1145 4209 1211 4260 uos
1225 4203 1408 4261 transacta
1423 4204 1511 4260 suut.

401 4398 408 4432 ¹
439 4397 630 4452 autographa
641 4397 737 4454 duplici
749 4398 818 4453 ioiio,
828 4409 870 4443 nn.
881 4399 922 4442 214
931 4405 956 4444 et
972 4399 1077 4444 usa-iu
1094 4401 1125 4445 iis
1141 4412 1224 4457 pauca
1234 4403 1341 4455 delerit.
1355 4406 1479 4459 quaedam
1495 4403 1577 4447 deleto

357 4479 414 4514 rum
423 4469 479 4512 ioco
489 4469 623 4514 substituit
636 4469 771 4514 Poiancus.
782 4469 831 4514 liin
841 4481 887 4514 nos
898 4470 1002 4515 italicis
1013 4469 1038 4514 in
1051 4479 1124 4516 textu
1132 4474 1210 4530 typis,
1221 4474 1286 4518 haec
1297 4475 1322 4519 in
1331 4475 1535 4521 annotationibus
1542 4473 1576 4516 de·

358 4541 584 4668 Μέδενῗὲἲαριιά
595 4612 808 4665 Etruriamn,
819 4614 836 4657 1.
848 4624 880 4666 c..
890 4623 952 4668 pra.
964 4613 1061 4666 722724,
1073 4615 1188 4662 “Relatio
1199 4617 1229 4662 de
1240 4619 1382 4674 primorum
1390 4621 1496 4677 collegii
1505 4620 1576 4676 ingm-

357 4683 498 4730 stndieosir
509 4683 644 4730 sociorum
655 4685 748 4730 itinere
759 4690 786 4728 et
795 4685 910 4732 adventu
919 4687 953 4729 ab
960 4687 1047 4743 aliquo
1055 4688 1170 4744 ipsorum
1177 4691 1324 4746 conscripto
1333 4691 1484 4750 ingolstadii
1490 4706 1514 4740 ι.
1525 4691 1576 4738 1⁵5⁵

360 4755 436 4810 1562„
977 4771 979 4774 ·
