3436 5526
847 457 1021 516 Arranota
1040 473 1143 516 aaran

439 813 538 894 Pag.
569 813 658 892 271,
681 822 767 896 post
791 815 935 878 litteras
954 814 1099 893 fratris
1123 815 1282 878 Portt'iIo
1311 815 1524 878 inserendae
1555 833 1615 878 sa-

379 926 540 1000 quantes:

865 1457 1046 1543 ccxxi
1072 1455 1124 1514 ΜΒ

436 1799 472 1860 Ρ.
487 1797 715 1860 Gundisalvus
729 1797 898 1862 Gonzalez

472 1897 563 1958 Patri
577 1897 707 1972 Ignatio
721 1897 762 1957 de
778 1897 916 1973 Loyoia.

506 1995 720 2067 Salmantica,
734 1997 752 2054 4
765 1995 847 2070 Maji
862 1997 966 2057 15531.

967 2205 1035 2270 lhs.

445 2423 531 2487 Gra.
549 2430 583 2486 et
598 2439 682 2503 pax,
699 2431 766 2486 etc.

442 2528 736 2593 Continuamente
747 2539 870 2593 nostro
880 2527 932 2594 S!
948 2528 1046 2595 iddio
1054 2531 1279 2596 distribuisce
1286 2531 1322 2594 di
1332 2547 1397 2596 sua
1409 2531 1604 2596 misericor·

383 2636 525 2700 diacon
540 2636 601 2700 noi
615 2636 716 2715 altri,
737 2636 1019 2716 permettendoni
1037 2646 1172 2701 tractar
1192 2638 1228 2702 in
1247 2637 1399 2719 qualche
1419 2655 1523 2716 cosa,
1545 2639 1616 2700 che

383 2760 448 2807 sua
463 2751 539 2808 sm·
552 2743 667 2822 gloria
682 2742 737 2807 sia
752 2743 958 2808 conosciuta
974 2753 1008 2807 et
1022 2743 1232 2824 glorificata.
1258 2743 1378 2809 Siamo
1399 2745 1505 2808 molte
1517 2745 1615 2808 volte

383 2849 553 2914 chiamati
567 2867 630 2929 per
645 2850 669 2913 il
684 2850 834 2913 transito
849 2849 885 2913 di
899 2851 1017 2931 quelli,
1034 2851 1099 2914 che
1113 2851 1144 2915 si
1155 2869 1315 2928 morano,
1333 2860 1366 2915 et
1380 2853 1528 2932 qualche
1538 2853 1611 2914 vol·

383 2967 433 3034 ta,
449 2955 604 3020 secondo
620 2957 733 3019 chela
748 2957 889 3020 charita
904 2964 938 3020 et
949 2957 1125 3021 necessita
1135 2959 1169 3020 lo
1184 2958 1357 3037 richiede,
1373 2959 1613 3022 custodientes

386 3070 498 3143 super
515 3079 577 3126 eos
596 3063 749 3142 vigilias
771 3062 904 3141 noctis·
924 3064 1006 3142 qual
1028 3063 1216 3128 habbiamo
1236 3066 1331 3128 visto
1354 3065 1400 3129 ha
1418 3064 1560 3146 pigliato
1587 3063 1612 3126 il

387 3167 517 3248 Signor
534 3187 598 3250 per
612 3187 732 3233 mezzo
752 3187 815 3251 per
835 3169 983 3234 timedio
998 3169 1035 3233 di
1049 3171 1167 3235 alcuni
1188 3171 1454 3251 circumstanti,
1478 3171 1552 3236 anzi
1574 3171 1611 3233 in

389 3292 508 3340 nuouo
524 3275 693 3348 sentim.to
708 3276 744 3339 di
758 3293 823 3340 sua
837 3277 925 3355 vita,
942 3294 1042 3341 come
1056 3277 1093 3340 in
1105 3278 1303 3342 correction
1314 3278 1350 3342 di
1361 3280 1490 3360 quella,
1500 3277 1608 3341 tirarli

386 3382 456 3445 alla
471 3383 704 3461 consessione,
722 3383 882 3446 exercitii
896 3382 1071 3464 spirituali
1086 3394 1121 3447 et
1136 3383 1281 3448 anchor'
1300 3403 1321 3448 a
1337 3383 1534 3466 Reliigiou'.
1546 3381 1614 3446 Per

388 3489 503 3570 questi
517 3490 629 3553 mezzi
643 3490 674 3553 si
688 3507 804 3553 mosse
818 3508 890 3553 vno
905 3490 986 3554 delli
1001 3491 1061 3571 piu
1075 3477 1259 3555 eccellenti
1273 3491 1424 3556 musichi
1446 3492 1481 3556 di
1494 3499 1614 3573 queste

390 3597 484 3677 parti
494 3596 518 3675 ¹,
540 3596 630 3660 onde
645 3595 913 3660 consessandosi
927 3598 1191 3676 generalmente
1206 3607 1240 3662 et
1254 3598 1378 3662 hauutl
1402 3599 1426 3663 li
1445 3597 1610 3663 essercitii

388 3703 481 3768 della
496 3705 612 3785 prima
627 3703 827 3780 settimana‚
845 3704 876 3766 si
889 3701 1098 3768 dismentico
1113 3705 1125 3769 i
1139 3705 1263 3786 palatii
1285 3715 1321 3768 et
1335 3723 1419 3770 case
1438 3707 1481 3770 de
1495 3703 1609 3779 nobili,

430 3989 436 4014 ¹
466 3982 642 4037 Aporraphae
658 3981 684 4024 ln
698 3982 751 4024 voi.
766 3979 957 4032 atatae1553,
971 3979 1066 4035 duplici
1079 3982 1141 4026 lolio
1156 3983 1234 4028 nullia
1248 3983 1362 4029 numeria
1379 3978 1613 4029 tratactu-atiud

387 4066 438 4098 non
446 4060 514 4106 sunt,
522 4059 551 4098 ut
559 4053 657 4108 legenti
665 4053 742 4097 iaclla
749 4059 832 4108 patet,
840 4052 889 4097 nial
897 4053 1054 4105 litterarum.
1064 4065 1128 4108 quaa
1135 4065 1225 4110 aupra.
1234 4066 1260 4101 u.
1267 4067 1353 4110 ccxiv,
1361 4067 1421 4112 pag.
1430 4055 1477 4110 298,
1485 4052 1608 4102 edidimus.

388 4137 404 4171 a
414 4125 526 4170 Polanco
536 4125 731 4169 emendaturum
743 4124 858 4170 italicum
873 4125 1026 4180 exemplum.
1035 4125 1159 4171 Auctoris
1174 4127 1215 4172 hic
1226 4138 1370 4182 cognomen
1381 4134 1482 4173 tantum
1492 4131 1615 4178 11111111-

388 4209 437 4252 que
453 4209 509 4251 uos,
523 4199 539 4242 1.
555 4209 586 4252 c..
601 4196 727 4250 Joauuem
742 4196 871 4241 Gonaalaz
886 4208 942 4241 ease
959 4197 1076 4244 diximus.
1090 4199 1151 4242 iicet
1161 4197 1313 4244 dubitanter
1328 4199 1405 4252 (Vide
1416 4201 1442 4244 iu
1456 4198 1539 4242 eodem
1553 4199 1571 4237 t.
1582 4203 1612 4248 n,

388 4281 449 4324 pag.
456 4267 505 4320 1100,
514 4272 602 4313 annot.
613 4269 643 4320 1.)
650 4267 722 4312 Naue
733 4275 829 4320 tamen.
840 4268 906 4323 quod
915 4268 1039 4314 librarius
1046 4270 1147 4332 legerat
1159 4269 1199 4324 Jo.
1206 4271 1439 4326 inunctionem,
1449 4263 1609 4324 autographi·

388 4339 441 4385 iilis
455 4340 551 4385 litteris
566 4340 658 4384 melius
675 4339 807 4394 inspectis.
824 4339 895 4383 clare
913 4341 1022 4394 terimus
1037 4341 1082 4384 σο.
1097 4340 1145 4386 Eat
1160 4343 1268 4398 prolude
1285 4349 1359 4388 certo
1374 4341 1547 4391 Gundlaaivua.
1559 4345 1613 4380 ποῦ

390 4412 511 4466 Joauuea,
522 4409 660 4456 Gonaalea.
670 4409 737 4455 Vide
748 4411 828 4455 etlam
839 4411 952 4456 Paenitet
963 4411 1116 4464 carontcoa,
1128 4419 1149 4457 t.
1163 4423 1201 4468 tn,
1215 4425 1278 4470 pag.
1286 4413 1335 4468 wi,
1346 4426 1371 4460 u.
1381 4414 1422 4460 ⁶71
1435 4420 1460 4458 et
1470 4415 1548 4458 aanor.
1557 4407 1610 4450 l·-

388 4484 505 4529 Tandem
514 4485 626 4528 observa
636 4481 684 4526 itaa
694 4483 794 4534 literas.
805 4493 943 4538 perperam
954 4481 1083 4537 fortassis,
1094 4484 1119 4528 iu
1130 4483 1178 4528 hoc
1194 4484 1283 4530 italico
1293 4487 1420 4540 exemplo,
1437 4485 1509 4528 datas
1517 4477 1559 4524 diei
1568 4476 1613 4522 4.·

388 4557 430 4601 dle
440 4555 511 4612 diali,
521 4566 580 4600 cum
590 4555 771 4608 autographae
782 4555 881 4599 latinae
891 4555 970 4600 datae
981 4556 1078 4600 luerint
1089 4555 1138 4600 tu·

430 4627 442 4659 ¹
468 4625 524 4672 Has
534 4636 612 4670 vocea
623 4636 675 4668 uno
692 4624 758 4668 dciii
769 4627 820 4680 piat
830 4626 970 4672 eeceiienti
984 4625 1101 4672 musichi
1115 4628 1247 4682 dionesie
1260 4629 1338 4684 parti
1353 4635 1429 4674 cante
1445 4617 1608 4682 praetumidi

388 4697 524 4751 Polaucaa,
535 4699 595 4742 dum
605 4697 670 4740 haec
682 4696 792 4742 inanum
803 4696 958 4752 diatonicon,
968 4699 1160 4745 transcribebat
1172 4701 1188 4747 l.
1197 4700 1353 4756 ommi,
1363 4699 1444 4746 11676.
