3368 5528
628 538 692 600 Art.
719 535 789 598 155⁶
1268 536 1326 598 567.

105 679 211 762 magis
225 682 271 748 ad
285 700 476 764 puerorum
490 693 658 766 parentes
673 687 824 751 attinere
837 684 1016 762 videatur,
1027 683 1193 749 hortatur
1207 700 1270 748 eos
1284 691 1322 748 ut

106 790 189 854 idem
203 790 363 871 patribus
374 791 566 856 inculcent:
578 791 696 872 itaque
710 790 773 856 filli
783 800 924 873 patrum
938 790 1026 856 fiunt
1037 790 1319 868 concionatores,

106 895 201 976 quod,
224 902 266 961 ut
286 897 450 962 omittam
470 898 665 964 maximum
686 899 831 978 afferre
851 899 1142 977 emolumentum,
1162 913 1322 962 summae

106 1009 215 1068 lumen
226 1013 280 1093 ost
292 1005 455 1070 omnibus
466 1003 704 1071 admirationi.
717 1003 806 1070 Sunt
814 1015 849 1070 et
857 1001 1110 1070 aliietiamduo
1120 1021 1166 1070 ex
1177 1003 1320 1084 nostris,

106 1111 158 1190 qui
172 1111 240 1177 alio
252 1112 443 1194 intemplo,
458 1113 612 1178 maxima
624 1128 705 1178 cum
717 1111 918 1210 auditorum
929 1111 1091 1188 utilitate,
1107 1109 1237 1191 legunt
1251 1111 1322 1176 die·

106 1215 165 1282 bus
177 1216 298 1284 itidem
312 1217 498 1284 dominicis
518 1237 562 1284 ac
575 1219 691 1284 sestis:
712 1218 833 1300 itaque
851 1226 991 1300 semper
1010 1217 1160 1283 m'tr‘mur
1174 1218 1321 1282 uerbum

105 1324 316 1407 Delabique
340 1324 589 1390 disseminare.
617 1324 733 1390 Faxr't
756 1325 857 1390 Deus
884 1331 925 1390 ut
954 1325 1097 1390 tandem
1125 1323 1320 1406 aliquando

99 1431 242 1508 sruclus
256 1433 457 1498 uberrimos
468 1431 698 1513 colligamus.
1071 1427 1074 1434 '

159 1539 259 1605 Pater
274 1539 424 1606 lacobus
440 1537 449 1572 ¹
465 1539 617 1621 primum
632 1555 774 1606 sacrum
788 1539 981 1606 celebrauit
995 1539 1133 1622 publice
1155 1539 1191 1603 in
1210 1538 1320 1603 eccle·

104 1647 161 1726 sia,
171 1664 262 1729 quae
273 1663 345 1712 non
356 1648 461 1728 longe
473 1666 495 1713 a
507 1648 660 1728 collegio
672 1655 794 1712 nostro
807 1647 916 1722 abest;
931 1647 1047 1728 ibique
1059 1646 1164 1712 Pater
1174 1645 1318 1720 Rector,

106 1769 177 1820 cum
202 1755 373 1821 offerendi
396 1762 535 1838 tempus
560 1756 781 1836 accessisset,
809 1755 1039 1820 concionatus
1060 1762 1124 1834 est,
1147 1755 1321 1820 extollens

106 1863 294 1927 sacerdotis
318 1861 542 1944 dignitatem,
568 1873 772 1946 quantaque
795 1873 889 1928 esset
912 1863 1111 1928 reuerentia
1137 1860 1319 1927 colendus.

106 1965 232 2036 Deinde
248 1970 442 2052 discipulus
457 1971 601 2053 quidam
618 1970 732 2037 Patris
746 1971 864 2037 Iacobi
879 1971 1001 2036 habuit
1020 1969 1217 2036 orationem
1231 1968 1321 2032 eius·

107 2074 179 2142 dem
203 2078 277 2143 fere
303 2078 520 2159 sententiae,
548 2095 670 2144 coram
692 2079 866 2160 frequenti
891 2077 1134 2151 multitudine,
1161 2093 1251 2158 quae
1273 2073 1320 2138 ibi

104 2184 231 2250 aderat.
247 2184 468 2252 Mirabantur
478 2185 638 2267 plerique
652 2202 760 2267 quam
775 2186 819 2250 ob
834 2202 981 2250 causam
993 2183 1103 2266 (quod
1112 2190 1253 2264 semper
1264 2182 1321 2247 lrr'c

97 2291 296 2370 fim'solet)
311 2294 444 2358 nullam
458 2303 663 2374 pateremur
677 2292 798 2360 offerri
809 2294 1007 2375 pecuniam,
1021 2292 1116 2374 quod
1125 2291 1266 2374 parilem
1277 2292 1321 2356 ab

105 2401 259 2466 omnibus
273 2401 501 2482 probabatur,
517 2401 736 2483 experientia
751 2402 828 2483 ipsa
842 2420 883 2465 eo
898 2408 983 2466 lunc
997 2410 1241 2482 cognouerunt
1255 2418 1322 2464 nos

104 2523 168 2572 non
181 2525 259 2587 sua,
275 2509 339 2574 sed
352 2525 414 2574 eos
428 2517 565 2574 tantum
583 2525 768 2590 quaerere.

158 2613 270 2680 Credo
289 2615 360 2680 iam
379 2615 635 2681 Paternitatem
657 2617 770 2682 Tuam
793 2616 872 2680 aliis
889 2616 978 2680 meis
997 2615 1107 2680 literis
1124 2616 1319 2698 accepisse,

104 2719 300 2788 chartarum
319 2722 404 2788 ludo
428 2723 575 2790 huiusce
590 2724 746 2789 ciuitatis
760 2724 921 2788 homines
945 2739 1168 2805 summopere
1182 2723 1322 2788 deditos

105 2843 186 2907 esse,
202 2831 562 2914 consuetudinemque
577 2831 670 2897 banc
685 2832 876 2913 pessimam
890 2831 927 2895 in
941 2832 1090 2896 alteram
1103 2831 1214 2895 veluti
1224 2839 1323 2896 natu·

105 2953 175 3002 ram
189 2955 267 3003 esse
280 2954 505 3020 conuersam;
521 2957 638 3019 quam,
655 2941 737 3005 licet
752 2940 905 3020 expellat
923 2937 1041 3018 turca,
1057 2947 1095 3002 ut
1110 2938 1166 3002 ille
1188 2939 1249 3018 ait,
1272 2948 1321 3002 ta·

106 3061 178 3109 men
189 3063 299 3128 usque
311 3047 463 3113 recurrit
473 3048 496 3126 ';
508 3064 600 3129 quae
611 3047 708 3112 labes
719 3055 891 3128 quantum
902 3046 1026 3110 afferat
1037 3045 1250 3124 detrimenti,
1267 3046 1321 3109 uel

105 3149 180 3216 ltine
193 3153 347 3220 maxime
362 3153 510 3234 intelligi
526 3163 654 3234 potest,
670 3154 839 3234 quoniam
859 3153 1058 3218 tenuissimi
1072 3153 1201 3233 quique
1217 3161 1323 3234 atque

105 3261 328 3342 pauperrimi,
351 3261 411 3342 qui
425 3278 489 3342 per
504 3271 615 3326 totam
631 3259 888 3326 hebdomadam
904 3260 1084 3324 laboribus
1097 3260 1322 3340 franguntur,

104 3381 166 3444 quo
176 3369 312 3449 possint
324 3367 458 3432 victum
470 3367 538 3432 sibi
550 3384 772 3450 comparare,
787 3377 887 3432 tanta
898 3375 1064 3432 tenentur
1075 3365 1217 3431 ludendi
1229 3366 1324 3447 cupi·

104 3470 222 3554 ditate,
238 3483 277 3540 ut
291 3474 416 3539 diebus
429 3474 545 3555 festis,
563 3475 730 3558 quiequid
744 3475 901 3539 maximo
922 3490 1002 3538 cum
1019 3475 1140 3538 labore
1156 3472 1324 3568 acquisie-

104 3591 189 3661 runt,
214 3581 408 3664 dilapident
432 3591 537 3664 atque
563 3581 790 3664 profundant.
818 3581 911 3646 Huic
935 3581 1025 3646 adeo
1051 3581 1252 3661 pernicioso
1282 3597 1325 3644 ac

105 3687 293 3755 inueterata
309 3687 434 3754 morbo
453 3689 583 3754 fratres
602 3690 716 3754 nostri
735 3689 917 3770 cupientes
937 3688 1092 3770 aliquam
1106 3687 1343 3752 curationem.

106 3793 234 3875 afferre,
260 3813 403 3862 omnem
418 3797 525 3876 (quod
547 3797 657 3876 aiunt)
677 3805 865 3862 mouerunt
891 3795 1055 3876 lapidem,
1071 3811 1138 3859 nec
1153 3795 1326 3859 desistunt

106 3901 228 3983 adhuc;
250 3903 427 3986 quinimo,
448 3903 623 3969 desiderio
644 3905 769 3969 salutis
789 3905 988 3968 animarum
1010 3903 1165 3966 maiores
1191 3902 1227 3964 in
1252 3901 1326 3965 dies

105 4009 191 4074 vires
204 4011 348 4092 spiritui
361 4011 621 4092 suppeditante,
637 4011 811 4077 cursitant
826 4015 888 4092 per
911 4010 1009 4074 urbis
1023 4012 1102 4075 loca
1118 4010 1326 4088 flagrantes

103 4115 217 4182 dr'us'no
235 4136 374 4198 amore,
390 4119 557 4200 oblitique
576 4119 801 4200 suiipsorum,
822 4119 970 4183 libenter
994 4126 1100 4198 atque
1121 4133 1235 4198 aequo
1255 4117 1326 4180 ani·

104 4239 155 4288 mo
172 4213 509 4304 lerunt'maledicta,
533 4242 625 4307 quae
646 4225 683 4290 in
700 4226 798 4306 ipsos
820 4226 865 4290 ab
885 4223 1055 4307 improbis
1075 4217 1324 4289 coniiciuntur.

103 4327 256 4415 Denique
270 4351 342 4416 quo
364 4331 539 4398 difficilior
558 4344 612 4398 est
632 4332 720 4397 haec
742 4333 944 4413 prouincia,
965 4350 1073 4414 quam
1094 4331 1258 4411 subeunt,
1284 4349 1325 4398 eo

107 4491 307 4508 ''U-0¹⁸¹·-

139 4573 145 4605 ¹
173 4575 198 4620 Ρ.
210 4575 330 4630 lacobus,
349 4586 427 4632 quem
439 4574 576 4620 Poaarcus
592 4575 617 4621 ln
628 4575 764 4628 Chronico,
774 4583 792 4622 t.
803 4588 840 4628 rr,
851 4575 968 4631 Doeglus
978 4577 1102 4631 appellat,
1113 4574 1327 4622 Bnuuusaraon.

104 4643 120 4687 l.
129 4656 157 4700 c.,
165 4658 222 4702 pag.
231 4647 271 4692 lot
281 4655 307 4710 eg
315 4647 365 4702 tob,
372 4653 399 4691 et
408 4645 526 4700 Harena,
537 4646 701 4692 Rheinisclre
713 4647 808 4698 Aleten,
818 4659 876 4702 pag.
887 4647 934 4702 288,
946 4645 1112 4701 Durius-Is
1119 4645 1230 4692 Lovanll
1240 4645 1326 4693 luerat

107 4719 260 4772 mulatio
269 4719 328 4764 anal
342 4717 403 4764 tuos.

141 4789 152 4821 ⁸
176 4790 317 4836 *Naturam
327 4791 446 4848 expellas
457 4792 539 4850 turca,
551 4801 636 4839 tamen
647 4803 727 4848 usqne
739 4789 962 4850 recurramus..
973 4789 1022 4848 Ερ.
1034 4793 1077 4837 llb.
1089 4804 1105 4846 r,
1115 4803 1141 4846 x,
1152 4803 1178 4840 r.
1188 4791 1222 4837 2⁴.
