3504 5532
1401 24 1746 149 η-

380 493 433 552 lta
762 494 934 554 errnnns
952 511 1223 563 onnosmssrnus

376 639 475 716 glum
490 640 640 718 singulis
655 639 789 718 diebus,
805 648 845 702 vt
859 641 985 703 saltem
996 640 1151 720 aliquam
1163 639 1360 702 rhetorices
1372 641 1429 702 vel
1445 639 1610 706 humani·

378 747 461 809 tntis
480 747 666 810 lectionem
688 745 844 809 audiant.
867 745 976 809 immo
997 763 1078 809 cum
1097 763 1168 809 non
1188 755 1387 824 teneantur,
1409 763 1489 809 curn
1510 747 1605 824 aliis,

376 853 438 933 qui
451 853 667 916 rhetoricam
682 852 845 932 audiunt,
862 851 1145 934 frequentissime
1161 851 1360 932 disputant,
1377 861 1412 916 et
1431 854 1605 932 composi·

374 961 488 1023 tiones
503 959 735 1038 corrigendas
748 960 972 1039 praeceptori
986 960 1143 1023 tradunt.
1160 957 1316 1022 Maxima
1328 957 1528 1023 afficiuntur
1543 959 1605 1023 ho·

375 1068 487 1130 mines
507 1066 752 1144 admiratione,
779 1075 813 1129 et
836 1067 1029 1146 praecipue
1052 1083 1176 1129 eorum
1193 1076 1371 1146 parentes,
1393 1068 1603 1147 praesertim

375 1190 455 1236 cum
469 1173 614 1236 videant
628 1173 707 1236 illos
721 1188 836 1253 pauco
850 1173 1019 1254 temporis
1030 1173 1146 1252 spatio
1158 1182 1294 1236 tantam
1306 1172 1341 1236 in
1352 1173 1465 1236 literis
1476 1173 1605 1238 secisse

290 1275 293 1282 ’
374 1281 649 1362 promotionem,
670 1297 754 1344 nam
774 1298 819 1344 ex
838 1281 893 1344 his
913 1279 1022 1359 aliqui
1042 1279 1216 1360 superiori
1235 1297 1329 1344 anno
1349 1281 1605 1360 grammatices

373 1388 549 1469 principia
574 1387 799 1468 ignorabant:
825 1403 937 1466 quare
961 1386 1104 1450 minime
1129 1386 1233 1450 nobis
1259 1387 1387 1450 mirum
1412 1389 1529 1451 visum
1549 1397 1606 1452 est

373 1495 469 1576 quod
484 1495 603 1575 aliqui,
621 1494 688 1558 hac
704 1493 800 1558 sama
819 1493 916 1571 moti,
937 1491 1040 1568 filios,
1064 1493 1124 1573 qui
1144 1493 1250 1556 etiam
1271 1494 1407 1572 logices
1427 1494 1604 1574 principia

374 1603 500 1665 audire
514 1611 716 1680 coeperant,
735 1599 779 1663 ad
794 1617 859 1664 nos
874 1599 1045 1674 miserint,
1063 1609 1101 1662 vt
1117 1617 1178 1663 eos
1197 1599 1405 1664 doceremus
1419 1603 1494 1680 illa,
1512 1619 1604 1682 quae

373 1707 629 1772 humanitatem
643 1717 815 1789 spectant.

432 1815 642 1878 Excitantur
661 1815 850 1895 plurimum
874 1815 1079 1878 scholastici
1103 1816 1238 1879 crebris
1258 1815 1493 1895 orationibus;
1517 1833 1603 1880 nam

372 1920 521 2001 singulis
536 1920 659 1984 diebus
674 1921 861 1986 dominicis
875 1923 1003 2002 aliquis
1015 1939 1060 1985 ex
1070 1922 1125 2000 iis,
1142 1922 1203 2002 qui
1214 1923 1428 1986 rhetoricam
1439 1921 1599 2000 audiunt,

372 2028 478 2091 habet
503 2029 714 2106 orationem;
741 2046 811 2108 qua
836 2028 952 2108 finita,
979 2031 1070 2092 solet
1094 2029 1250 2110 reliquos
1275 2027 1319 2092 ad
1348 2029 1600 2110 disputandum

372 2151 580 2214 prouocare:
597 2135 634 2198 in
653 2135 709 2197 his
726 2143 845 2198 autem
867 2135 1165 2214 disputationibus
1186 2135 1267 2199 illos
1289 2137 1479 2214 plurimum
1498 2134 1600 2215 profi·

371 2258 452 2304 cere
467 2241 795 2318 animaduertimus;
812 2241 848 2304 in
864 2241 1014 2304 caeteris
1034 2259 1119 2304 uero
1140 2241 1316 2306 classibus
1334 2240 1471 2305 fructus
1491 2243 1600 2306 etiam

372 2360 520 2428 apparet
536 2365 607 2411 non
621 2347 785 2427 exiguus:
810 2348 909 2412 missi
932 2349 1025 2412 enim
1047 2357 1128 2411 sunt
1150 2365 1194 2411 ex
1215 2347 1281 2426 his,
1305 2349 1364 2428 qui
1385 2348 1422 2410 in
1443 2349 1601 2414 secunda

371 2465 472 2517 erant
487 2456 602 2518 classe
617 2455 686 2517 hoc
702 2471 807 2533 anno,
828 2455 874 2518 ad
890 2455 1040 2544 primam
1060 2455 1194 2534 aliquot
1214 2455 1368 2534 optimae
1388 2456 1464 2536 spei
1484 2455 1600 2520 adole·

371 2571 521 2640 scenteS,
536 2561 597 2641 qui
611 2562 667 2624 his
682 2563 806 2641 paucis
817 2560 942 2624 diebus
953 2561 1005 2639 (vt
1015 2561 1100 2626 mihi
1113 2561 1253 2642 quidem
1264 2561 1418 2640 videtur)
1431 2578 1600 2642 magnam

371 2669 530 2731 iecerunt
545 2669 581 2731 in
600 2668 711 2732 literis
731 2669 1000 2748 promotionem,
1023 2686 1106 2731 nam
1129 2668 1292 2732 adferunt
1314 2668 1503 2750 aliquando
1525 2670 1599 2734 lon·

371 2775 538 2853 gissimas
554 2775 744 2853 orationes,
762 2791 852 2855 quas
866 2774 933 2854 ipsi
948 2792 1013 2839 suo
1032 2785 1144 2839 marte
1159 2788 1445 2855 composuerunt.

431 2882 485 2946 De
500 2882 604 2945 rebus
619 2900 706 2945 vero
721 2881 923 2946 domesticis
939 2882 1024 2945 nihil
1038 2892 1092 2946 est
1114 2883 1207 2962 quod
1222 2883 1388 2960 scribam,
1412 2901 1495 2946 nam
1510 2883 1600 2948 nihii

371 2990 593 3053 immutatum
608 2999 671 3051 est.
695 2987 862 3069 Superest
876 2997 915 3051 vt
936 3007 1002 3052 nos
1015 2989 1052 3052 in
1073 2990 1153 3068 tuis,
1174 2987 1216 3052 R.
1241 2989 1357 3069 Pater,
1375 2990 1597 3064 orationibus

370 3093 623 3176 sacrificiisque
638 3096 858 3176 aliorumque
873 3105 1015 3176 patrum
1030 3112 1072 3158 ac
1088 3094 1237 3160 fratrum
1251 3097 1287 3160 111
1302 3097 1393 3178 Χρο.
1418 3113 1600 3164 commen·

370 3203 474 3265 datos
488 3203 633 3265 habeas,

429 3307 588 3386 Patauio,
606 3327 699 3373 nono
714 3309 880 3373 calendas
896 3309 1016 3372 Martii
1034 3307 1121 3372 1556.

528 3415 625 3480 Tuus
640 3417 806 3480 minimus
820 3434 863 3480 ac
878 3415 1045 3495 indignus
1062 3417 1170 3494 lilius,

1231 3631 1431 3698 Acoursws

426 3952 692 4032 Superscriplio
707 3951 745 4014 in
760 3958 891 4032 quarta
901 3951 1058 4032 pagina:
1074 3952 1119 4015 Al
1134 3954 1242 4016 molto
1257 3952 1334 4016 R.‘¹⁰
1347 3955 1382 4017 in
1398 3953 1462 4017 X.⁰
1477 3953 1595 4022 Padre

366 4059 389 4122 il
398 4057 435 4121 P.
450 4057 495 4121 M.
509 4059 646 4138 Ignatio
655 4059 697 4122 de
710 4057 856 4139 Loyola,
869 4057 1075 4138 Praeposito
1088 4061 1254 4138 generale
1266 4061 1357 4124 della
1370 4061 1597 4142 Compagnia

365 4165 401 4229 di
417 4165 538 4242 Giesir;
555 4167 590 4229 in
605 4165 731 4244 Roma,
748 4185 768 4230 a
784 4165 853 4230 Sl·
863 4166 976 4230 Maria
992 4165 1083 4230 della
1099 4165 1242 4231 Strada.

426 4271 510 4335 Alia
522 4289 645 4334 manu:
663 4272 750 4336 1556.
768 4271 928 4336 Patauio.
946 4271 1281 4351 Quadrimestres2l
1299 4273 1495 4339 Februarii.

436 4378 632 4458 Vestigium
647 4395 747 4442 cerae
761 4378 889 4458 sigilli.
