3410 5528
377 532 432 590 340
763 529 934 590 errnaau
953 543 1224 600 oununnrnsrnns

378 678 444 756 niS,
468 677 771 758 BryoudensibuS,
793 677 1061 757 Curtapetranis
1085 675 1340 756 'efflagitatu5,
1358 675 1596 741 Issiodorensi-

378 786 444 848 bus
459 804 480 847 a
501 785 587 848 ΚΜ
608 785 760 848 Domino
779 785 815 848 in
835 785 1038 848 Aduentum
1058 793 1091 847 et
1111 783 1422 865 quadragesimam
1441 781 1598 849 addictus
1693 823 1694 846 l

378 903 411 955 et
437 893 634 974 promissus
658 910 747 956 sum.
774 890 958 956 Aduersus
982 909 1071 972 quos
1098 890 1322 972 Ryomenses
1345 909 1383 956 se
1411 902 1596 972 opponunt,

379 999 508 1078 quippe
522 1000 582 1080 qul
596 999 770 1079 superiori
784 1017 879 1062 anno
898 1017 953 1062 me
974 997 1018 1062 ab
1040 998 1217 1080 Episcopo
1236 1008 1340 1064 antea
1361 997 1596 1077 efflagitarint.

378 1105 514 1169 Verum
538 1107 718 1170 enimuero
743 1107 830 1170 satis
854 1106 1008 1169 arbitror
1033 1105 1253 1186 Ryomenses
1279 1105 1459 1190 repulsam
1479 1117 1599 1186 passos

378 1213 432 1292 iri,
450 1231 532 1276 nam
547 1213 754 1295 Episcopus,
772 1214 866 1277 illinc
885 1212 896 1241 ¹
916 1213 1097 1286 oriundus
1121 1211 1392 1292 promissionem
1414 1212 1484 1276 mei
1504 1207 1606 1276 lssio·'

378 1319 587 1384 dorensibus
601 1320 706 1384 dedit.
724 1319 802 1400 Qua
817 1321 952 1385 ratione
968 1329 1159 1399 permoluS,
1181 1336 1263 1383 cum
1285 1319 1408 1383 humili
1429 1317 1599 1382 modestia

378 1439 483 1509 atque
498 1428 654 1492 officiosa
669 1429 867 1508 gratiarum
882 1427 1022 1490 actione
1036 1427 1318 1505 BiliomensibuS,
1335 1425 1554 1491 Ambertinis
1568 1439 1600 1489 et

378 1535 528 1599 caeteris
543 1551 756 1599 consensum
767 1533 878 1597 renui.
895 1533 1143 1614 Bryoudenses
1154 1533 1379 1613 postmodum
1390 1551 1454 1614 per
1465 1533 1599 1598 nobilis·

377 1642 504 1706 simum
520 1644 646 1721 virum,
664 1641 854 1705 Dominum
870 1639 965 1721 Daly
988 1638 1010 1720 ⁸,
1031 1658 1087 1704 me
1107 1651 1291 1721 rogarunt,
1312 1651 1351 1705 vt
1373 1642 1499 1705 saltem
1520 1643 1600 1705 alte·

377 1767 453 1812 ram
479 1749 801 1830 quadragesimam,
827 1748 973 1812 secundi
998 1748 1164 1812 nimirum
1189 1748 1283 1828 anni,
1311 1748 1397 1830 ipsis
1421 1749 1598 1829 pollicear:

376 1857 502 1934 quibus
523 1854 688 1935 respondi
708 1873 764 1918 me
785 1855 917 1935 absque
936 1854 1156 1919 obedientiae
1175 1853 1345 1936 suffragio
1366 1855 1400 1919 id
1419 1865 1601 1938 praestare

376 1980 448 2026 non
463 1979 579 2042 posse,
597 1963 725 2044 quippe
746 1962 805 2043 qui
824 1963 893 2025 mei
913 1961 1050 2026 arbitrii
1068 1979 1138 2026 non
1158 1963 1236 2038 sim,
1259 1963 1464 2042 neutiquam
1485 1972 1599 2026 tamcu

346 2059 349 2068 '
376 2086 561 2134 assensum
575 2085 719 2148 negare,
736 2069 889 2149 pendere
911 2070 1052 2134 interim
1072 2087 1117 2132 ex
1136 2069 1420 2150 praepositorum
1444 2086 1601 2134 meorum

375 2177 587 2259 praeceptis.

437 2284 747 2348 claromontenses
772 2293 810 2347 vt
836 2303 880 2348 ex
906 2284 986 2347 ΠΡΟ
1007 2281 1200 2363 officiario,
1224 2281 1602 2349 D.¹10Canceuarioet

377 2391 456 2454 aliis
471 2391 644 2470 intellexi,
659 2392 695 2454 in
711 2390 1021 2472 quadragesimam
1038 2391 1182 2454 alterius
1197 2392 1281 2454 anni
1296 2408 1352 2465 me
1367 2392 1411 2455 ab
1425 2391 1604 2472 Episcopo

375 2499 569 2578 deposcere
584 2498 678 2562 haud
693 2499 865 2561 omittant.
883 2497 1124 2563 Admirandus
1138 2509 1192 2562 est
1213 2500 1249 2561 in
1269 2497 1338 2562 hac
1357 2498 1603 2563 Aruernorum

376 2606 521 2686 regione
544 2623 631 2686 erga
653 2605 866 2670 Societatem
882 2605 1045 2685 affectus,
1070 2623 1112 2668 ac
1127 2605 1255 2669 nobilis
1276 2606 1319 2669 de
1332 2614 1456 2669 nostra
1471 2605 1607 2687 profes-

375 2715 474 2778 sione
489 2711 595 2777 fama.

435 2821 529 2884 Ante
544 2821 855 2901 quadragesimam
873 2821 1046 2902 elapsam,
1064 2820 1100 2884 in
1114 2820 1202 2884 vrbe
1216 2819 1424 2900 Biliomaea,
1441 2815 1601 2899 Vicensi,

375 2928 625 3006 Issiodorensi,
644 2927 737 3007 apud
751 2927 908 2990 Montem
928 2927 1125 3007 Morinum,
1142 2927 1177 2990 in
1193 2943 1285 3009 pago
1299 2925 1421 2992 Sainct
1435 2925 1548 2992 Haire
1571 2941 1605 2991 et

375 3036 504 3111 altero,
537 3035 727 3098 Estendeul
754 3032 767 3063 ⁴
794 3042 1014 3114 nuncupato,
1045 3034 1275 3098 ecclesiastae
1304 3033 1417 3098 officio
1445 3033 1602 3110 iunctus,

375 3142 493 3205 multis
508 3141 704 3222 spiritalem
718 3143 1000 3208 consolationem
1016 3141 1128 3220 attuli,
1146 3141 1292 3221 spiritus
1306 3141 1472 3224 vnctione
1489 3141 1606 3206 labem

375 3250 573 3312 animorum
602 3251 750 3311 eluente.
778 3249 861 3312 Post
888 3247 1026 3311 Pascha
1051 3265 1138 3312 vero
1160 3249 1196 3312 in
1222 3248 1364 3329 oppidu,
1391 3247 1604 3336 Curtapetra

375 3366 597 3436 nuncupato,
614 3357 648 3418 in
664 3372 758 3435 pago
774 3355 982 3434 Estendeul,
999 3356 1036 3419 in
1052 3355 1138 3418 vrbe
1153 3355 1366 3436 Biliomaea,
1382 3355 1418 3419 in
1432 3373 1530 3436 pago
1546 3355 1605 3420 So·

375 3463 530 3542 riaceno',
548 3464 583 3525 in
599 3464 744 3526 ciuitate
760 3463 984 3542 Ambertina,
1001 3471 1035 3526 et
1050 3461 1267 3527 Monasterio
1282 3462 1455 3543 Stellensi,
1469 3464 1517 3528 ad
1528 3481 1605 3545 pro·

376 3569 566 3635 sessionem
581 3571 774 3633 solemnem
790 3570 951 3650 virginis,
967 3571 1084 3650 patria
1098 3569 1325 3650 RyomensiS,
1342 3579 1506 3651 vocatus,
1523 3589 1606 3634 con·

375 3678 536 3741 cionibus
551 3677 698 3754 habitis,
715 3677 846 3740 bonum
868 3677 1000 3740 Christi
1022 3677 1167 3740 odorem
1187 3677 1389 3742 auditorum
1408 3677 1538 3742 animis
1557 3680 1606 3743 in·

375 3785 500 3864 spersi.
519 3785 660 3848 Christo
674 3783 788 3847 honor
804 3792 881 3846 esto
898 3793 932 3847 et
945 3784 1071 3864 gloria.
1267 3791 1271 3796 ’

437 3890 918 3958 Confessionis'sacramento
938 3889 1201 3970 administrato,
1222 3892 1411 3955 multorum
1427 3893 1542 3956 salute
1558 3891 1605 3956 di·

378 3999 461 4063 uina
476 3999 677 4079 benignitas
692 4015 755 4079 per
770 4016 825 4061 me
842 3999 1027 4062 consuluit.
1050 3997 1258 4087 Complures
1280 3998 1483 4077 generalem
1498 4000 1608 4064 totius

379 4108 474 4171 vitae
489 4107 748 4170 confessionem
763 4107 798 4169 in
813 4106 929 4169 sinum
951 4123 1049 4169 meae
1070 4105 1151 4169 fidei
1169 4104 1377 4170 effuderunt.
1401 4105 1481 4170 Non
1501 4109 1609 4188 pauci

377 4215 557 4279 mensibus
572 4215 722 4292 singulis
732 4229 811 4276 meo
823 4230 931 4276 suasu
943 4211 1165 4292 confitentur,
1180 4222 1215 4276 et
1227 4213 1473 4284 Eucharistiae
1485 4231 1610 4278 sacra·

381 4395 592 4403 Ἠ

420 4494 428 4525 ¹
458 4493 553 4537 Incolis
562 4491 663 4536 scilicet
673 4491 825 4547 oppidorum
837 4492 954 4547 Ambert,
965 4492 1084 4545 Brioude,
1095 4497 1121 4536 et
1134 4491 1283 4546 conplere.

422 4567 433 4597 ¹
460 4565 574 4618 Scilicet,
586 4563 723 4616 Issiodoro,
736 4563 843 4608 Issot're.
854 4563 920 4608 Vide
932 4564 1044 4608 Pocancr
1055 4563 1210 4614 Chronicon,
1219 4569 1238 4609 t.
1247 4575 1272 4619 v,
1284 4575 1343 4620 pag.
1351 4565 1401 4618 aab,
1409 4574 1434 4608 u.
1443 4563 1493 4610 m

419 4637 431 4670 ⁸
459 4636 534 4681 Haud
542 4637 742 4681 nltldeexarata
750 4643 789 4679 est
798 4643 928 4690 postrema
939 4636 1140 4691 hujusvocabuli
1148 4637 1247 4690 littam
1256 4647 1337 4690 quare
1346 4644 1385 4680 est
1396 4636 1438 4690 qul
1446 4637 1521 4690 legat
1532 4637 1605 4691 Dalg

419 4711 430 4742 ⁴
457 4709 484 4752 lo
500 4708 603 4763 oppidis
620 4707 720 4752 scilicet
735 4707 836 4761 Blllom,
855 4707 1051 4758 Vlc'·le·Comte,
1065 4707 1169 4763 lascire,
1185 4707 1356 4760 luunt-Morio,
1370 4705 1522 4752 Salat-Dler
1539 4709 1570 4765 (ἰ)
1584 4717 1610 4754 et

377 4781 541 4826 Estandeuil·
1350 4793 1352 4798 ’
