3382 5528
341 475 411 537 4811Ι
658 449 662 454 ’
726 475 897 535 L1rrruas
915 489 1187 544 ounnumasruns

340 623 470 688 tunche
485 623 585 686 molti
596 622 632 686 di
645 622 762 704 quelli.
779 622 845 687 che
859 621 915 688 fra
929 623 980 704 gli
995 623 1083 687 dotti
1095 623 1131 688 di
1143 631 1267 704 questa
1280 621 1366 686 cirta
1381 637 1468 684 sono
1485 637 1569 684 con·

341 729 416 810 tati,
433 729 758 811 reprehendessen'o
772 730 807 793 la
822 731 989 810 dottrina,
1005 741 1040 794 et
1053 731 1183 812 purita,
1199 739 1233 793 et
1248 730 1282 792 lo
1297 729 1456 792 instituto
1473 726 1519 790 de
1534 728 1570 790 la

341 846 465 900 nostra
477 837 708 918 Compagnia.
721 835 780 901 Ma
796 837 893 902 iddio
909 839 932 903 li
944 838 1095 917 consigli
1110 836 1152 901 de
1167 838 1189 900 l·
1208 835 1364 901 huomini
1379 852 1450 898 non
1465 844 1570 914 tropo

341 943 448 1010 buoni
460 945 542 1022 (non
556 948 638 1008 saro
659 951 744 1025 pero
759 945 794 1008 in
813 955 936 1026 questo
959 944 1018 1026 piu
1037 946 1155 1024 longo,
1175 950 1220 1008 ne
1240 943 1393 1008 mancho
1409 941 1569 1006 scriuero

341 1051 426 1132 ogni
440 1049 537 1129 cosa)
552 1068 685 1133 rompe‚
701 1060 736 1114 et
750 1068 867 1132 speza,
884 1051 1024 1133 quando
1036 1069 1057 1114 a
1069 1051 1103 1114 la
1114 1067 1179 1114 sua
1191 1050 1328 1140 Maesta
1340 1066 1484 1131 appare.
1499 1047 1571 1112 Per

340 1159 365 1223 il
379 1157 437 1222 cui
452 1158 559 1235 aiuto,
575 1175 685 1222 sauza
700 1159 765 1222 che
780 1158 839 1222 nui
854 1175 1150 1242 oppugnassemo‚
1167 1176 1188 1221 o
1209 1156 1533 1222 contradicessemo
1550 1173 1571 1218 a

341 1265 366 1330 li
390 1265 597 1344 aduersarii,
623 1275 711 1329 tutte
735 1267 767 1330 le
792 1283 894 1331 cosse
919 1283 1103 1330 sucessero
1128 1266 1359 1330 selicemente.
1380 1261 1516 1328 Perche
1538 1264 1572 1325 la

341 1373 456 1437 velita
470 1389 650 1453 oppressa,
669 1370 705 1435 fu
720 1372 764 1435 da
779 1373 811 1436 le
826 1373 890 1436 lor’
907 1373 1002 1438 mani
1017 1373 1177 1437 liberata.
1194 1373 1271 1438 Con
1287 1380 1409 1453 queste
1424 1387 1509 1434 cose
1524 1370 1573 1433 ha

342 1479 516 1544 cresciuto
532 1479 554 1543 il
570 1496 670 1542 amor
685 1479 728 1543 de
743 1480 768 1542 li
786 1480 945 1544 cittadini
966 1495 1069 1545 uerso
1089 1480 1124 1544 di
1144 1479 1213 1558 noi,
1237 1478 1378 1561 perche,
1403 1477 1573 1552 lassando

341 1589 375 1652 la
390 1585 508 1652 catiua
523 1587 698 1668 opinione,
716 1587 852 1652 heueno
867 1588 912 1651 da
928 1588 989 1653 noi
1014 1587 1176 1668 megliori
1197 1585 1419 1668 concerti‚.et
1434 1583 1572 1660 ‚lodano

341 1694 595 1774 grandemente
610 1693 634 1758 il
653 1705 776 1758 nostro
791 1694 962 1774 instituto;
978 1712 1037 1761 ma
1059 1693 1227 1760 lassando
1242 1705 1364 1776 queste
1380 1711 1475 1770 cose,
1492 1708 1573 1774 par-

255 1799 260 1810 “
341 1803 476 1866 laremo
491 1801 546 1865 del
561 1801 704 1882 proiitto
719 1801 790 1867 che
805 1803 835 1865 si
850 1819 871 1865 a
886 1803 975 1866 fatto
989 1803 1078 1866 nelle
1094 1819 1177 1866 cose
1192 1802 1378 1884 spirituali.

402 1907 445 1972 Li
455 1907 565 1973 diuini
580 1909 795 1974 sacramenti
806 1909 850 1974 de
862 1910 896 1972 la
907 1908 1134 1974 Eucharistia
1145 1918 1180 1974 et
1192 1908 1424 1986 confessione,
1437 1909 1463 1972 li
1475 1909 1573 1990 quali

342 2015 366 2081 li
383 2015 496 2079 nostri
516 2014 622 2079 Padri
640 2015 926 2096 diligentemente
951 2016 1219 2092 administrano,
1245 2033 1333 2080 sono
1358 2015 1572 2097 frequentati

343 2121 426 2203 ogni
441 2121 477 2187 dl
491 2123 563 2204 piu:
580 2124 612 2188 le
633 2122 799 2203 prediche
825 2133 859 2188 et
884 2124 1004 2188 letioni
1028 2123 1117 2188 delle
1141 2139 1243 2188 sacre
1259 2124 1367 2189 letere
1391 2121 1486 2187 dano
1500 2141 1573 2188 non

267 2243 270 2248 '
342 2231 459 2312 picola
474 2230 707 2296 admiratione
723 2231 848 2316 atutti‚
866 2248 933 2295 con
948 2233 981 2294 le
994 2231 1091 2315 quali
1105 2249 1127 2294 a
1142 2231 1165 2296 li
1180 2231 1343 2319 huomini
1357 2231 1572 2308 dettrattori,

345 2338 514 2404 abenche
526 2336 628 2402 siano
641 2338 678 2402 in
692 2337 778 2418 ogni
793 2350 905 2422 parte,
927 2341 1036 2403 molto
1059 2338 1118 2418 piit
1138 2339 1174 2404 in
1187 2348 1313 2420 questa
1334 2347 1432 2403 terra
1448 2339 1575 2404 libera·

343 2454 459 2510 mente
481 2445 712 2524 maledicono‚
736 2462 774 2510 se
798 2445 848 2526 gli
872 2463 970 2511 serra
991 2445 1112 2512 l'uscio
1137 2455 1171 2510 et
1196 2445 1386 2510 occasione
1412 2444 1456 2508 de
1481 2445 1576 2508 male
1681 2461 1682 2464 ¹

342 2552 430 2617 dire:
446 2551 477 2616 le
493 2554 582 2616 altre
598 2569 702 2634 opere
718 2551 761 2616 de
777 2551 1020 2618 misericordia
1041 2571 1129 2618 sono
1149 2552 1346 2618 essercitati
1367 2551 1397 2621 si
1418 2551 1574 2616 solicita·

342 2668 472 2739 mente,
495 2659 560 2723 che
580 2638 759 2741 non‘pare
774 2658 840 2724 che
854 2659 996 2726 maachi
1021 2677 1107 2726 cosa
1133 2677 1279 2726 ueruna:
1306 2661 1330 2724 li
1356 2658 1477 2742 poderi
1499 2659 1576 2722 etii
1681 2741 1682 2748 ἵ

343 2765 524 2846 bisognosi
538 2768 742 2845 consolan0‚
759 2776 793 2830 et
808 2766 838 2830 si
850 2767 993 2831 souiene
1009 2769 1078 2832 alla
1093 2769 1206 2832 salute
1221 2767 1258 2832 di
1271 2767 1384 2844 molti,
1396 2767 1444 2830 aii
1462 2765 1574 2848 quali,
1681 2755 1682 2792 ³

343 2877 372 2940 si
388 2875 421 2938 la
437 2871 612 2954 diligenza
627 2873 670 2936 de
685 2873 708 2936 li
723 2873 835 2938 nostri
852 2872 958 2938 Padri
977 2892 1047 2938 non
1062 2875 1113 2954 gli
1132 2891 1302 2956 porgessc
1321 2872 1435 2951 aiut0,
1457 2873 1575 2938 diace-
1681 2931 1682 2970 5

343 2980 443 3046 riano
459 2981 536 3046 nele
557 2980 699 3045 tenebre
719 2990 754 3044 et
769 2980 958 3046 obscurita:
984 2997 1048 3062 per
1062 2981 1086 3068 il
1101 2981 1166 3046 che
1178 2981 1203 3045 il
1217 2979 1382 3044 Vescouo
1395 2979 1432 3043 di
1447 2987 1574 3059 questa
1681 2991 1682 3018 ³

344 3089 429 3152 cirta
446 3086 453 3119 ¹
470 3087 543 3153 etii
558 3104 622 3151 suo
637 3086 784 3151 Vicario
804 3087 827 3166 ¹,
849 3089 873 3152 li
892 3089 988 3168 quali
1008 3087 1265 3154 administratio
1291 3085 1574 3167 religiosissima·

343 3203 460 3262 mente
475 3195 575 3259 lilor'
593 3193 710 3274 officii,
728 3213 840 3260 usano
856 3197 890 3260 la
904 3195 1093 3277 diligenza,
1110 3196 1271 3276 consigli
1287 3205 1323 3260 et
1340 3191 1576 3260 admonitioni

343 3301 511 3384 diquelli.
714 3376 716 3380 v

401 3409 477 3476 Con
491 3417 613 3492 queste
626 3427 708 3475 cose
725 3411 822 3475 molti
837 3412 944 3476 nobili
960 3411 1091 3487 ioanni,
1108 3411 1163 3475 fra
1179 3411 1202 3474 li
1215 3410 1309 3493 quali
1326 3409 1456 3489 cinque
1471 3407 1577 3470 suieti

343 3517 379 3588 di
393 3517 485 3580 bona
500 3533 674 3598 speranza
690 3517 726 3598 (li
746 3518 840 3598 quali
856 3535 927 3582 non
949 3523 968 3582 e
989 3535 1050 3599 per
1070 3519 1178 3582 adeso
1199 3519 1305 3598 luogo
1329 3515 1365 3580 di
1390 3531 1576 3579 racoman·

343 3623 470 3703 dargli)
497 3641 567 3688 non
587 3624 680 3688 hano
702 3624 816 3704 quiete
838 3625 966 3689 alcuna
988 3623 1103 3690 finche
1129 3641 1199 3688 non
1222 3633 1371 3688 entrano
1395 3622 1430 3686 in
1449 3631 1576 3702 questa

343 3729 574 3812 Compagnia;
597 3731 641 3794 de
656 3731 680 3795 li
695 3731 787 3812 quali
809 3731 924 3794 alcuni
951 3748 1039 3796 sono
1060 3731 1238 3798 accettati:
1261 3730 1343 3794 altri
1363 3729 1405 3808 (si
1425 3729 1517 3792 com’
1540 3726 1575 3790 io

324 3893 326 3898 .
344 3835 459 3917 spero)
476 3837 512 3900 in
536 3837 643 3902 breue
668 3847 786 3918 tempo
810 3855 941 3901 sarano
960 3838 1119 3916 ricenuti;
1147 3838 1183 3901 in
1202 3837 1257 3902 fra
1276 3844 1401 3918 questo
1422 3851 1522 3900 mezo
1541 3835 1574 3897 la

345 3961 519 4025 speranza
534 3962 599 4008 sua
614 3961 721 4025 pasce
736 3954 771 4008 et
786 3944 942 4010 nutrisce
958 3945 981 4008 li
996 3948 1060 4009 lor’
1080 3945 1198 4009 animi:
1216 3946 1249 4008 la
1266 3945 1368 4025 quale
1388 3943 1525 4006 anchor
1539 3939 1576 4004 fa

344 4050 410 4116 che
425 4052 602 4133 speriamo
618 4052 683 4116 che
698 4053 796 4116 molti
816 4051 946 4114 hauino
966 4069 986 4114 a
1008 4051 1146 4116 imitare
1167 4052 1191 4115 il
1205 4062 1327 4116 nostro
1346 4047 1450 4114 modo
1471 4047 1507 4112 di
1527 4047 1575 4113 ui·

347 4149 447 4236 uere,
476 4176 495 4222 e
519 4159 773 4240 grandemente
800 4159 992 4240 procurino
1022 4159 1056 4222 di
1085 4175 1212 4238 parere
1240 4152 1486 4238 assimigliarsi
1516 4157 1576 4220 alli

348 4267 472 4330 nostri:
488 4267 512 4330 il
528 4266 592 4329 che
608 4266 707 4330 molti
721 4266 814 4331 hano
830 4275 1073 4348 apertamente
1088 4264 1299 4330 dichiarato.

358 4413 361 4421 ι
405 4373 494 4444 Diro
508 4372 635 4438 adesso
651 4371 718 4436 del’
736 4372 851 4438 studio
866 4372 909 4437 de
925 4374 956 4437 le
971 4375 1105 4452 lettere,
1122 4389 1165 4437 co
1180 4371 1297 4453 iquali
1310 4373 1333 4436 li
1348 4372 1431 4472 bom
1442 4369 1577 4452 ingenii

387 4653 394 4686 ⁸
424 4652 582 4709 Hippolytus
592 4652 793 4720 corneus-Vide
806 4652 918 4696 Pounrcr
929 4651 1083 4702 Chrom'con,
1092 4658 1112 4696 t.
1123 4663 1149 4706 v,
1160 4663 1220 4708 pag.
1230 4651 1265 4703 ⁶³.
1275 4657 1363 4698 annot.
1373 4651 1397 4696 4.

387 4725 398 4758 ⁸
425 4723 527 4770 Marcus
538 4723 667 4769 Antonius
677 4723 813 4770 Orndlnus.
825 4723 891 4772 Vide
902 4721 968 4777 ibid,
977 4733 1036 4780 pag.
1044 4723 1078 4774 ⁶2.
1090 4735 1115 4768 n.
1125 4721 1171 4769 tta.
