3368 5528
357 500 414 561 59⁴
750 501 920 560 Lmraeaa
941 519 1215 570 ouanmussrans

361 646 417 709 bis
435 663 456 708 a
476 647 584 709 nobili
605 646 757 725 quadam
782 656 944 710 matrona
970 647 1120 726 donata,
1145 651 1350 731 quaequod
1377 651 1413 714 in
1433 653 1578 732 proximo

363 754 432 816 sita
447 755 502 830 sit,
520 754 708 833 plurimum
730 762 764 817 et
787 754 978 834 uoluptatis
998 763 1032 817 et
1054 755 1216 820 utilitatis
1237 757 1341 821 simul
1360 758 1508 822 familiae
1527 777 1575 822 no·

364 869 460 924 strae
476 861 543 923 hoc
558 869 727 924 autumno
749 862 875 924 attulit.

423 967 503 1049 J'am
527 985 571 1030 ne
600 977 672 1030 tam
701 969 811 1030 multa
836 968 1022 1032 commoda
1049 969 1185 1033 trustra
1213 969 1375 1052 impensa
1396 972 1575 1048 uideantur,

359 1080 488 1155 potres
506 1080 539 1136 et
552 1074 700 1154 fratres
723 1072 730 1104 ¹
750 1091 873 1138 omnes
888 1075 997 1138 animi
1022 1093 1152 1140 neruos
1178 1087 1213 1139 et
1230 1079 1325 1142 uires
1349 1079 1527 1143 intendunt
1545 1091 1576 1143 ut

365 1182 488 1262 attona
505 1182 635 1245 saltem
654 1199 702 1244 ex
716 1188 824 1260 parte
847 1193 881 1245 et
906 1199 992 1245 suae
1017 1183 1231 1262 professioni
1246 1193 1281 1247 et
1301 1183 1414 1249 Ducis
1435 1187 1576 1250 simulet

366 1291 497 1354 ciuium
511 1291 668 1354 omnium
682 1289 725 1352 de
740 1289 841 1352 nobis
856 1290 1094 1370 expectationi
1109 1290 1212 1370 (quae
1232 1291 1373 1372 quidem
1394 1311 1464 1358 non
1479 1311 1575 1374 parua

366 1399 430 1478 est)
446 1396 607 1461 satisfiat.
624 1397 701 1476 Qua
716 1396 759 1458 de
775 1413 882 1458 causa
897 1396 1032 1460 facturn
1047 1405 1100 1460 est
1118 1406 1154 1460 ut
1170 1398 1266 1461 feriis
1282 1399 1380 1463 hisce
1402 1400 1576 1464 vindemia·

367 1506 474 1582 libus,
504 1504 630 1585 quibus
658 1504 808 1566 caeteris
836 1520 857 1564 a
886 1503 1094 1566 lectionibus
1122 1505 1352 1584 supersedere
1383 1507 1576 1585 permissum

367 1623 463 1688 erat,
479 1610 699 1690 professores
713 1610 824 1672 nostri
839 1609 903 1673 soli
921 1609 1077 1672 omnium
1092 1610 1254 1690 legerint.
1271 1610 1442 1676 inchoata
1462 1624 1536 1676 sunt
1547 1623 1576 1674 et

369 1731 442 1783 tum
459 1717 628 1798 temporis
643 1716 758 1778 studia
775 1715 964 1779 Hebraico.

428 1825 494 1890 Per
509 1824 603 1888 idem
617 1823 724 1886 etiam
738 1833 877 1902 tempus
890 1822 1028 1886 Doctor
1043 1823 1205 1888 Couillon
1220 1831 1231 1862 ²
1249 1841 1330 1888 cum
1352 1826 1422 1888 alio
1442 1825 1577 1904 quodam

369 1934 477 1996 latine
498 1929 509 1961 ⁵
535 1930 738 1994 concionari
758 1929 885 2009 coepit.
908 1929 1108 2010 Coeperunt
1127 1939 1162 1994 et
1181 1931 1250 1994 duo
1275 1932 1335 1994 alii
1356 1932 1529 2010 germani,
1549 1931 1578 1992 in

370 2040 473 2122 pagis
487 2037 643 2102 finitimis
657 2037 805 2100 uerbum
821 2035 887 2098 Dei
907 2037 1093 2100 seminare.
1115 2035 1270 2117 Reliqui,
1287 2039 1346 2118 qui
1366 2056 1436 2102 non
1456 2039 1578 2103 concio·

371 2155 512 2220 uantur,
535 2155 595 2209 aut
613 2145 780 2224 priuatim
799 2143 985 2219 docentur,
1010 2152 1070 2206 aut
1090 2145 1239 2224 publicis
1264 2135 1508 2225 theologorum
1531 2162 1579 2206 no·

371 2264 526 2318 strorum
540 2252 748 2316 lectionibus
764 2252 949 2314 intersunt.
966 2249 1004 2314 ln
1025 2252 1228 2314 uniuersum
1249 2269 1371 2316 omnes
1385 2261 1419 2316 et
1434 2254 1471 2316 in
1485 2251 1581 2316 literis

371 2371 405 2424 et
420 2361 455 2424 in
471 2359 594 2440 spiritu
609 2358 708 2421 iuxta
723 2374 933 2437 progressus
953 2357 1097 2420 iaciunt.
1120 2357 1208 2420 Tres
1227 2359 1297 2422 iam
1319 2361 1480 2439 proxime
1498 2375 1579 2422 man·

372 2468 479 2549 eipati
494 2475 574 2530 sunt
590 2466 760 2530 iuuentuti
776 2463 1018 2543 instruendae,
1035 2465 1129 2543 quod
1141 2471 1289 2544 praeter
1311 2482 1451 2530 omnem
1470 2465 1580 2546 ‘spem

315 2573 316 2576 ’
372 2575 505 2654 euenit;
521 2574 699 2637 nonenim
715 2581 791 2634 erat
806 2571 875 2634 ulla
891 2588 973 2652 spes
987 2572 1130 2634 scholae
1146 2573 1213 2634 hac
1228 2572 1343 2636 hieme
1365 2573 1577 2652 aperiundae;

372 2700 497 2746 verum
511 2661 690 2744 Dominus*
698 2679 810 2742 medio
827 2694 891 2742 suo
906 2678 1147 2741 instrumento
1159 2677 1310 2742 Rectore
1325 2689 1447 2743 nostro
1462 2689 1494 2744 et
1508 2678 1579 2741 arni·

373 2790 424 2854 cis
436 2788 573 2852 nostris
589 2785 600 2818 ⁸
622 2797 720 2849 tanto
734 2787 826 2848 bono
843 2796 877 2848 et
891 2785 1007 2848 fructu
1023 2803 1087 2848 nos
1107 2796 1140 2848 et
1155 2786 1372 2850 iuuentutem
1387 2787 1497 2868 ipsam
1518 2785 1578 2846 diu·

373 2897 443 2960 tius
457 2894 622 2958 frustrari
637 2892 759 2956 noluit.
773 2891 924 2956 Habitare
944 2901 1025 2954 sunt
1040 2900 1074 2955 et
1089 2903 1161 2954 tres
1175 2893 1354 2956 orationes
1369 2904 1450 2956 ante
1464 2891 1577 2956 studio·

372 3021 450 3067 rum
472 3002 586 3079 initia,
603 3011 637 3064 et
655 2999 796 3078 quidem
810 2999 1026 3078 amplissimo
1047 2998 1248 3062 auditorum
1264 3017 1432 3064 consessu
1453 3014 1577 3080 perora·

373 3119 440 3173 tae.
464 3108 674 3172 Benedictus
693 3106 791 3170 Deus
809 3107 848 3186 in¹
860 3106 1034 3170 omnibus.

433 3217 524 3280 Pace
543 3225 578 3278 et
596 3214 848 3294 tranquillitate
870 3231 939 3276 non
959 3215 1073 3276 solum
1094 3213 1304 3288 domestica,
1327 3214 1390 3276 sed
1409 3215 1510 3278 etiam
1528 3227 1576 3290 pu·

372 3323 478 3401 blica,
502 3322 649 3385 fruimur
668 3335 820 3398 summa,
840 3320 907 3383 nisi
927 3320 1020 3400 quod
1042 3320 1222 3398 haeretici,
1240 3337 1388 3400 quorum
1408 3321 1465 3384 hic
1483 3315 1576 3382 maxi·

372 3446 451 3494 mus
474 3437 529 3493 est
549 3437 756 3508 prouentus
785 3427 877 3500 odio,
905 3427 1044 3490 occulto
1071 3437 1207 3500 tamen,
1235 3445 1300 3490 nos
1321 3435 1576 3508 prosequantur.

373 3535 595 3616 Spargebant
609 3533 760 3615 primum
776 3534 1012 3609 rumusculos,
1032 3531 1141 3594 semet
1160 3534 1275 3596 minus
1297 3533 1478 3610 dexteros,
1494 3529 1579 3596 dicti·

371 3653 487 3708 tames
501 3652 703 3705 nostrorum
719 3639 808 3703 alios
822 3639 1026 3720 prostibulis
1048 3647 1244 3718 extractos,
1259 3639 1351 3702 alios
1372 3655 1520 3704 excusso
1535 3654 1580 3700 re·

356 3751 512 3830 ¹ligionis
526 3750 610 3828 iugo
624 3747 753 3812 abiisse
766 3745 795 3824 ⁶,·
810 3747 950 3810 demum
964 3757 1121 3825 nostros,
1137 3747 1217 3809 licet
1238 3747 1329 3810 inter
1345 3747 1497 3827 parietes
1508 3761 1579 3809 con·

370 3859 560 3934 tineantur,
577 3855 693 3918 omnia
709 3863 827 3917 tamen
841 3870 945 3918 sacra
966 3861 1000 3916 et
1020 3853 1170 3932 profana
1184 3870 1249 3934 pro
1265 3853 1413 3918 arbitrio
1434 3871 1498 3918 suo
1518 3867 1580 3916 mo·

370 3964 489 4028 derari
502 3965 603 4026 uelle.
620 3961 769 4024 Habitae
784 3968 865 4024 sunt
880 3959 924 4023 ab
939 3959 1007 4022 hoc
1029 3959 1211 4022 hominum
1230 3976 1362 4038 genere
1383 3961 1517 4041 publice
1530 3959 1580 4021 de·

370 4070 618 4148 clamationes,
635 4077 694 4131 aut
709 4067 826 4147 potius
840 4066 1051 4130 insertiones
1067 4065 1094 4142 ¹,
1115 4066 1240 4147 quibus
1262 4068 1462 4132 clanculum
1476 4064 1581 4132 studia

1045 4230 1058 4267 C

410 4311 418 4343 ¹
448 4311 499 4354 nrt.
516 4311 630 4364 (nostrl).
641 4309 780 4352 Poenicus.

409 4384 420 4414 ²
449 4383 476 4425 Ρ.
485 4381 532 4426 Dr.
541 4381 653 4433 joannes
664 4379 822 4424 Cuvlllonins
830 4379 992 4431 (Couvlllon).

407 4455 418 4486 ὅ
446 4465 502 4496 cum
513 4454 564 4496 alio
574 4453 608 4495 cle
618 4452 719 4495 nostris
728 4450 808 4494 latine
820 4451 986 4494 alternatim.
998 4451 1139 4500 Patiscus.

407 4525 419 4557 ⁸
446 4535 544 4568 omnem
555 4523 723 4579 praetenlr.

407 4597 419 4629 ὅ
446 4603 528 4650 opera
538 4595 662 4640 Rectorts
671 4597 756 4639 nostri
764 4602 790 4639 et
800 4597 953 4640 amicorum.
963 4595 1001 4640 lo.

407 4664 419 4697 Ι
447 4665 743 4719 nncventsse,‘altt.lo.

306 4743 308 4748 '
407 4739 418 4772 ἵ
446 4739 618 4783 invectiones.
630 4738 690 4781 All·
700 4748 790 4782 manus
799 4748 816 4781 a
827 4738 943 4782 Polancl.
