3504 5532
686 548 749 612 Au.
771 548 841 611 1556
1324 544 1374 610 161

211 695 315 778 Quod
330 697 377 763 ad
390 698 486 763 uitae
501 715 625 763 eorum
636 709 754 763 mores
765 697 901 778 attinet,
914 714 1023 761 unum
1034 698 1102 761 hoc
1117 673 1310 776 affirmabo,
1324 711 1380 761 me

142 805 265 870 nullos
279 803 364 870 alibi
377 821 533 886 unquam
548 805 604 869 his
617 804 749 870 uidisse
766 803 1008 869 modestiores.
1024 803 1131 885 quue
1154 802 1198 868 de
1218 803 1380 868 omnibus

142 912 366 992 generaliter
380 911 541 992 dixerim,
558 911 698 977 tametsi
711 929 783 976 non
797 927 920 976 omnes
934 928 1045 993 aeque
1063 889 1131 976 hoc
1146 929 1286 993 semper
1299 911 1380 976 fide·

142 1019 230 1083 liter
244 1028 441 1100 praestant.
463 1017 575 1084 Nemo
589 1028 709 1084 tamen
723 1019 881 1084 omnium
894 1027 959 1097 est,
975 1019 1011 1083 in
1026 1034 1097 1102 quo
1110 1036 1223 1100 graue
1238 1019 1381 1102 aliquod

143 1127 275 1191 uitium
295 1127 413 1192 notari
433 1127 556 1207 possit.
580 1125 802 1191 Tractabiles
823 1127 917 1190 enim
938 1135 1032 1207 sunt,
1058 1135 1093 1191 et
1114 1126 1160 1191 ad
1185 1127 1314 1206 omnia,
1341 1135 1381 1190 ut

140 1233 262 1316 pueri,
287 1233 358 1298 cito
379 1232 569 1298 imbuenda
590 1233 855 1314 promptissimi.
876 1231 965 1298 Sunt
984 1243 1104 1299 tamen
1123 1251 1169 1298 ex
1187 1233 1380 1298 maioribus

141 1351 250 1418 natu,
266 1341 327 1422 qui
341 1341 559 1421 singularem
582 1341 771 1422 quamdam
786 1341 881 1405 uitae
896 1357 982 1406 suae
1003 1341 1242 1406 innocentiam
1258 1358 1302 1405 ac
1321 1358 1381 1421 pu·

141 1449 294 1514 ritatem
314 1466 401 1531 prae
423 1448 502 1513 aliis
525 1448 591 1512 sibi
612 1448 804 1514 uindicent:
832 1465 878 1513 ex
903 1448 1031 1529 quibus
1056 1466 1148 1513 unus
1169 1459 1233 1529 est,
1261 1449 1382 1532 quise

141 1559 443 1622 concionatorem
458 1556 534 1620 sore
548 1565 711 1635 testatur,
726 1557 809 1620 licet
824 1566 925 1640 pater
935 1557 1023 1634 eius,
1036 1555 1169 1638 alioqui
1183 1556 1308 1636 bonus,
1322 1556 1381 1620 ali·

141 1677 207 1729 ter
220 1664 388 1743 sentiens,
405 1664 450 1728 ab
469 1681 512 1727 eo
532 1663 641 1727 animi
660 1663 844 1744 proposito
865 1681 945 1729 eum
964 1665 1105 1745 saepius
1125 1664 1305 1730 deterrere
1323 1680 1382 1727 uo·

139 1771 267 1849 luerit,
285 1771 379 1853 quod
399 1787 580 1852 nunquam
601 1771 773 1836 hactenus
791 1772 917 1853 potuit.
933 1771 1002 1837 Hic
1016 1771 1103 1836 dicit
1123 1789 1174 1851 se,
1194 1779 1383 1854 postquam

141 1879 302 1944 idoneus
314 1895 379 1960 per
393 1877 515 1942 literas
529 1878 646 1968 suerit,
666 1877 757 1943 istuc
776 1875 926 1943 Romam
946 1878 991 1943 ad
1006 1877 1203 1959 Collegium
1222 1887 1381 1943 nostrum

140 1985 260 2050 studii
275 1999 384 2050 causa
398 1993 587 2050 uenturum
606 2001 697 2065 esse;
718 1986 795 2066 ipse
814 1987 886 2050 iam
906 2003 1080 2050 annorum
1100 1995 1154 2051 est
1166 1987 1247 2067 plus
1267 1986 1383 2050 minus

145 2093 204 2157 12:
221 2103 359 2157 tantum
371 2091 561 2174 unicuique
575 2100 738 2156 nostrum
757 2093 900 2158 exhibet
919 2093 1154 2172 reuerentiae,
1171 2103 1209 2156 ut
1227 2094 1257 2158 si
1277 2111 1380 2175 quem

140 2199 304 2264 audierit
318 2216 383 2264 nos
397 2199 516 2264 dicere
535 2199 728 2280 theatinos,
752 2201 871 2265 statim
889 2213 1031 2280 arguat,
1054 2209 1159 2282 atque
1180 2201 1268 2266 adeo
1289 2218 1383 2265 com·

141 2317 340 2372 moueatur
353 2323 396 2369 ac
407 2306 438 2370 si
449 2307 706 2388 blasphemiam
718 2308 872 2389 aliquam
884 2309 1100 2388 protulisset.
1113 2307 1215 2372 Alius
1227 2308 1381 2390 quidam,

140 2430 328 2480 annorum
347 2415 490 2478 circiter
515 2413 561 2491 14,
583 2423 683 2480 tanta
708 2432 789 2479 cum
813 2415 999 2480 deuotione
1020 2433 1063 2480 ac
1089 2416 1219 2497 pietate
1245 2413 1385 2481 accedit

139 2529 281 2604 sponte
299 2537 364 2585 sua
384 2521 431 2586 ad
450 2521 717 2600 consessionem,
742 2531 911 2604 tantaque
930 2539 1012 2588 cum
1031 2523 1149 2588 cordis
1171 2523 1383 2587 contritione

139 2637 303 2712 peccata
317 2645 382 2692 sua
397 2628 542 2709 exponit
563 2637 602 2693 ut
616 2635 726 2693 senex
746 2629 991 2711 potiusquam
1004 2647 1093 2711 puer
1112 2629 1236 2694 haberi
1255 2630 1382 2711 possit:

141 2739 227 2802 iam
247 2734 387 2814 saepius
409 2734 541 2799 sactum
562 2735 758 2816 periculum
778 2736 815 2800 in
836 2753 879 2800 eo
894 2745 959 2816 est,
980 2753 1065 2800 num
1080 2735 1272 2817 uapulandi
1287 2747 1383 2801 metu

140 2839 241 2908 illud
256 2856 295 2904 se
312 2841 437 2905 secisse
453 2851 613 2922 negaret,
629 2843 724 2924 quod
744 2823 886 2908 aliunde
904 2843 1007 2908 nobis
1026 2843 1071 2908 ab
1091 2860 1134 2907 eo
1153 2842 1288 2908 sactum
1306 2861 1384 2908 esse

141 2939 369 3016 innotuerat.
384 2944 508 3031 Neque
522 2950 631 3013 ullum
646 2949 763 3014 adhuc
777 2950 814 3013 in
829 2967 871 3014 eo
883 2950 1108 3015 mendacium
1122 2949 1384 3032 deprehendere

141 3055 345 3142 potuimus;
365 3055 397 3119 si
421 3054 515 3119 enim
533 3055 686 3137 fecisset,
709 3057 903 3121 silentiose
923 3076 966 3122 ac
987 3057 1169 3122 lachrimis
1194 3057 1265 3123 cito
1285 3074 1385 3122 reum

142 3181 236 3231 esse
250 3161 440 3228 indicabat.
1256 3175 1258 3178 ·

216 3269 368 3352 Quidam
393 3269 482 3335 alius
506 3271 579 3335 iam
602 3271 782 3352 septennis
801 3288 883 3337 cum
905 3281 1093 3353 aegrotare
1118 3273 1304 3353 coepisset,
1326 3273 1384 3338 do·

142 3379 307 3446 ctrinam
328 3377 530 3459 Xpianam.,
553 3395 661 3460 quam
680 3395 764 3442 suos
784 3376 879 3443 domi
899 3379 1084 3460 docuerat,
1106 3380 1260 3445 interdiu
1279 3396 1386 3461 saepe

141 3485 340 3564 recitabat,
356 3502 400 3548 ne
414 3483 801 3550 sorteobliuisceretur:
818 3496 1053 3552 consueuerat
1064 3487 1159 3551 enim
1170 3487 1290 3552 dicere
1305 3504 1386 3551 cum

142 3609 266 3660 sanus
279 3600 383 3656 esset:
398 3591 486 3656 “heu
496 3591 552 3656 his
562 3609 630 3673 ego
638 3591 760 3656 diebus
770 3592 871 3657 sestis
880 3593 1048 3658 obliuioni
1059 3594 1198 3659 tradam
1207 3612 1297 3676 quae
1306 3595 1385 3659 hac·

142 3717 259 3768 tenus
276 3698 414 3778 aidica„
436 3699 636 3764 doctrinam
657 3699 776 3781 itaque
792 3717 931 3781 semper
949 3718 1035 3782 prae
1047 3701 1209 3767 manibus
1221 3702 1385 3780 habebat;

143 3807 218 3875 sed
232 3825 315 3871 cum
329 3807 471 3872 morbus
492 3805 649 3887 quotidie
668 3807 784 3886 magis
803 3807 1079 3888 ingrauesceret‚
1096 3825 1135 3872 se
1156 3809 1244 3874 nihil
1263 3809 1387 3892 timere

144 3916 308 3995 dicebat,
324 3916 431 3980 immo
446 3913 563 3995 potius
579 3913 670 3977 mori
684 3913 754 3978 cito
769 3913 983 3995 desiderare,
1001 3933 1072 3996 quo
1088 3916 1191 3982 citius
1207 3917 1290 3981 hinc
1310 3933 1388 3981 coe-

143 4031 185 4094 1ο
202 4025 286 4104 (sic)
301 4023 471 4102 euolaret,
488 4022 634 4102 suisque
655 4021 796 4085 interim
815 4023 1020 4103 parentibus
1041 4024 1269 4105 praedicebat
1283 4043 1328 4088 ne
1349 4041 1388 4088 se

143 4135 285 4200 uellent
306 4130 543 4213 superiniecta
567 4128 675 4192 humo
696 4129 855 4211 sepeliri,
878 4128 941 4194 sed
961 4132 1078 4212 magis
1103 4135 1250 4215 capsula
1270 4133 1388 4214 aliqua

144 4237 299 4307 includi:
320 4238 415 4321 quod
434 4247 557 4319 postea
578 4236 714 4302 sactum
735 4236 811 4301 fuit.
833 4235 902 4302 Sed
923 4237 994 4302 iam
1017 4239 1061 4303 de
1078 4239 1182 4304 nobis
1201 4240 1388 4306 dicendum

147 4347 309 4414 uidetur.

215 4453 286 4518 Hic
300 4469 422 4519 sumus
437 4453 600 4535 quinque:
617 4452 687 4531 Ra,
700 4452 847 4532 scilicet,
860 4452 897 4518 P.
912 4453 1043 4519 Rector
1053 4455 1279 4534 Laurentius,
1294 4453 1384 4520 Mser

148 4565 296 4641 Petrus,
315 4559 505 4640 Antonius,
525 4559 730 4625 Antoninus
750 4569 786 4625 et
804 4577 872 4642 ego
893 4558 913 4642 ¹,
937 4579 1088 4644 quorum
1111 4565 1303 4646 vnicuique
1322 4581 1389 4645 pro

197 4805 207 4842 Ι
235 4803 264 4851 Ρ.
275 4803 387 4859 Jocnnea
397 4803 556 4851 Laurentiue
567 4804 740 4860 arcuerim,
751 4805 855 4862 Rector,
865 4807 893 4852 P.
903 4807 998 4853 Petrus
1008 4808 1133 4864 Prudens,
1150 4809 1278 4856 Antonius
1292 4809 1324 4855 de
1338 4807 1389 4856 Ro·

267 4895 305 4956 T.
322 4911 362 4958 ur.
1164 4915 1192 4960 rt
