3504 5532
366 532 422 596 loo
751 539 921 600 erraana
941 555 1213 607 ousoaruesrnes

367 731 369 735 ,
428 681 697 764 Superscrr'ptr'o
711 685 750 747 t'n
765 691 897 765 quarta
912 688 1071 766 pagina:
1085 695 1108 764 †
1121 688 1167 751 Al
1182 690 1291 753 molto
1305 689 1383 754 R.‘¹⁰
1402 691 1438 754 in
1454 690 1597 755 Christo

365 787 403 852 P.
421 789 445 852 il
460 789 538 854 Pre.
555 791 601 854 M.
618 791 756 870 Ignatio
772 793 815 855 de
830 793 978 873 Loyola‚
997 793 1183 876 Preposito
1196 799 1365 876 generale
1384 797 1475 861 della
1495 797 1598 862 Com·

366 897 499 976 pagnia
513 897 548 960 di
563 898 683 974 Giesi,
701 899 736 962 in
751 897 875 962 Roma.

429 1002 515 1066 Alrb
534 1021 658 1068 manu:
675 1005 762 1070 1556.
779 1005 965 1071 Florenza.
983 1007 1240 1088 Quadrimestri
1254 1010 1292 1073 21
1309 1011 1345 1074 di
1357 1011 1521 1074 Febraio.

602 1645 817 1692 Praecedentlnm
827 1647 921 1692 Leonis
930 1647 990 1694 Lilii
1002 1648 1150 1693 litterarum
1159 1649 1242 1694 latina
1251 1651 1338 1694 versio
1350 1651 1367 1693 ¹.

434 1964 558 2029 Gratia
575 1977 608 2030 et
624 1967 700 2032 Pax
714 1970 857 2034 Domini
872 1973 985 2035 nostri
998 1971 1082 2053 Jesu
1098 1972 1229 2037 Christi
1249 1972 1296 2035 sit
1308 1987 1448 2052 semper
1462 1971 1499 2035 in
1519 1988 1596 2034 cor-

368 2067 471 2134 dibus
486 2075 627 2139 nostris.
644 2076 771 2141 Arnen.

428 2175 528 2257 Quae
548 2201 593 2245 ex
607 2183 735 2248 effluxo
755 2187 1005 2267 quadrimestri
1030 2187 1215 2249 scribenda
1236 2185 1458 2261 uidebuntur,
1479 2185 1598 2248 dicam

368 2299 478 2363 quam
499 2288 707 2355 breuissime
726 2302 861 2373 potero:
883 2304 916 2357 et
934 2294 1085 2373 primurn
1104 2292 1244 2373 quidem
1263 2293 1306 2356 de
1325 2293 1507 2355 literarum
1526 2301 1597 2355 stu·

368 2393 441 2474 dio,
459 2405 532 2459 tum
547 2413 632 2461 uero
648 2397 691 2461 de
712 2399 1003 2478 confessionibus
1027 2399 1256 2463 concionibus
1277 2415 1319 2461 ac
1334 2399 1479 2479 reliquis
1498 2397 1598 2477 spiri-

368 2501 522 2566 tualibus
537 2505 727 2569 exercitiis.
744 2505 812 2569 Pro
828 2507 1026 2570 studiorum
1045 2506 1153 2587 igitur
1168 2506 1410 2582 renovatione,
1434 2503 1479 2568 ad
1495 2521 1597 2585 quas·

371 2607 455 2672 dam
474 2609 510 2672 in
529 2613 801 2690 grammaticam
819 2613 1075 2693 disputationes
1093 2621 1321 2676 accesserunt
1341 2611 1515 2690 colloquia
1536 2621 1598 2674 aut

368 2714 505 2796 dialogi
530 2719 638 2781 latine
657 2719 854 2799 compositi,
875 2720 1001 2800 quibus
1024 2719 1204 2782 auditores
1222 2718 1412 2799 plurimum
1433 2716 1599 2780 delectati

371 2819 523 2886 suerunt.
540 2822 673 2888 Eorum
687 2843 778 2888 unus
793 2827 828 2888 in
843 2825 1074 2889 christianam
1096 2824 1306 2901 doctrinam,
1324 2825 1464 2905 uulgari
1484 2823 1599 2887 editus

369 2943 543 3007 sermone,
562 2939 698 2994 tantum
713 2932 835 2995 habuit
849 2933 1022 3010 utilitatis,
1040 2940 1078 2995 ut
1092 2931 1192 2995 multi
1206 2931 1282 2994 eius
1296 2929 1478 3010 exemplar
1494 2947 1598 3011 expe-

367 3035 522 3114 tiuerint,
539 3044 644 3118 atque
658 3038 789 3101 hortati
804 3039 874 3100 sint
889 3048 927 3101 ut
942 3037 988 3100 ad
1004 3055 1227 3102 communem
1241 3036 1382 3116 frugem
1401 3037 1599 3117 publicare-

365 3149 434 3204 tur.
451 3141 693 3222 spectantium
705 3161 790 3207 uero
810 3161 990 3224 numerus,
1009 3155 1151 3224 praeter
1172 3143 1283 3207 Ducis
1301 3143 1431 3206 liberos
1446 3153 1480 3205 et
1501 3141 1597 3206 nobi·

365 3248 418 3312 les
433 3253 644 3330 complures
661 3268 841 3332 nunqnam
857 3250 1086 3332 frequentior.
1100 3251 1179 3314 Non
1190 3251 1469 3332 praetermittam
1482 3251 1550 3313 hoc
1561 3249 1599 3312 in

365 3355 458 3431 loca,
476 3355 569 3436 quod
590 3357 634 3419 ad
656 3357 825 3437 pietatem
845 3367 952 3439 atque
973 3360 1112 3422 animos
1131 3367 1228 3422 recte
1249 3355 1474 3420 instruendos
1494 3357 1600 3436 pluri·

366 3478 463 3525 mum
479 3463 599 3525 ualuit:
617 3479 688 3526 nan
704 3465 861 3544 uulgaris
874 3464 1009 3545 dialogi
1024 3463 1117 3528 felici
1130 3465 1227 3528 exitu
1243 3463 1425 3542 admoniti,
1442 3464 1598 3526 animum

366 3567 586 3648 induximuS,
610 3578 647 3633 ut
672 3571 740 3634 alia
766 3571 891 3635 similia
918 3572 1094 3652 similique
1116 3581 1326 3650 argumento
1352 3571 1599 3634 exhiberemus

365 3677 583 3756 spectacula.
611 3675 732 3756 Itaque
758 3694 862 3741 sacro
888 3679 1141 3758 conceptionis
1166 3678 1233 3758 die,
1262 3679 1307 3742 ad
1332 3677 1600 3740 immaculatam

370 3779 534 3863 Virginis
559 3782 694 3846 Mariae
723 3783 1000 3864 conceptionem
1030 3785 1313 3865 approbandam,
1344 3783 1442 3847 seriis
1471 3784 1600 3848 deinde

369 3885 406 3952 S.
430 3887 578 3971 Joannis
598 3890 860 3970 Euangelistae,
882 3891 925 3954 de
947 3892 1068 3954 mundi
1090 3891 1361 3971 contemptione,
1385 3891 1519 3971 aliquot
1539 3908 1598 3953 no·

369 4003 526 4060 strorum
541 3996 793 4077 discipulorum
810 3998 901 4061 inter
916 4015 955 4060 se
970 3998 1122 4061 iocunde
1134 4014 1334 4077 magnoque
1347 3998 1520 4078 applausu
1531 3997 1598 4060 dis·

368 4110 549 4183 putarunt;
571 4103 755 4167 multitudo
778 4112 896 4166 autem
917 4114 1016 4167 tanta
1042 4105 1095 4166 rei
1122 4105 1237 4168 accita
1255 4121 1397 4168 rumore
1418 4105 1595 4180 conuenit,

368 4217 407 4272 ut
423 4227 502 4274 eam
516 4211 685 4290 templum
700 4228 771 4274 non
786 4221 940 4290 caperet.
958 4210 1136 4274 Numerus
1150 4228 1257 4291 porro
1278 4227 1415 4288 eorum,
1433 4211 1493 4291 qui
1508 4219 1542 4274 et
1562 4210 1601 4274 li·

369 4315 456 4378 teris
470 4316 573 4380 bonis
587 4326 621 4380 et
636 4317 794 4380 moribus
808 4315 852 4380 ad
868 4335 933 4380 nos
945 4318 1090 4380 ueniunt
1104 4317 1301 4397 excolendi,
1318 4328 1371 4380 est
1382 4317 1470 4380 satis
1485 4317 1600 4397 copio-

369 4438 442 4502 suS,
459 4423 522 4486 sed
535 4439 622 4503 prae
638 4423 772 4503 reliqua
789 4422 984 4502 deprauata
998 4422 1181 4503 Juuentute
1196 4425 1313 4488 minus
1330 4433 1530 4504 corruptus.
1547 4423 1604 4488 Ex

372 4528 441 4592 hoc
457 4529 752 4593 scholasticorum
767 4547 913 4593 numero
929 4539 1001 4593 tres
1025 4530 1270 4594 adolescentes
1284 4530 1416 4594 iamdiu
1435 4531 1471 4593 in
1486 4529 1603 4594 Socie-

421 4768 429 4802 Ι
457 4769 647 4825 Autogrnpbne
659 4769 753 4824 duplicl
765 4769 832 4822 lolio,
840 4770 924 4824 primo
935 4781 959 4813 u.
969 4770 1004 4822 5⁶,
1014 4771 1098 4814 altero
1107 4781 1157 4814 non
1168 4778 1311 4816 numerato.
