3578 5534
694 534 758 592 nl.
782 534 853 594 1556
1117 515 1124 524 '
1353 535 1390 592 29

157 675 357 740 inauditum
372 688 425 740 est
443 691 547 742 extra
563 679 871 760 quadragesimam
894 678 1054 742 confiteri
1073 690 1215 758 praeter
1237 695 1340 742 senes
1355 690 1388 743 et

157 784 307 847 denotas
321 784 455 866 aliquot
477 802 659 865 personae,
681 803 772 865 quae
787 787 824 849 in
844 784 1040 849 Natiuitate
1061 785 1204 849 Domini
1230 785 1388 850 confiteri

156 892 284 954 solent:
300 891 381 954 aliis
402 893 621 972 temporibus
637 902 778 974 praeter
795 901 1035 972 praegnantes
1048 892 1123 955 fere
1137 894 1267 956 nullae.
1285 893 1388 956 Hauc

157 1005 279 1061 autem
301 999 557 1077 negligentiam
577 999 766 1062 emendare
786 999 1005 1078 incoepimus
1026 1000 1235 1063 inducentes
1256 1002 1388 1082 aliquot

156 1104 203 1166 ad
215 1105 490 1184 lrequentiorem
501 1106 772 1182 confessionem,
786 1108 829 1170 de
841 1107 969 1186 quibus
982 1113 1035 1169 est
1045 1105 1155 1170 Illma.
1166 1106 1259 1169 Dna.
1274 1107 1387 1170 Comi-

156 1212 246 1274 tissa
276 1209 583 1292 Hoechstratana,
612 1214 712 1276 cuius
741 1215 942 1293 exemplum
967 1222 1110 1276 secutae
1138 1222 1221 1276 suut
1246 1214 1388 1277 circiter

154 1319 284 1398 viginti
307 1319 443 1381 nobiles
465 1320 623 1401 virgines
648 1321 777 1384 viduae
805 1328 840 1382 et
864 1321 1093 1400 coniugatae,
1111 1328 1184 1383 tam
1204 1320 1249 1383 de
1269 1331 1387 1384 castro

153 1425 321 1504 quamde
341 1425 496 1489 ciuitatis
505 1427 729 1506 primoribus
744 1444 825 1489 cum
845 1427 991 1504 ciuium,
1008 1444 1176 1504 uxorum,
1192 1425 1386 1489 liberorum

154 1549 199 1595 ac
220 1533 431 1597 ancillarum
451 1533 681 1614 frequentiori
705 1551 863 1612 numero,
891 1551 982 1614 quae
1000 1543 1140 1614 praeter
1165 1532 1386 1616 frequentem

153 1635 431 1718 confeSSionem,
458 1641 652 1704 maioribus
682 1640 933 1705 festiuitatibus
960 1659 1002 1705 ac
1032 1641 1076 1704 D.
1105 1641 1248 1722 Virgini
1274 1642 1387 1704 sacris

152 1747 419 1810 communicare
435 1757 639 1828 coeperunt;
655 1749 726 1811 imo
742 1766 809 1811 nec
825 1750 894 1811 ulla
911 1749 1038 1811 transit
1057 1748 1247 1826 dominica,
1265 1749 1301 1810 in
1317 1765 1385 1828 qua

153 1871 227 1916 non
253 1855 394 1934 aliquae
420 1855 498 1932 (etsi
524 1856 673 1934 paucae)
699 1857 745 1919 ad
770 1856 1006 1918 sacratissimi
1030 1855 1193 1936 corporis
1218 1855 1386 1919 dominici

152 1977 294 2038 magna
307 1977 389 2023 cum
398 1960 585 2026 deuotione
596 1979 756 2025 mensam
768 1962 950 2040 accedant;
960 1963 1120 2026 virorum
1128 1975 1247 2026 autem
1256 1963 1386 2026 raritas

151 2078 206 2128 est
222 2067 358 2144 νηαιόν,ι
373 2068 535 2147 quamuis
546 2069 640 2133 euim
653 2069 703 2149 pii
718 2068 907 2148 deuotique
921 2069 1131 2148 habeantur,
1149 2079 1182 2132 et
1204 2069 1263 2149 qui
1279 2069 1386 2132 etiam

150 2173 287 2236 liberos
302 2185 336 2236 et
351 2192 482 2237 uxores
497 2175 541 2237 ad
557 2175 624 2239 boc
640 2176 888 2252 adhortantur,
906 2176 973 2255 ipsi
992 2175 1220 2239 nihilominus
1240 2184 1385 2256 propter

150 2279 449 2344 consuetudinem
464 2283 682 2346 contrariam
698 2299 759 2346 eas
774 2283 872 2362 sequi
887 2291 1066 2345 verentur.
1083 2282 1123 2346 In
1134 2283 1224 2346 festo
1236 2283 1305 2346 isto
1317 2281 1384 2346 Na-

150 2387 303 2450 tiuitatis
315 2387 458 2452 Domini
474 2390 580 2452 etiam
595 2385 754 2453 virorum
769 2389 869 2452 multi
884 2387 1037 2452 confessi
1052 2400 1145 2468 sunt,
1162 2390 1211 2452 ita
1227 2395 1267 2453 ut
1284 2407 1386 2470 prae·

150 2505 209 2557 ter
224 2513 291 2572 me,
309 2495 386 2574 ipse
400 2513 538 2576 quoque
553 2495 733 2575 DecanuS,
753 2514 835 2560 curn
849 2497 927 2559 aliis
948 2497 1135 2576 nonnullis,
1158 2498 1291 2577 aliquot
1309 2498 1385 2561 dies

149 2601 413 2665 confessionem
429 2604 552 2666 audire
571 2603 777 2682 debuerunt,
799 2604 891 2666 sicut
912 2604 1055 2666 solitum
1077 2603 1219 2666 estheri
1240 2603 1384 2668 infesto

148 2709 349 2788 paschatis;
365 2719 485 2772 tantus
501 2709 565 2773 fuit
580 2709 821 2774 confitentium
836 2727 1015 2772 numerus:
1030 2711 1383 2774 communicauerunt

149 2817 232 2895 ipso
258 2816 314 2878 die
339 2815 542 2880 Natiuitatis
568 2818 709 2880 circiter
734 2817 828 2880 mille
851 2826 884 2880 et
907 2817 1062 2894 ducenti;
1085 2834 1212 2897 parum
1240 2818 1382 2898 quidem

149 2922 318 3001 Louanii,
339 2924 450 2986 sedin
476 2924 544 2987 hac
564 2925 709 2988 ciuitate
735 2924 823 2988 adeo
849 2925 1132 2987 acommunione
1152 2924 1385 3004 frequentiori

147 3030 282 3108 aliena,
310 3031 390 3111 quis
409 3048 479 3094 non
504 3033 652 3095 multum
674 3032 817 3094 dixerit?
838 3030 933 3094 lnter
949 3031 1048 3109 alios
1069 3047 1141 3094 non
1160 3031 1237 3094 sine
1251 3048 1383 3111 magna

146 3135 401 3200 aedificatione
416 3138 524 3201 totius
536 3138 703 3210 ciuitatis,
720 3137 875 3200 confessi
890 3149 971 3199 sunt
986 3146 1021 3200 et
1032 3137 1384 3201 communicauerunt

144 3261 275 3307 omnes
304 3245 440 3308 nobiles
469 3245 572 3308 aulae
601 3246 785 3325 utriusque
814 3261 934 3321 sexuS,
964 3253 1000 3306 et
1024 3245 1195 3324 primates
1225 3245 1384 3309 ciuitatis

143 3367 287 3428 omneS,
304 3351 469 3415 videlicet
483 3351 614 3415 lllmus.
630 3351 743 3414 Dnus
763 3351 892 3415 Comes
911 3349 1230 3430 Hoecbstratanus,
1254 3351 1383 3415 Comes

143 3474 292 3538 quoque
303 3467 424 3520 noster
435 3455 744 3538 Culenborgensi5‚
758 3457 997 3537 superioribus
1010 3456 1107 3519 hisce
1119 3458 1242 3522 diebus
1255 3459 1299 3521 ad

144 3573 356 3644 susceptus,
377 3563 470 3627 Dna.
491 3565 680 3629 Comitissa
694 3564 993 3640 Hoechstratana,
1022 3580 1101 3626 curn
1118 3564 1262 3644 reliquis
1277 3567 1381 3629 aulae

143 3687 262 3751 usque
278 3671 324 3733 ad
338 3669 379 3733 40
394 3680 454 3735 aut
465 3669 506 3734 50
516 3689 687 3752 personas
699 3671 881 3751 utriusque
893 3686 1000 3734 sexus
1013 3670 1063 3748 (ut
1074 3671 1161 3733 mihi
1173 3674 1378 3746 retulerunt)

144 3779 256 3840 aulae
280 3777 417 3841 scilicet
443 3778 644 3859 superiores
669 3794 793 3840 omnes
818 3776 990 3854 ciuitatiS,
1022 3795 1172 3856 quorum
1197 3779 1380 3857 praecipui

142 3883 237 3947 mihi
252 3883 407 3947 confessi
427 3892 520 3964 sunt,
547 3886 735 3965 pluresque
760 3883 919 3962 fuissent,
947 3883 976 3946 si
997 3901 1068 3946 non
1087 3892 1181 3946 totus
1206 3902 1226 3946 a
1249 3885 1380 3963 populo

141 3990 440 4070 occupationibus
461 3990 729 4068 confessionum
752 3990 899 4053 obrutus
914 3989 1068 4052 fuissem.
1090 3989 1208 4068 Aliqui
1223 3989 1315 4052 harno
1334 3991 1379 4052 ob

142 4113 299 4160 causam
313 4115 424 4178 usque
436 4098 470 4161 in
481 4097 574 4162 diem
585 4097 707 4161 Sancti
727 4095 895 4177 Stephani
915 4105 1161 4176 expectarunt;
1179 4112 1304 4159 verum
1320 4113 1379 4161 au·

141 4203 203 4266 lici
220 4204 293 4281 isti,
311 4213 384 4267 tam
401 4205 469 4268 viri
481 4221 587 4284 quam
591 4203 790 4283 foeminae,
802 4211 945 4283 propter
957 4212 1107 4265 mortem
1118 4201 1249 4266 Illmae.
1265 4201 1376 4266 Duae.

140 4321 292 4373 nostrae
307 4309 529 4389 comitissae,
555 4327 647 4390 quae
662 4311 817 4389 amplam
837 4310 929 4372 hanc
942 4309 1060 4371 aulam
1075 4308 1132 4371 hic
1154 4309 1308 4388 fouebat,
1333 4309 1379 4373 ad

141 4416 312 4480 diuersas
333 4417 436 4481 huius
460 4417 623 4496 regionis
644 4416 807 4480 ciuitates
828 4425 1052 4494 separantur.
1074 4415 1174 4479 Unde
1193 4433 1380 4495 speramus

143 4523 279 4588 bonum
305 4524 364 4588 hic
386 4537 595 4605 conceptum
618 4524 762 4588 odorem
780 4523 828 4584 ad
845 4520 919 4584 alz'a
937 4538 1075 4601 quoque
1094 4520 1171 4583 loca
1191 4523 1375 4588 allaturos.

144 4633 202 4698 Ad
232 4631 323 4693 haec
348 4647 487 4711 quoque
513 4633 598 4695 facit
624 4631 740 4694 cultus
765 4628 991 4692 Venerabilis
1013 4625 1247 4704 Sacramenti,
1275 4645 1378 4708 quern

144 4737 380 4811 induximus,
396 4747 435 4801 ut
454 4755 551 4800 more
571 4737 839 4812 lovaniensium,
867 4734 1016 4813 singulis
1042 4732 1228 4795 dominicis
1243 4733 1378 4811 diebus

1457 3135 1470 3162 0
