3368 5528
1356 533 1427 544 ..ου-ι

363 517 419 600 5⁸8
747 531 919 596 errseas
937 537 1208 605 quaomnsress

423 685 507 750 Inde
521 691 602 764 post
626 682 664 746 15
682 682 757 748 dies
777 680 822 746 ad
841 679 1063 747 Mateolanos
1082 679 1298 760 (Matelicam
1318 677 1565 761 dicuntlprofe·

363 793 427 871 cti,
439 789 636 857 incredibili
650 807 773 854 amore
788 799 894 872 atque
908 792 1043 854 honore
1057 807 1078 853 a
1095 787 1288 854 Praefectis
1309 806 1432 854 eorum
1452 787 1566 852 aduen-

363 909 419 966 tus
434 909 488 966 est
502 907 683 982 exceptus.
699 897 762 978 lbi,
780 899 861 963 licet
885 900 1085 980 importune
1105 898 1336 962 concionator
1350 896 1488 978 quidam
1506 912 1566 959 mo·

362 1005 512 1088 nachus,
527 1007 733 1088 nescioquo
748 1007 864 1072 studio
886 1007 1024 1084 ductus,
1046 1021 1177 1086 magna
1199 1013 1341 1070 nostros
1361 1004 1567 1070 contentione

362 1123 597 1198 oppugnaret,
613 1115 697 1179 dum
711 1115 762 1178 sic
782 1113 996 1178 venerabilis
1014 1121 1049 1178 et
1068 1120 1321 1178 sacrosanctae
1339 1112 1568 1177 Eucharistiae

360 1224 532 1289 honorem
547 1232 582 1286 et
597 1223 729 1287 cultum
744 1222 860 1302 magis
875 1221 966 1285 tueri
980 1238 1024 1284 ac
1039 1221 1191 1285 retinere
1205 1229 1358 1302 putaret,
1376 1221 1405 1284 si
1423 1219 1569 1300 frequen·

360 1339 431 1396 tem
446 1331 523 1396 eius
536 1330 667 1412 populo
683 1331 906 1394 iterationem
927 1329 1259 1410 perceptionemque
1281 1328 1455 1393 obstinate
1477 1343 1572 1407 nega·

359 1449 426 1519 ret,
443 1448 478 1502 et
493 1457 514 1502 a
529 1437 660 1503 nostris
674 1437 806 1520 passim
822 1437 1076 1518 praedicatam,
1093 1445 1234 1500 strenue
1248 1423 1455 1518 fortiterque
1472 1435 1573 1516 impu·

358 1555 502 1628 gnaret:
519 1563 591 1610 non
606 1546 724 1609 minor
739 1555 858 1609 tamen
872 1561 917 1608 ex
932 1561 985 1622 eo,
1001 1561 1108 1624 quum
1123 1561 1169 1607 ex
1183 1543 1262 1608 aliis
1276 1543 1426 1624 populis,
1446 1543 1573 1606 fructus

250 1739 257 1752 ¹
358 1653 501 1720 Christo
515 1651 683 1736 vindi[ce]
698 1653 930 1734 praesideque
944 1661 1131 1734 perceptus
1145 1661 1211 1716 est.

419 1761 598 1842 Fabriani,
615 1771 756 1844 praeter
770 1777 989 1826 communem
1004 1760 1113 1824 totius
1137 1759 1256 1841 populi
1269 1758 1433 1838 fructum,
1451 1760 1512 1840 qui
1526 1775 1571 1821 ee·

357 1869 466 1934 febris
490 1875 557 1948 est,
579 1887 624 1934 ex
645 1869 879 1948 contionibus,
903 1887 948 1933 ex
970 1868 1132 1932 doctrina
1155 1867 1361 1946 christiana,
1382 1887 1427 1932 ex
1442 1877 1570 1931 sancto·

356 1994 437 2042 rum
448 1982 757 2041 sacramentorum
763 1976 1071 2068 frequentatione,
1087 1973 1156 2039 duo
1167 1975 1215 2039 ibi
1229 1976 1401 2040 coenobia
1415 1975 1451 2040 in
1465 1975 1568 2056 pristi-

357 2102 440 2149 nam
455 2084 636 2165 religionis
652 2084 890 2163 integritatem
905 2091 940 2147 et
960 2085 1055 2147 vitae
1076 2083 1364 2147 communitatem
1382 2093 1464 2148 sunt
1481 2081 1567 2146 resti·

357 2202 445 2258 tuta.

416 2300 606 2364 Praeclara
620 2317 706 2363 uero
731 2309 765 2363 et
784 2300 1018 2376 admirabilia,
1039 2317 1129 2380 quae
1151 2301 1187 2364 in
1205 2298 1338 2365 Sancto
1358 2299 1507 2365 Genesio
1526 2297 1565 2376 (in

356 2407 558 2488 praecipuis
574 2425 616 2471 ea
630 2417 683 2470 est
699 2404 817 2471 Piceni
833 2407 1059 2486 ciuitatibus),
1075 2408 1286 2488 praesertim
1305 2407 1341 2470 in
1361 2407 1478 2472 multis
1495 2407 1565 2470 hae·

355 2513 475 2579 reticis
494 2524 599 2595 atque
619 2512 662 2576 ab
682 2513 864 2577 Ecclesiae
884 2514 1091 2594 transfugis,
1115 2525 1196 2579 acta
1215 2524 1307 2580 sunt.
1325 2515 1456 2580 Omnes
1470 2517 1516 2580 illi
1528 2516 1565 2578 si·

354 2621 508 2701 quidem,
521 2621 628 2700 prius
645 2621 808 2685 obdurati
823 2623 882 2686 diu
897 2631 932 2686 et
946 2625 1130 2687 excaecati
1145 2625 1181 2687 in
1193 2643 1233 2688 ea
1246 2624 1405 2705 perfidia,
1418 2630 1563 2700 cunctos,

355 2728 481 2810 quibus
500 2729 732 2808 ducebantur,
753 2746 894 2794 errores
915 2731 1061 2794 insanos
1079 2731 1218 2812 eiurati,
1240 2733 1287 2794 ad
1307 2737 1563 2796 sacrosanctam

354 2853 432 2900 sese
447 2836 644 2901 Ecclesiam
660 2847 891 2918 reuocarunt;
909 2847 1013 2919 atque
1036 2856 1107 2903 vno
1130 2857 1252 2903 omnes
1274 2857 1461 2920 consensu,
1483 2853 1562 2920 quae

353 2943 398 3008 ad
414 2944 669 3008 subuertendos
689 2961 834 3008 suorum
858 2947 988 3009 ciuium
1010 2947 1149 3010 animos
1170 2947 1305 3011 nefaria
1328 2935 1561 3012 conuenticula

353 3051 494 3116 assidue
519 3053 798 3132 celebrauerant,
826 3053 861 3117 in
886 3053 1024 3118 fidelem
1050 3067 1084 3119 et
1109 3064 1271 3119 sanctam
1296 3057 1500 3121 societatem
1524 3053 1562 3116 ad

351 3177 452 3224 suam
469 3177 759 3240 communemque
774 3161 904 3226 ciuium
924 3163 1086 3240 salutem,
1107 3181 1152 3226 ex
1178 3163 1392 3228 authoritate
1416 3176 1451 3228 et
1475 3179 1561 3244 prae·

352 3267 484 3348 scripto
499 3277 713 3348 nostrorum,
730 3268 794 3331 sub
810 3284 932 3332 eorum
947 3269 1057 3333 oculis
1072 3271 1307 3350 contulerunt,
1325 3273 1409 3336 etin
1425 3269 1562 3351 singulis

351 3374 532 3438 mensibus
557 3375 714 3438 solemne
743 3375 956 3439 dominicum
983 3377 1163 3440 celebrare
1188 3378 1391 3442 conuiuium
1420 3379 1562 3443 institue·

351 3491 443 3546 runt.
460 3481 537 3545 Hoc
553 3499 639 3545 uero
655 3483 843 3562 negocium
857 3492 931 3548 tam
946 3484 1173 3548 memorabile
1181 3485 1275 3566 sm't,
1290 3492 1331 3550 vt
1353 3487 1471 3551 multis
1490 3491 1561 3548 ante

350 3589 454 3653 annis
472 3589 508 3652 in
526 3589 655 3654 Piceno
674 3591 760 3670 quid
780 3591 896 3654 simile
911 3608 982 3654 non
997 3593 1201 3673 contigeret.
1222 3593 1354 3674 Magna
1370 3604 1445 3658 erat
1461 3591 1560 3675 perdi·

350 3706 466 3760 torum
482 3697 664 3762 hominum
680 3699 876 3777 multitudo,
894 3715 1023 3778 graues
1036 3711 1069 3764 et
1081 3699 1249 3780 flagitiosi
1260 3719 1413 3766 errores:
1427 3703 1499 3782 ipsa
1509 3699 1558 3762 de·

349 3804 455 3885 nique
470 3805 606 3884 ciuitas
629 3823 692 3886 per
711 3807 886 3886 insignem
906 3807 1088 3871 infamiam
1111 3809 1352 3890 improborum
1372 3809 1557 3890 perfugium

350 3917 455 3992 atque
471 3913 608 3992 asylum
630 3913 1053 3996 Lutheranorum'uulgo,
1077 3916 1113 3980 id
1135 3915 1339 3997 quoderat,
1364 3917 1556 3981 habebatur.

359 4019 442 4082 Vere
455 4020 588 4098 digitus
603 4019 682 4100 Dei,
700 4019 814 4084 Patris
829 4023 1068 4087 Emmanuelis
1083 4032 1118 4087 et
1137 4024 1305 4088 comitum
1326 4025 1363 4090 in
1383 4033 1502 4089 sancta
1521 4037 1557 4085 ea

331 4125 333 4130 ’
348 4127 633 4206 peregrinatione
649 4144 790 4192 cursum
807 4129 956 4209 uiasque·
967 4131 1107 4211 direxit,
1124 4133 1274 4212 quorum
1295 4150 1404 4212 opera
1428 4151 1482 4196 res
1495 4139 1558 4194 tarn

349 4234 480 4296 arduas
495 4251 537 4296 ac
552 4217 710 4299 difficiles
725 4237 829 4300 toties
844 4246 1014 4318 tantoque
1030 4239 1100 4302 iam
1120 4239 1203 4302 olim
1217 4239 1344 4303 'labore
1359 4258 1386 4304 a
1404 4236 1557 4321 grauissi-

348 4341 414 4404 mis
440 4343 655 4423 summisque
681 4343 767 4406 uirls
792 4345 1027 4426 nequicquam
1052 4346 1208 4424 agitatas
1227 4345 1449 4428 omnipotens
1471 4345 1556 4410 Deus

347 4429 509 4528 confecit,
526 4449 571 4512 ad
586 4450 771 4531 exitusque
786 4459 926 4531 optatos
942 4461 975 4516 et
990 4451 1112 4517 felices
1126 4453 1302 4534 perduxit.
1316 4453 1390 4518 Nec
1402 4455 1448 4519 ibi
1459 4450 1555 4517 defuit

346 4555 859 4636 reparandum‘monasterlum,
873 4561 979 4640 longe
990 4561 1157 4638 omnium,
1170 4573 1261 4642 quae
1273 4561 1439 4626 Picenum
1451 4560 1553 4629 habet,

347 4645 670 4743 dissolutissimum3
687 4666 850 4746 quamuis
864 4672 983 4729 autem
998 4653 1253 4748 deplorandum
1265 4669 1553 4750 magisquain·e1²

347 4770 527 4838 citandum
543 4770 740 4854 uidebatur,
757 4778 1007 4856 recuperatum
1021 4779 1140 4839 tamen
1155 4775 1212 4840 X!
1230 4776 1359 4856 gratia
1373 4783 1406 4841 et
1417 4769 1552 4840 velntub
