3382 5528
333 459 393 522 492
728 458 899 519 Lmrnaan
918 473 1191 528 ouanarunsrnns

336 605 449 670 creuit
464 607 500 670 in
515 623 580 671 nos
595 605 727 670 ciuium
742 623 854 681 amor,
871 613 905 669 et
920 622 1001 669 cum
1013 604 1110 668 illam
1120 613 1275 668 ueterem
1288 606 1481 682 exuissent,
1495 619 1562 667 me·

337 712 461 776 liorem
479 712 523 776 de
543 712 645 776 nobis
667 730 766 793 spem
786 721 820 776 et
840 711 1041 793 opinionem
1062 721 1312 792 conceperunt,
1336 721 1562 791 nostrumque

336 819 482 884 laudant
497 828 531 884 et
545 819 794 883 commendant
809 820 1016 885 institutum.
1033 818 1088 882 De
1102 819 1157 882 his
1172 819 1355 882 hactenus:
1369 835 1463 882 nuuc
1478 835 1560 882 uero

339 943 444 1008 quam
459 927 567 1006 longe
582 942 810 1007 progressum
826 927 872 989 sit
887 925 922 989 in
937 926 1155 1007 spiritalibus
1173 925 1341 1005 intellige.

396 1032 527 1096 Diuina
546 1031 793 1098 Eucharistiae
812 1041 847 1096 et
867 1031 1100 1096 confessionis
1120 1040 1362 1110 sacramenta,
1385 1047 1478 1113 quae
1502 1047 1558 1095 no·

337 1140 403 1204 stri
417 1139 684 1204 accuratissime
699 1139 911 1217 ministrant,
928 1141 1043 1219 magis
1063 1138 1189 1204 indies
1212 1157 1254 1202 ac
1269 1139 1385 1220 magis
1404 1139 1561 1220 frequen·

338 1258 468 1311 tantur.
488 1247 686 1312 conciones
701 1247 818 1324 etiam,
836 1264 878 1310 ac
894 1263 1079 1310 sacrarum
1091 1247 1290 1310 litterarum
1301 1246 1480 1323 lectiones,
1494 1263 1560 1308 nou

338 1355 505 1434 exiguam
525 1353 688 1442 omnibus
708 1352 978 1416 admirationem
998 1353 1167 1430 excitant,
1188 1353 1315 1436 quibus
1333 1353 1517 1417 maleuolis
1530 1362 1562 1414 et

337 1460 596 1526 detractoribus
615 1460 826 1538 hominibus,
843 1460 903 1542 qui
924 1477 1005 1523 cum
1026 1459 1153 1540 ubique
1166 1461 1326 1524 locorum
1340 1459 1423 1538 sint,
1443 1460 1480 1523 in
1498 1459 1562 1524 hac

336 1577 454 1632 tamen
468 1568 555 1634 urbe
570 1568 679 1630 multo
700 1566 844 1629 liberius
863 1575 1084 1646 grassantur,
1104 1567 1219 1632 omnis
1238 1565 1471 1631 maledicendi
1491 1565 1563 1630 adi·

337 1684 394 1742 tus
424 1683 458 1740 et
483 1674 666 1754 ingressus
687 1673 942 1736 intercluditur.
970 1671 1118 1753 Reliqua
1144 1690 1229 1736 uero
1259 1671 1525 1736 misericordiae
1554 1669 1561 1702 ¹

335 1799 444 1864 opera
459 1798 502 1845 ea
516 1780 736 1846 solicitudine
750 1789 971 1858 exercentur,
994 1789 1031 1843 ut
1051 1778 1141 1843 nihil
1160 1778 1343 1860 amplius¹
1363 1781 1498 1860 requiri
1520 1796 1561 1842 ac

337 1888 532 1953 desiderari
552 1895 663 1969 posse
683 1887 862 1952 uideatur.
889 1887 1078 1968 Paupcres
1099 1893 1133 1950 ct
1153 1885 1358 1950 calamitosi
1380 1887 1561 1951 consolan-

336 2003 399 2060 tur
414 1993 435 2073 ⁸,
457 1997 646 2059 multorum
668 1995 772 2058 saluti
789 1995 994 2074 consulitur,
1011 1994 1137 2076 quibus
1158 1995 1226 2058 nisi
1247 1993 1391 2058 Patrum
1412 1994 1562 2058 studium

336 2120 380 2170 ac
395 2101 577 2182 diligentia
592 2101 825 2178 subuenisset,
842 2100 959 2165 adhuc
974 2102 1010 2164 in
1025 2101 1179 2165 tenebris
1194 2111 1227 2164 et
1244 2101 1397 2182 caligine
1413 2098 1425 2132 ⁴
1440 2101 1560 2166 iacuis-

336 2219 426 2274 sent.
452 2209 603 2290 Vndefit
623 2215 663 2272 ut
685 2208 888 2288 Episcopus
906 2208 1007 2272 urbis
1028 2209 1173 2288 crusque
1201 2208 1377 2287 Vicart‘ns,
1398 2209 1463 2288 qui
1478 2224 1562 2272 com·

338 2317 451 2380 missa
466 2315 589 2398 qsficia
604 2313 879 2394 religiosissima
893 2315 1168 2389 administrant,
1188 2313 1337 2379 illorum
1351 2323 1476 2395 opera,
1490 2331 1562 2378 con·

337 2422 431 2488 saltis
450 2421 753 2488 amonitionibus
773 2425 937 2484 utantur.
959 2421 1024 2486 His
1038 2423 1143 2486 rebus
1160 2422 1304 2504 ingenui
1326 2423 1427 2485 multi
1442 2439 1485 2486 ac
1505 2438 1560 2484 no·

338 2531 426 2594 biles
445 2529 698 2608 adolescentes
721 2529 812 2592 inter
835 2545 924 2610 quos
939 2529 1092 2610 quinque
1114 2546 1272 2594 summae
1292 2528 1421 2593 indolis
1436 2540 1470 2593 et
1492 2526 1563 2608 spei

337 2638 438 2722 (quos
452 2636 547 2717 apud
562 2646 596 2699 te
611 2635 881 2700 commendandi
896 2636 1029 2699 nullum
1044 2634 1147 2701 uideo
1163 2637 1199 2700 in
1217 2636 1502 2716 praesentiarum
1515 2636 1560 2698 lo·

336 2743 431 2824 cunt),
456 2743 611 2825 quietum
635 2742 790 2806 animum
817 2743 1003 2808 traducere
1022 2760 1094 2806 non
1119 2753 1279 2824 possunt,
1306 2743 1419 2807 donec
1442 2744 1479 2807 in
1499 2742 1561 2806 sra-

336 2862 431 2916 trum
452 2849 464 2882 ⁵
482 2867 628 2914 numero
651 2850 937 2928 conscribantur,
959 2867 1111 2930 quorum
1130 2848 1279 2914 admissi
1301 2851 1371 2914 iam
1392 2851 1451 2914 alii
1475 2859 1562 2924 sunt,

337 2959 397 3022 alii
412 2957 461 3037 (ut
476 2956 592 3039 spero)
608 2958 772 3038 perbreui
787 2963 947 3037 tempore
962 2956 1204 3021 admittentur:
1220 2956 1361 3022 interim
1382 2958 1471 3022 haec
1485 2972 1563 3038 spes

338 3081 462 3129 eorum
475 3065 572 3129 louet
587 3081 629 3128 ac
645 3065 754 3128 nutrit
768 3064 916 3143 animos,
933 3081 1024 3146 quae
1036 3063 1141 3129 efficit
1152 3075 1190 3128 ut
1206 3065 1294 3128 alios
1309 3065 1416 3129 etiam
1431 3073 1561 3128 motum

337 3173 380 3236 iri
395 3171 639 3236 adolescentes
655 3187 848 3251 speremus,
865 3181 902 3233 ut
917 3181 1075 3234 nostram
1087 3171 1229 3235 uiuendi
1243 3155 1419 3235 rationem
1430 3171 1561 3236 imiten·

337 3289 404 3358 tur,
422 3276 645 3360 studioseque
666 3279 841 3356 laborent,
863 3287 900 3340 ut
916 3278 1029 3341 nostri
1044 3295 1151 3358 quam
1166 3279 1319 3342 maxime
1339 3279 1472 3343 similes
1486 3295 1561 3342 esse

337 3384 536 3463 uideantur,
553 3385 647 3468 quod
661 3385 824 3466 permulti
839 3384 908 3448 iam
926 3385 1021 3448 haud
1038 3385 1187 3449 obscure
1203 3384 1440 3450 declararunt.

398 3491 488 3556 Hinc
501 3491 544 3554 ad
557 3492 740 3555 literarum
751 3491 868 3555 studia
884 3492 1104 3572 progrediar,
1118 3481 1245 3573 quibus
1256 3509 1328 3556 non
1339 3500 1474 3572 parum
1485 3489 1563 3554 ado·

339 3598 547 3662 lescentium
563 3598 717 3678 ingenia,
738 3614 772 3660 et
793 3597 840 3661 ad
859 3598 1114 3678 capessendam
1135 3599 1312 3678 uirtutem,
1334 3609 1368 3663 et
1390 3597 1436 3662 ad
1454 3599 1562 3662 bonas

233 3763 235 3770 ,
336 3707 457 3770 literas
472 3703 691 3782 ediscendas,
709 3704 977 3784 diligentissime
992 3705 1215 3770 adiuuantur.
1233 3705 1337 3786 Quod
1350 3721 1562 3786 magnopere

339 3814 508 3894 probatur
525 3812 569 3874 ab
591 3811 657 3890 his,
682 3811 742 3892 qui
762 3827 893 3891 pueros
911 3828 982 3874 non
1004 3812 1114 3875 literis
1134 3813 1248 3876 solum
1269 3812 1413 3890 erudiri,
1435 3811 1496 3876 sed
1517 3810 1561 3874 ad

337 3922 503 3984 uirtutem
518 3918 704 3982 informari
719 3917 932 3982 desiderant:
949 3917 1016 3983 hoe
1033 3929 1190 4000 tempore
1205 3920 1292 3983 satis
1306 3929 1361 3984 est
1375 3929 1500 3984 auctus
1514 3918 1561 3981 di·

337 4013 552 4108 scipulorum
567 4043 746 4104 numerus,
764 4024 857 4106 quod
880 4037 1129 4105 argumentum
1147 4025 1292 4107 praebet
1307 4024 1382 4092 fore
1397 4027 1435 4090 in
1451 4035 1558 4108 poste·

338 4151 416 4199 rum
432 4134 639 4212 auctiorem;
658 4149 741 4196 nam
759 4132 814 4196 his
826 4131 949 4196 diebus
964 4131 1124 4197 Perusini
1137 4134 1234 4198 ciues
1245 4149 1315 4200 una
1329 4151 1410 4198 cum
1421 4134 1563 4214 integra

379 4411 387 4444 Ι
416 4411 537 4465 pletatis.
549 4410 690 4454 Pornncus.

380 4483 392 4516 Ι
420 4495 471 4526 non
482 4483 591 4526 uideam
602 4493 670 4537 qnae
684 4485 778 4527 maior.
789 4482 826 4526 Io.

374 4555 390 4586 θ
415 4557 515 4608 posset.
528 4553 684 4610 Paupernm
695 4557 721 4597 ct
731 4553 951 4597 calamitosorum
963 4553 1139 4598 consolationi
1147 4557 1182 4598 el.
1193 4551 1232 4596 In.
1335 4559 1342 4568 '

378 4627 389 4660 ⁴
416 4627 588 4681 peccatorum
602 4625 700 4669 addidit
710 4625 847 4669 Polaticus.

378 4697 391 4732 ὅ
419 4699 574 4746 nostrorum
583 4696 682 4746 addidit
691 4697 825 4744 Polaticus.
