3382 5528
661 526 726 582 Aa.
748 523 824 584 1556.
877 547 895 578 .:
929 543 933 576 π
1300 524 1358 595 ,⁸le

125 653 260 732 mentia
270 655 458 733 suistimest
470 663 602 734 facere.
618 669 867 752 Superioribus
882 672 1004 752 itaque
1015 671 1156 736 duobus
1168 672 1357 738 ‘mensibus

123 770 220 852 anni,
235 775 382 857 quidem
396 787 555 857 tempore
567 771 802 856 grauissimo,
819 777 881 843 uix
895 795 986 858 prae
996 778 1163 844 maximis
1177 777 1355 864 caloribus

123 881 207 960 (aba
223 883 321 964 enim
335 873 559 950 meminimus
574 884 744 965 maiores)
760 888 976 965 consistere,-
991 886 1355 952 eorumuemolestias

123 971 254 1053 se'd'are'
266 1000 480 1071 poteramus,
496 991 639 1055 Accidit
648 991 778 1056 eodem
792 994 961 1074 tempore,
974 1000 1012 1057 ut
1023 1002 1074 1057 tot
1086 994 1273 1056 ex'nostris
1284 992 1352 1056 fra·

123 1081 237 1160 tribus
262 1096 300 1159 ia
322 1097 443 1162 uarios
461 1098 605 1162 morbos
624 1099 835 1176 inciderent,
857 1109 896 1163 ut
915 1099 1270 1180 plures,sere:essent
1291 1100 1352 1178 qui

120 1203 248 1267 morbo
270 1195 492 1284 laborarent,
514 1223 621 1286 quam
641 1208 701 1287 qui
722 1206 841 1287 aegris
863 1224 907 1271 ac
926 1206 1169 1272 laborantibus
1190 1206 1353 1273 subueni-

119 1292 211 1373 rent.
224 1309 517 1390 Aegrotauerunt
528 1323 679 1392 quatuor
691 1331 736 1376 ex
747 1314 878 1378 nostris
888 1314 1186 1394 praeceptoribus,
1200 1329 1351 1394 qnorum

117 1415 193 1480 duo
207 1416 364 1481 nondam
379 1418 481 1482 firma
495 1427 641 1483 utuntur
654 1421 875 1501 ualetudine:
891 1438 957 1484 nec
976 1420 1121 1499 mitum,
1138 1422 1268 1502 quippe
1288 1421 1351 1502 qui

122 1507 228 1604 saepe
245 1525 393 1588 multum
407 1525 592 1604 sanguinis
613 1543 675 1590 ore
694 1525 877 1608 ejecerint,
898 1527 949 1602 lta
967 1537 1006 1592 ut
1024 1527 1140 1592 coacti
1158 1526 1270 1590 simus
1289 1526 1349 1589 ali·

122 1629 205 1709 quid
229 1631 274 1694 de
300 1632 431 1696 nostris
456 1633 581 1697 studiis
600 1634 795 1713 remittere;
815 1634 909 1697 bona
929 1634 1023 1698 enim
1041 1652 1125 1715 pars
1144 1643 1348 1698 nostrorum

121 1736 415 1802 scholasticorum
442 1740 565 1804 morbo
594 1740 830 1822 premebatur.
860 1740 982 1806 Mense
1009 1739 1163 1822 idenique
1180 1740 1347 1820 ,Augusti

122 1842 210 1907 duas
236 1853 374 1908 tantum
399 1844 507 1910 horas
533 1848 787 1911 consumebant
811 1856 1064 1929 praeceptores
1088 1848 1124 1912 in
1147 1848 1347 1930 gymnasiis

121 1960 202 2014 ante
214 1951 410 2016 meridiem:
424 1963 582 2035 tempore
592 1972 679 2018 uero
691 1955 933 2036 pomeridiano
945 1972 1016 2019 non
1028 1965 1129 2019 erant
1140 1955 1345 2036 praelectio-

121 2044 194 2130 nes,
210 2067 462 2140 praeterquam
478 2061 514 2124 in
529 2061 646 2126 infima
662 2064 788 2126 classe.
805 2061 941 2127 Aderat
950 2063 1091 2126 tancia
1110 2062 1179 2125 hoc
1189 2061 1344 2140 collegio

121 2161 158 2227 P.
184 2166 230 2232 tt
251 2175 282 2207 ¹¹⁸
302 2167 460 2248 lgnatius
488 2167 508 2248 ¹,
533 2149 614 2234 cum
635 2170 764 2233 fratres
788 2177 979 2250 coeperunt
1004 2169 1095 2232 male
1118 2168 1260 2247 habere,
1283 2169 1344 2249 qui

121 2257 227 2339 etiam
242 2275 278 2339 in
294 2276 447 2340 subitum
463 2277 624 2341 morbum
639 2276 777 2355 incidit,
798 2277 855 2341 cni
874 2277 927 2339 bis
948 2275 1062 2340 incisa
1081 2283 1134 2338 est
1153 2285 1245 2338 uena
1264 2273 1344 2337 soli·

121 2393 245 2463 tasque
266 2384 432 2464 vpotiones
453 2384 619 2464 sumpsit:
641 2398 766 2448 verum
791 2381 857 2447 Dei
877 2382 1063 2446 clementia
1081 2381 1182 2445 breui
1205 2398 1251 2443 ex
1275 2380 1343 2444 hoc

121 2490 244 2553 morbo
259 2491 452 2554 conualuit:
467 2500 505 2554 at
519 2491 642 2570 quinto
655 2489 712 2554 die
726 2497 913 2570 postquam
928 2507 954 2552 a
964 2489 1082 2569 priore
1093 2489 1216 2553 morbo
1227 2486 1344 2551 iuerat

123 2579 315 2674 recreatus,
331 2598 367 2660 in
382 2583 462 2661 eum
477 2597 521 2661 de
539 2599 680 2677 integro
700 2596 840 2674 incidit;
861 2605 966 2676 atque
985 2595 1035 2659 ita
1052 2595 1213 2675 grauiter
1234 2609 1342 2673 aeger

120 2703 196 2781 luit,
213 2715 250 2767 ut
265 2704 337 2767 iam
352 2721 441 2785 pene
456 2720 580 2771 ornnes
594 2703 791 2768 diffiderent
806 2701 953 2783 ejusque
970 2703 1082 2765 uitam
1100 2701 1340 2782 desperarent.

119 2809 244 2875 M'o'rbo
269 2812 559 2892 ingrauescente,
587 2811 738 2892 quaesiti
756 2820 846 2882 ¹sunt
867 2809 1075 2874 nobilissimi
1094 2817 1200 2889 atque
1219 2807 1342 2888 optimi

119 2918 256 2996 medici,
273 2918 418 3000 ipseque
433 2917 566 3000 Regius
577 2919 735 2982 medicus
745 2912 813 2981 bue
824 2935 846 2980 a
858 2914 996 2997 Regina
1008 2915 1160 2980 'missus
1171 2914 1342 2980 cumaliis

116 3023 229 3089 tribus
250 3026 307 3089 uel
326 3013 478 3107 quatuor
497 3042 628 3106 magno
647 3024 764 3090 studio
786 3021 836 3088 ac‘
849 3023 1031 3103 diligentia
1052 3023 1194 3087 Patrem
1215 3022 1343 3086 inuise-

118 3130 214 3211 bant,
229 3141 263 3196 et
278 3141 413 3213 postea,
430 3150 520 3213 quae
535 3131 610 3213 ejus
624 3133 730 3196 saluti
745 3132 943 3196 conducere
958 3130 1232 3208 arbitrabantur,
1249 3131 1341 3193 inter

117 3255 154 3302 se
168 3240 410 3319 conferebant,
426 3250 612 3320 praesente
624 3229 731 3304 'Patre
746 3234 928 3303 Ludouico
947 3237 1136 3316 Goazalez,
1152 3237 1212 3317 qui
1226 3236 1263 3300 in
1277 3233 1341 3299 Pa·

116 3357 207 3409 trem
219 3331 417 3428 fratresque
432 3337 698 3410 curandos‘toto
714 3357 858 3426 pectore
873 3345 1030 3409 incubuit
1041 3353 1140 3408 tanta
1152 3343 1341 3408 'alacritate

113 3435 257 3533 tamque
268 3471 314 3517 ex
325 3455 456 3526 animo.
469 3463 507 3516 ut
519 3454 634 3517 omnis
646 3465 786 3516 moeror
797 3470 844 3516 ex
855 3452 1044 3530 aegrorum
1056 3451 1183 3526 animis
1197 3451 1340 3514 omnino

118 3560 363 3641 expelleretur:
378 3577 444 3624 nec
459 3569 536 3624 erat
550 3561 611 3641 qui
630 3559 707 3640 ejus
721 3559 922 3640 praesentia
944 3567 978 3622 et
999 3559 1172 3623 charitate
1195 3575 1281 3638 erga
1303 3575 1342 3620 se

115 3666 338 3731 adferendas
353 3655 467 3731 morbi
486 3667 665 3732 molestias
684 3684 755 3729 non
774 3666 928 3730 maxime
948 3665 1176 3729 excitaretur.
1203 3663 1342 3746 Reliqui

115 3773 222 3836 etiam
237 3791 375 3852 omneS,
391 3761 457 3837 Dei
478 3775 558 3854 Opt.
580 3772 674 3837 Max.
697 3773 982 3837 misericordiam:
998 3772 1162 3852 precibus
1181 3788 1224 3834 ac
1243 3771 1340 3836 obse-

114 3880 330 3944 crationibus
342 3879 533 3944 humilibus
548 3880 788 3960 implorantes,
802 3896 909 3960 quam
919 3878 1075 3943 maxima
1087 3885 1251 3959 poterant
1265 3877 1341 3942 dili·

116 3987 235 4064 gentia
249 3995 283 4051 et
297 4003 396 4066 cura,
412 3987 447 4050 ia
464 3987 556 4051 idem
571 3986 753 4066 negotium
767 3986 1032 4064 incumbebant,
1049 4003 1092 4050 ac
1112 3986 1265 4066 quisque·
1275 4000 1339 4064 pro

113 4109 155 4155 se
165 4091 431 4172 diligentissime
446 4093 666 4170 laborabant,
684 4110 812 4174 nequa
833 4093 1052 4173 culpacirca
1070 4091 1221 4154 fratrum
1243 4093 1338 4155 vale·

116 4195 269 4264 tudinem
283 4201 572 4265 committeretur.
591 4200 639 4264 At
654 4217 740 4263 uero
754 4217 825 4263 non
840 4215 968 4280 passus
979 4209 1032 4262 est
1045 4197 1339 4262 clementissimus

115 4303 217 4369 P'ater·
230 4306 321 4372 lilios
335 4293 395 4371 diu
410 4307 447 4371 in
461 4307 618 4370 lacrimis
629 4305 761 4386 jacere,
776 4304 839 4370 sed
855 4322 917 4368 eos
930 4320 1055 4369 omnes
1067 4307 1275 4370 consolatus>
1285 4316 1340 4368 est

114 4398 339 4495 omniumque
353 4415 512 4478 dolorem
527 4412 703 4476 abstersit.
722 4412 851 4476 Paucis
865 4412 959 4476 enim
979 4415 1061 4491 post‘
1079 4411 1202 4486 diebus
1222 4413 1339 4492 coepit

156 4651 527 4710 'Elmttasdeazebeuo
576 4715 579 4718 Ι
629 4715 631 4720 Ι
872 4719 893 4726 1,
949 4705 951 4708 ,
1107 4717 1110 4724 ¹

155 4723 333 4771 'catharina
344 4730 377 4772 ab
389 4728 504 4773 Austrla.
899 4721 902 4728 '
979 4793 982 4800 Δ
1063 4765 1066 4772 ,
1123 4729 1127 4740 ”
