3382 5528
619 581 681 640 Art.
704 580 775 640 1556
1253 578 1308 638 403

90 728 129 792 de
146 729 167 791 l’
188 727 400 809 inquisitor’,
418 727 526 790 bonae
546 727 749 800 memoriae,
769 725 900 789 Polleto
919 727 944 804 ¹,
962 736 995 788 et
1016 725 1096 789 delli
1116 728 1251 806 pastori
1273 727 1308 790 di

92 833 152 898 S.¹⁰
164 835 356 916 Stephano,
374 835 409 897 di
423 831 495 898 Sto.
512 831 696 911 Mauricio,
712 833 747 896 di
762 833 828 896 Si·
844 831 1048 910 Chatarina,
1062 842 1097 895 et
1114 833 1211 896 molti
1227 835 1307 898 altri

95 942 256 1006 canonici.
275 939 342 1005 Per
356 940 544 1020 gratiane}
560 939 709 1020 Signore
730 941 797 1003 cie
817 948 910 1003 stato
930 949 1028 1003 tanto
1051 939 1223 1014 vditorio,
1244 941 1309 1004 che

96 1050 177 1112 nella
192 1047 312 1112 chiesa
328 1047 364 1111 di
379 1045 451 1112 Sto.
469 1044 667 1127 Stephano,
683 1048 749 1110 che
763 1051 783 1108 e
798 1063 900 1110 como
915 1047 948 1109 la
965 1046 1158 1127 principale
1175 1048 1310 1124 chiesa,

96 1155 335 1235 grandissima,
352 1171 424 1218 non
439 1155 470 1218 si
484 1163 613 1234 poteua
629 1154 749 1234 capite
764 1153 823 1233 pii1
837 1154 937 1233 genti
952 1156 1077 1218 alcune
1092 1156 1202 1226 volte,
1220 1171 1312 1218 mas·

97 1263 176 1326 sime
201 1264 289 1326 nelle
314 1262 436 1324 vltime
457 1260 639 1340 prediche:
664 1260 711 1322 mi
736 1260 863 1323 dicono
883 1259 948 1324 che
973 1277 1017 1323 ne
1039 1261 1156 1324 hanno
1177 1261 1310 1325 hauuto

97 1369 324 1448 grandissima
340 1367 594 1446 satisfactione,
611 1375 645 1430 et
659 1369 693 1430 lo
708 1367 869 1431 auditore
884 1367 974 1430 della
990 1385 1144 1445 camera,
1161 1369 1311 1432 essendo

98 1475 191 1540 iuora
216 1475 358 1556 quando
383 1475 416 1537 io
442 1475 647 1554 predicaua,
674 1473 789 1537 subito
814 1475 879 1537 che
903 1474 940 1538 su
961 1485 1102 1538 tornato
1128 1475 1175 1538 mi
1190 1477 1311 1539 scrissi

99 1593 213 1662 questa
227 1584 337 1646 letera
352 1582 417 1645 che
433 1599 480 1644 va
496 1599 564 1644 con
579 1591 702 1662 questa
718 1581 740 1643 ⁸.

151 1689 335 1753 Ritornato
350 1690 387 1752 in
401 1687 548 1768 Tornay
562 1689 719 1768 predicai
738 1690 864 1752 alcuna
885 1692 979 1754 volte
1000 1707 1068 1753 con
1083 1693 1314 1771 maruiglioso

101 1813 274 1873 concurso,
292 1807 326 1860 et
340 1797 470 1877 perche
485 1797 522 1859 in
536 1796 652 1877 quello
668 1804 784 1876 tempo
800 1797 830 1858 si
843 1797 1073 1876 publicorono
1089 1799 1120 1860 le
1132 1796 1315 1878 indulgen·

102 1905 153 1982 tie,
168 1904 367 1968 hauessimo
382 1906 490 1967 molto
507 1902 551 1966 da
566 1901 631 1966 sar'
646 1901 711 1965 M.⁰
725 1903 906 1980 Anthonio
928 1901 939 1933 ³
954 1915 988 1967 et
1002 1905 1054 1982 io,
1076 1917 1110 1968 et
1131 1907 1166 1968 in
1186 1906 1313 1983 verita,

103 2011 241 2074 essendo
256 2013 364 2075 molto
380 2020 558 2074 straccato
573 2010 616 2073 de
637 2009 759 2073 hauer’
781 2010 963 2090 predicato
985 2011 1068 2092 ogni
1083 2013 1210 2091 giorno
1226 2016 1247 2076 l’
1265 2024 1318 2077 ot-

103 2127 178 2182 tana
193 2119 248 2184 del
262 2117 510 2194 Sacramento,
528 2134 594 2197 pur
608 2126 707 2180 tanto
727 2134 787 2180 era
804 2117 827 2179 il
845 2117 954 2180 srutto
969 2120 1051 2182 nelli
1073 2121 1257 2198 penitenti,
1281 2133 1316 2184 et

103 2235 193 2290 tanta
220 2225 462 2290 consolatione
486 2224 626 2288 sentiua
651 2222 686 2286 di
713 2225 844 2304 quello,
872 2225 937 2288 che
963 2225 1195 2290 contessando
1225 2227 1317 2292 della

104 2333 241 2396 mattina
257 2332 373 2396 insino
388 2331 526 2412 quasia
545 2333 780 2408 meza'notte,
803 2331 837 2394 io
858 2347 929 2394 non
952 2333 1089 2395 sentiua
1111 2338 1144 2397 la
1166 2334 1316 2415 fatigha.

104 2438 195 2502 ltotti
209 2439 345 2502 dubiosi
360 2440 452 2501 nella
465 2436 543 2500 sede
557 2453 595 2500 se
611 2435 891 2514 confirmauano,
909 2439 1025 2501 alcuni
1040 2440 1138 2502 anxii
1159 2456 1197 2503 se
1212 2442 1318 2504 stabi-

105 2547 234 2625 liuano,
254 2557 288 2610 et
307 2545 421 2609 anche
441 2543 558 2607 alcuni
583 2543 716 2607 erranti
742 2545 992 2608 ritornauano:
1014 2557 1048 2610 et
1071 2546 1272 2613 finalmente
1294 2550 1319 2611 li

105 2652 264 2717 catholici
277 2669 315 2716 se
330 2653 545 2715 animauano
560 2670 580 2713 a
597 2666 668 2714 non
683 2651 797 2713 curar'
810 2652 841 2713 le
853 2652 1008 2715 irrisioni
1019 2651 1101 2716 delli
1113 2654 1270 2734 heretici,
1284 2666 1319 2720 et

106 2761 131 2822 si
147 2759 353 2825 sforzauano
368 2759 405 2822 in
419 2760 607 2838 proponer’
628 2756 874 2820 emendatione
893 2758 935 2821 de
955 2759 1047 2833 vita,
1066 2771 1100 2823 et
1120 2758 1319 2841 frequenta·

106 2867 193 2930 tione
207 2868 287 2931 detti
306 2865 532 2929 sacramenti.

161 2975 196 3038 Io
210 2975 255 3038 ho
270 2974 404 3036 haunto
419 2973 455 3035 in
475 2987 582 3034 mano
601 2970 635 3032 d'
659 2988 729 3034 una
744 2987 896 3058 persona
910 2973 971 3052 piit
986 2972 1096 3036 ‹11200
1114 2973 1238 3039 fioreni
1256 2980 1321 3057 'per

107 3075 286 3159 restituir’;
304 3091 338 3144 et
352 3097 414 3161 per
430 3079 496 3142 che
512 3078 546 3141 io
562 3080 701 3142 haueua
716 3079 775 3158 pin
790 3079 900 3142 charo
914 3081 979 3143 che
994 3082 1024 3144 si
1038 3081 1168 3146 facessi
1190 3101 1252 3163 per
1267 3086 1317 3146 al·

108 3189 163 3266 tri,
177 3190 210 3252 la
224 3205 392 3269 persona,
416 3187 518 3249 ache
533 3196 684 3249 toccaua
703 3185 769 3248 far'
793 3186 826 3248 la
848 3187 1088 3266 restitutione,
1110 3190 1239 3253 vienne
1261 3191 1322 3271 plia

108 3298 195 3360 volte
210 3315 229 3360 a
245 3313 301 3360 me
315 3293 532 3375 piangendo,
549 3304 584 3356 et
599 3309 669 3355 non
685 3297 786 3356 cesso
799 3293 914 3357 insino
930 3311 949 3356 a
966 3303 1065 3358 tanto
1081 3297 1146 3359 che
1160 3297 1195 3360 io
1209 3297 1320 3361 iaces·

109 3404 135 3465 si
147 3406 259 3485 quello
274 3403 340 3467 che
355 3402 385 3464 si
399 3402 537 3464 doueua
552 3399 617 3464 sar’
642 3416 704 3480 per
725 3401 835 3477 altro,
859 3402 988 3480 perche
1003 3402 1038 3464 io
1054 3412 1209 3481 temeua,
1234 3405 1265 3468 si
1289 3406 1323 3467 io

109 3512 129 3570 l'
144 3512 256 3575 auessi
274 3509 379 3587 fatto,
398 3509 464 3572 che
480 3508 510 3570 si
523 3507 666 3570 hauessi
680 3516 808 3586 saputo
822 3508 857 3569 la
872 3523 1025 3586 persona
1040 3508 1083 3572 de
1100 3509 1157 3573 chi
1173 3529 1320 3574 venena.

165 3617 231 3682 Gia
243 3634 309 3698 per
322 3615 439 3694 gratia
451 3614 506 3678 del
516 3612 665 3694 Signore
677 3630 764 3675 sono
776 3616 874 3676 molti
886 3613 951 3676 che
964 3631 1001 3677 se
1017 3616 1227 3679 confessano
1240 3619 1324 3696 ogni

112 3735 179 3788 otto
194 3723 322 3804 giorni,
337 3731 372 3786 et
386 3722 504 3785 alcuni
519 3723 583 3784 che
599 3722 629 3784 si
644 3720 889 3796 comunicano;
906 3732 940 3783 et
955 3723 1054 3784 molti
1065 3723 1125 3802 piit
1139 3725 1282 3787 sariano
1294 3726 1324 3787 si

113 3831 305 3896 hauessimo
320 3830 455 3906 chiesa,
473 3827 563 3891 doue
578 3829 805 3892 liberamento
820 3829 1011 3908 potessimo
1021 3831 1216 3904 ministrar'
1233 3833 1257 3894 li
1271 3849 1325 3895 sa·

113 3940 289 4016 eramenti;
306 3955 363 4000 ma
379 3941 413 3998 io
428 3953 531 4015 spero
547 3953 613 3998 con
629 3935 651 3998 il
668 3945 784 4015 tempo
800 3935 866 3998 che
881 3936 904 3998 il
923 3934 1072 4014 Signore
1092 3938 1288 4002 remediari
1304 3959 1324 4002 a

25 4091 27 4132 ,
113 4056 196 4110 tutto
210 4063 279 4111 con
294 4045 326 4109 le
341 4042 494 4106 orationi
509 4050 543 4104 et
557 4039 722 4104 sacrificii
737 4041 771 4105 di
786 4042 831 4105 V.
849 4040 891 4104 R.
908 4054 943 4104 et
958 4042 993 4105 di
1008 4053 1097 4106 tutta
1118 4046 1153 4107 la
1174 4043 1326 4124 Comp.²‚

26 4153 27 4156 ’
115 4155 272 4236 aliquali
289 4152 397 4214 molto
412 4149 639 4213 humilmente
654 4148 861 4228 preghiamo
877 4153 985 4212 csser’
1004 4153 1281 4215 raceomandati.

149 4395 156 4428 ¹
182 4395 219 4442 De
230 4396 306 4440 eosic
315 4393 427 4448 loquitur
435 4391 581 4443 Denetnctt,
593 4390 825 4434 L'etablissement
836 4391 869 4434 de
878 4391 904 4434 la
914 4391 1074 4446 Compagnia
1082 4393 1115 4436 de
1124 4394 1205 4448 Josus
1214 4395 1332 4440 danslaes

115 4465 253 4522 mys-aas,
261 4473 325 4522 pag.
337 4465 381 4513 6⁴,
390 4467 481 4508 annot.
493 4463 515 4506 1:
525 4463 623 4514 “Quam
634 4473 650 4506 a
660 4462 830 4516 l'inqnlsitenr
840 4461 904 4514 Jean
916 4461 1006 4510 Pallet.
1017 4474 1048 4506 on
1059 4465 1110 4508 salt
1121 4467 1180 4518 qn'll
1192 4467 1256 4511 etatt
1272 4469 1333 4512 chn-

114 4539 180 4582 noine
194 4539 225 4584 de
240 4541 267 4582 12
277 4537 415 4590 collegiale
426 4535 457 4579 de
472 4533 660 4585 Salat-Pierre,
670 4535 687 4576 a
696 4533 772 4586 Lllle,
783 4537 809 4576 et
819 4533 879 4588 qn’il
896 4534 934 4577 lut
945 4538 1045 4578 nomme
1056 4547 1087 4580 en
1105 4537 1164 4590 1515,
1180 4537 1332 4592 lnqulsltenr

116 4611 174 4654 local
187 4621 250 4666 pont·
267 4611 294 4654 la
311 4607 425 4653 Flandre
443 4608 618 4660 wallonne....,
637 4603 702 4649 Vlde
720 4605 800 4650 etiam
818 4603 908 4650 Sancti
926 4605 1022 4659 Ignatii
1043 4605 1147 4652 litteras
1163 4609 1196 4652 ad
1215 4612 1332 4655 eumdem

116 4691 198 4732 onemo
207 4681 245 4727 ld.
255 4681 324 4735 Jnnli
336 4679 389 4724 15⁵⁶
399 4680 482 4732 datas,
494 4679 520 4723 ln
530 4689 608 4732 opere
620 4676 715 4722 cartas
725 4677 758 4721 de
769 4676 823 4720 San
835 4676 944 4730 lgnacro
954 4678 986 4721 de
995 4677 1102 4732 Loyola,
1112 4686 1131 4723 t.
1142 4691 1177 4736 vr,
1188 4691 1248 4736 pag.
1258 4683 1306 4726 513.

152 4754 163 4786 ¹
186 4753 299 4799 Periisse
307 4753 357 4797 lue
365 4752 494 4796 videntur.

154 4823 165 4856 ³
189 4825 216 4870 P.
226 4825 297 4880 lm.
306 4825 436 4869 Antonius
443 4823 559 4867 Boncller
