3382 5528
368 501 427 568 t22
756 503 928 564 erraaatt
946 521 1217 574 onammasrmrs

369 659 409 712 et
431 649 501 714 alia
527 649 563 713 id
587 667 716 730 genus,
744 669 892 731 quorum
919 652 1150 733 insuperiori
1174 653 1424 734 quadrimestri
1446 655 1582 736 epistola

369 756 527 820 memini.

433 862 593 943 Vespere
615 873 733 928 autem
751 867 789 929 in
807 868 939 930 sacello
958 876 1080 932 nostro
1101 868 1365 934 exhortatorius
1385 887 1500 934 sermo
1518 869 1582 934 lieri

369 971 575 1050 consueuit,
595 989 671 1052 ,quo
689 973 827 1052 possint
841 966 1011 1038 ordinarii
1031 975 1251 1055 poenitentes
1270 979 1489 1056 conseruari,
1504 987 1535 1040 et
1551 977 1581 1038 in

370 1077 614 1159 spiritualibus
628 1079 820 1143 virtutibus
834 1079 1016 1160 proficere.
1033 1080 1072 1144 In
1088 1081 1318 1146 xenodochiis
1336 1084 1443 1148 etiam
1457 1091 1582 1163 praeter

370 1185 580 1266 obsequium
607 1186 845 1266 probationis,
875 1204 945 1268 quo
974 1205 1012 1252 se
1039 1188 1170 1269 fratres
1197 1190 1340 1269 quidam
1375 1189 1584 1254 laudabiliter

370 1302 625 1372 exercuerunt,
641 1294 782 1359 habitae
797 1303 878 1358 sunt
893 1295 1159 1359 exhortationes
1173 1296 1431 1362 consolatoriae
1446 1297 1491 1361 ad
1504 1295 1600 1360 infir.

371 1417 467 1478 mos,
491 1409 526 1463 et
551 1398 669 1464 affecti
687 1410 787 1464 tanta
807 1401 1032 1465 miseratione
1051 1403 1337 1483 circumstantes,
1355 1415 1394 1467 vt
1415 1405 1473 1468 alii
1494 1419 1585 1484 pecu-

371 1507 463 1585 niaS,
480 1506 540 1582 alii
555 1507 659 1587 sicas,
677 1508 736 1570 alii
750 1508 856 1572 etiam
872 1509 1017 1590 pallium
1027 1510 1210 1590 proprium
1225 1512 1416 1590 erogarint.

396 1639 403 1656 ·
433 1614 609 1694 Quoniam
634 1625 752 1678 autem
773 1615 905 1694 captiui
930 1616 1127 1695 aethiopes,
1150 1633 1299 1697 quorum
1319 1618 1394 1695 hic,
1417 1628 1455 1681 vt
1477 1617 1584 1692 credo,

371 1737 455 1788 sunt
469 1724 562 1786 vltra
578 1722 699 1787 decem
714 1722 835 1798 millia,
852 1722 1021 1801 baptizati
1035 1723 1084 1786 illi
1099 1723 1252 1803 quidem,
1265 1724 1326 1787 sed
1340 1726 1541 1804 ignorantes
1554 1732 1587 1784 vt

372 1830 562 1912 plurimum
582 1831 640 1893 vel
660 1829 775 1910 prima
797 1829 1012 1893 christianae
1032 1829 1215 1894 doctrinae
1235 1830 1450 1909 rudimenta,
1472 1830 1587 1910 turpis·

372 1938 482 2000 simas
506 1936 679 2017 quasdam
698 1936 849 2000 choreas
874 1936 1088 2014 exercendo,
1115 1936 1311 2000 dominicos
1329 1954 1373 2002 ac
1392 1938 1499 2002 festos
1521 1935 1589 2000 dies

372 2046 571 2124 transigere
589 2046 719 2122 solent,
743 2044 957 2107 tentauimus
976 2043 1013 2106 in
1037 2043 1123 2124 ipsis
1144 2045 1263 2108 choris
1287 2044 1484 2108 doctrinam
1507 2043 1587 2106 chri·

370 2152 525 2216 stianam
543 2151 711 2230 recitare,
736 2150 903 2231 ipsosque
923 2149 967 2214 ad
988 2151 1189 2230 proximam
1210 2151 1398 2216 ecclesiam
1416 2151 1589 2216 audituros

370 2258 530 2322 eiusdem
544 2257 820 2321 declarationem
836 2273 1052 2321 conuocare:
1073 2267 1179 2337 atque
1194 2256 1262 2321 hoc
1276 2257 1409 2322 facturn
1423 2267 1491 2337 est,
1508 2270 1545 2320 vt
1559 2257 1589 2319 in

371 2365 463 2429 vicis
486 2365 659 2428 ecclesiae
683 2361 811 2428 vicinis
836 2381 856 2425 a
881 2363 1022 2427 choreis
1046 2364 1255 2440 destiterint
1283 2375 1318 2428 et
1341 2365 1590 2430 fraternitatem

372 2473 562 2554 quamdam
576 2472 668 2535 inter
684 2489 721 2534 se
735 2471 918 2535 instituere
940 2471 1180 2547 decreuerint,
1204 2473 1306 2536 cuius
1326 2472 1455 2536 fratres
1477 2487 1591 2536 omnes

371 2579 437 2644 sub
452 2579 559 2644 certis
573 2578 713 2658 poenis,
731 2595 794 2658 per
808 2579 981 2659 quosdam
996 2596 1041 2642 ex
1055 2579 1142 2659 ipsis
1156 2580 1290 2642 electos
1303 2579 1535 2660 exequendis,
1551 2577 1590 2640 ad

371 2687 572 2751 doctrinam
586 2685 775 2749 conuenire
791 2694 825 2751 et
840 2685 954 2765 ipsam
968 2683 1105 2748 discere
1120 2695 1318 2750 teneantur.

431 2791 649 2871 Audierunt,
665 2802 705 2856 ut
718 2792 842 2871 credo,
858 2793 971 2855 nostri
985 2791 1053 2855 hoc
1068 2809 1153 2855 vere
1168 2802 1219 2856 tot
1239 2792 1498 2872 confessiones,
1515 2801 1592 2874 quot

369 2901 484 2964 solent
506 2899 542 2962 in
564 2899 848 2980 quadragesima.
869 2897 960 2962 Nam
985 2897 1186 2979 frequentes
1205 2909 1240 2963 et
1262 2881 1531 2964 ardentissimae
1550 2899 1591 2962 fe·

368 3009 462 3086 bres,
483 3024 575 3087 quae
595 3007 802 3086 viguerunt,
824 3007 932 3070 etiam
952 3006 1011 3069 diu
1030 3007 1160 3069 tacitas
1179 3007 1348 3070 veritates
1368 3005 1529 3071 confiteri
1542 3022 1591 3067 co·

368 3114 512 3194 gebant.
530 3112 685 3178 Adfuere
700 3121 884 3193 praeterea
899 3113 1017 3176 multis
1032 3114 1068 3175 in
1083 3123 1243 3177 extremo
1257 3116 1421 3191 transitu,
1439 3131 1550 3195 neque
1560 3111 1592 3174 id

369 3221 448 3284 sine
462 3219 631 3301 peculiari
649 3219 808 3299 ipsorum
822 3219 1066 3282 consolatione
1078 3231 1112 3282 et
1124 3220 1428 3284 circumstantium
1440 3219 1592 3284 aedifica-

371 3328 483 3405 tione,
503 3335 749 3407 vocaruntque
768 3325 815 3389 ad
834 3326 902 3390 hoc
920 3335 1063 3390 nostros
1083 3327 1273 3404 (insolitum
1292 3327 1422 3406 refero)
1438 3339 1517 3391 octo
1539 3335 1593 3390 aut

371 3451 415 3498 eo
430 3435 549 3514 plures
562 3433 697 3496 nobiles
713 3433 792 3512 viri,
808 3449 903 3512 nam,
920 3432 1003 3496 dum
1018 3433 1195 3513 valebant,
1212 3435 1276 3498 vix
1296 3451 1315 3496 e
1336 3435 1527 3514 longinquo
1540 3432 1593 3494 do·

371 3559 450 3606 mus
465 3550 608 3606 nostrae
624 3541 843 3621 aspiciebant
857 3541 963 3604 fores.

430 3648 612 3726 Visitauit,
629 3647 792 3711 Patribus
807 3647 1060 3712 Commissario
1072 3658 1106 3712 et
1118 3646 1334 3714 Prouinciali
1348 3649 1400 3713 sic
1415 3650 1592 3731 disponen-

371 3757 476 3836 tibus,
492 3755 599 3820 Pater
613 3765 735 3818 noster
756 3755 985 3835 Praepositus
1006 3755 1188 3819 ciuitatem
1208 3756 1438 3820 Marchenam
1457 3767 1492 3819 et
1507 3753 1594 3834 oppi-

372 3864 455 3928 dum
474 3861 675 3941 Santlucar,
693 3862 891 3941 auditisque
911 3861 1194 3926 confessionibus
1212 3863 1354 3928 Ducum
1374 3863 1417 3928 de
1437 3861 1550 3927 Arcos
1563 3869 1593 3922 et

373 3971 521 4038 Comitis
549 3968 593 4032 de
620 3967 744 4033 Niebla
767 3970 1038 4050 aliquorumque
1062 3969 1301 4047 familiarium,
1328 3967 1593 4034 communicarit

372 4079 447 4142 illis
462 4087 627 4142 sanctum
647 4076 894 4141 Eucharistiae
915 4086 1189 4140 sacramentum.
1216 4075 1457 4141 Concionatus
1478 4086 1530 4140 est
1554 4071 1594 4136 ad

373 4187 465 4286 ilqu,
481 4194 515 4248 et
530 4201 594 4265 per
609 4192 838 4247 transennam
853 4185 971 4262 etiam,
989 4184 1140 4263 redienS,
1164 4183 1210 4246 ad
1226 4180 1424 4265 oppidanos
1444 4185 1595 4246 locorum

375 4291 439 4374 pe't
454 4309 543 4373 quos
557 4290 706 4354 redibat.
724 4291 941 4356 Marchenae
960 4302 1156 4373 praeterea,
1179 4308 1260 4354 cum
1280 4292 1422 4354 vinctos
1437 4291 1472 4353 in
1486 4304 1595 4352 carce·

373 4418 414 4466 re
427 4399 582 4478 visisset,
599 4399 757 4480 ipsorum
778 4415 924 4475 causas,
946 4415 1037 4478 quae
1062 4399 1192 4462 multae
1213 4399 1419 4477 cessabant,
1441 4403 1596 4478 peractas

373 4509 525 4572 curauit.
542 4505 782 4586 Peragrarunt
802 4506 862 4568 alii
882 4505 1007 4569 Patres
1026 4523 1071 4568 ex
1089 4507 1222 4570 nostris
1244 4505 1405 4570 eamdem
1425 4503 1594 4568 ciuitatem

374 4613 604 4678 Marchenam
619 4624 654 4677 et
668 4614 798 4695 oppida
820 4613 994 4693 quaedam
1012 4621 1193 4692 montana,
1215 4612 1461 4677 Guadalcanal
1479 4619 1513 4674 et
1531 4607 1593 4672 Ca·

374 4722 468 4800 calla
488 4731 703 4801 nuncupata,
725 4731 894 4800 ternaque
914 4720 1023 4784 millia
1042 4721 1298 4802 oppidanorum
1318 4720 1541 4785 continentia:
1562 4715 1593 4777 iu
