3436 5526
384 519 444 578 otti
856 521 1030 579 Arrsaorx
1049 537 1152 580 aaran

386 681 471 744 nuS,
498 682 579 729 cum
601 664 956 729 animaduerterimus
978 665 1045 728 hoc
1068 665 1189 729 vtilius
1209 667 1319 728 multo
1339 667 1508 744 futurum,
1528 683 1594 728 cum

388 772 587 835 obedientia
604 773 653 835 ita
668 773 840 850 exigeret,
856 773 892 835 in
908 771 1061 836 Domino
1076 790 1199 835 omnes
1214 773 1387 836 consolati
1403 789 1531 838 sumus.

445 878 497 942 Eo
511 879 605 942 enim
619 889 776 960 ternpore
792 896 861 959 quo
877 879 1122 942 Barchinonae
1138 879 1283 958 agebat,
1301 891 1423 943 noster
1439 879 1474 942 P.
1491 877 1595 943 Simon

387 985 579 1048 Lusitanus
607 1003 648 1047 eo
674 983 819 1066 appulit,
847 985 905 1048 vbi
930 1003 993 1065 per
1017 986 1152 1066 aliquot
1177 985 1252 1049 dies
1278 997 1516 1050 commoratus
1540 995 1593 1048 est.

387 1091 524 1154 Deinde
540 1109 626 1154 vero
653 1091 853 1155 Valentiam
874 1092 1050 1172 pervenit,
1072 1091 1131 1154 vbi
1151 1092 1258 1154 etiam
1280 1093 1463 1156 nobiscum
1485 1092 1595 1156 mansit

387 1197 496 1261 ferme
512 1199 626 1278 spatio
640 1199 745 1262 unius
760 1197 909 1276 mensis;
930 1207 964 1261 et
986 1215 1068 1261 cum
1082 1198 1140 1261 hic
1161 1215 1230 1261 non
1251 1209 1347 1262 recte
1367 1199 1548 1263 admodum
1564 1215 1596 1259 se

388 1305 534 1368 haberet
550 1313 693 1385 propter
714 1305 860 1368 nimiam
879 1305 983 1368 huius
1003 1315 1119 1368 terrae
1140 1303 1404 1381 humiditatem,
1426 1316 1527 1385 atque
1540 1303 1596 1386 pri·

388 1411 482 1474 stina
497 1411 719 1490 aegritudine
744 1412 938 1487 laboraret,
960 1411 1117 1474 decreuit
1137 1429 1175 1474 se
1194 1411 1418 1508 Complutum
1439 1412 1598 1476 conferre.

387 1517 502 1597 Quam
518 1518 627 1580 durus
641 1517 745 1580 nobis
759 1517 921 1582 omnibus
936 1517 1040 1582 suerit
1059 1517 1134 1580 cius
1156 1517 1350 1596 discessus,
1368 1520 1486 1582 verbis
1504 1517 1597 1596 expli·

388 1641 470 1688 care
485 1641 557 1686 non
573 1641 724 1704 possem,
741 1625 951 1705 praesertim
966 1641 1046 1688 cum
1061 1641 1127 1688 nos
1147 1625 1370 1704 dereliquerit
1390 1624 1494 1690 Patre
1511 1625 1597 1687 orba·

387 1743 454 1810 toS,
468 1749 510 1795 ac
524 1749 593 1795 uon
606 1732 734 1796 minori
745 1732 877 1795 laetitia
887 1729 1004 1794 affecti
1016 1749 1137 1794 sumus
1150 1731 1225 1794 eius
1234 1731 1400 1812 aduentu,
1411 1749 1513 1814 quam
1522 1731 1598 1794 eius·

386 1837 467 1901 dem
482 1838 639 1902 discessu
655 1839 795 1916 tristati,
812 1837 1021 1918 praesertim
1036 1855 1116 1901 cum
1140 1839 1210 1900 iam
1232 1837 1486 1903 arbitraremur
1503 1840 1597 1902 alium

387 1944 527 2008 Patrem
540 1945 783 2008 auidissimum
798 1943 880 2024 (sic)
893 1945 1000 2008 luisse
1013 1945 1170 2024 adeptos.
1181 1941 1416 2008 Nihilominus
1429 1963 1508 2010 cum
1522 1945 1599 2008 haec

386 2052 504 2115 omnia
520 2053 638 2115 diuina
653 2047 835 2115 voluntate
850 2053 1074 2132 proveniant,
1089 2050 1314 2128 extimamuS,
1330 2053 1407 2115 siue
1423 2053 1477 2130 (vt
1492 2052 1598 2115 verius

387 2158 515 2235 dicam)
533 2158 708 2222 credimus
722 2158 790 2221 hoc
806 2158 917 2222 satius
932 2160 1042 2222 multo
1055 2157 1181 2230 luisse,
1198 2163 1305 2236 atque
1319 2160 1435 2237 magis
1450 2159 1601 2223 lusitanis

387 2266 546 2344 collegiis
561 2265 768 2346 expediisse.

447 2371 649 2436 Concursus
664 2373 915 2450 confitentium,
932 2387 1038 2454 atque
1054 2390 1177 2438 eorum
1192 2374 1298 2438 etiam
1315 2374 1375 2455 qui
1389 2389 1528 2436 sacram
1541 2371 1599 2434 Eu-

389 2479 594 2544 charistiam
608 2478 850 2560 frequentant,
868 2481 903 2542 in
918 2480 1010 2556 dieS,
1028 2479 1095 2542 Dei
1109 2481 1294 2558 beneficio,
1314 2489 1499 2560 augentur;
1522 2486 1553 2541 et
1572 2474 1600 2538 id

331 2655 333 2663 ,
389 2598 462 2649 tam
478 2587 514 2649 in
529 2598 651 2650 nostro
667 2587 828 2666 collegio,
845 2603 953 2666 quam
965 2587 1000 2648 in
1013 2585 1091 2650 aliis
1103 2586 1346 2662 xenodochiis,
1359 2605 1430 2650 non
1443 2587 1516 2649 sine
1527 2583 1602 2647 mul·

387 2703 503 2756 tarum
519 2694 716 2757 animarum
732 2695 857 2766 salute;
874 2695 1082 2772 praesertim
1098 2710 1178 2756 cum
1194 2693 1228 2756 in
1243 2693 1461 2756 monasterio
1473 2689 1598 2756 Praedi-

390 2809 551 2862 catorum
567 2809 671 2880 atque
686 2809 808 2862 nostro
824 2799 990 2879 collegio,
1007 2799 1129 2862 diebus
1144 2799 1331 2886 dominicis
1347 2817 1389 2863 ac
1403 2799 1512 2876 festis
1528 2808 1599 2860 tem·

388 2923 474 2986 pore
489 2906 742 2986 pomeridiano,
759 2905 1012 2986 Apostolorum
1027 2905 1226 2970 institutum
1238 2905 1445 2986 profiteatur
1458 2905 1549 2984 (sic),
1561 2901 1600 2964 ad

388 3013 481 3092 quod
497 3013 653 3076 maxima
669 3013 886 3076 audientium
902 3012 1005 3090 copia
1026 3011 1180 3076 confluit.
1197 3011 1356 3092 Quarum
1375 3027 1493 3076 rerum
1511 3012 1602 3074 innu-

389 3135 506 3182 merae
523 3135 565 3182 ac
581 3119 736 3182 infinitae
750 3121 889 3198 gratiae
905 3119 947 3182 ad
962 3117 1115 3199 [Dicam
1132 3136 1250 3183 rerum
1266 3120 1424 3184 omnium
1438 3117 1599 3200 opificem.

388 3225 598 3288 referantur.

450 3330 602 3412 Quidam
628 3331 849 3407 adolesccnS,
870 3330 1077 3394 Praefectus
1096 3331 1236 3410 collegii
1255 3330 1523 3412 Archiepiscopi
1542 3329 1604 3392 Va·

390 3439 523 3515 lentini,
541 3440 601 3519 qui
616 3439 686 3501 iam
702 3439 932 3519 peripatetico
949 3439 1067 3501 cursui
1083 3438 1187 3502 finem
1206 3439 1391 3518 imposuit,
1407 3439 1443 3502 in
1459 3437 1601 3503 Societa-

388 3555 459 3607 tem
475 3544 651 3608 admissus
665 3555 729 3622 est,
746 3545 781 3607 in
796 3545 941 3608 Artibus
953 3544 1156 3608 liberalibus
1167 3544 1338 3622 erudituS,
1353 3556 1459 3626 atque
1473 3541 1604 3626 optimis

388 3649 546 3714 moribus
560 3650 753 3730 praeditus
771 3668 882 3715 annos
898 3661 970 3714 tres
985 3663 1019 3713 et
1035 3651 1162 3731 viginti
1176 3663 1290 3714 natus.
1308 3651 1362 3715 De
1377 3651 1529 3733 quodam
1540 3650 1602 3712 alio

389 3757 585 3835 sacerdote,
602 3758 661 3838 qui
673 3758 709 3820 in
720 3758 941 3822 Lusitaniam
953 3775 991 3821 se
1003 3757 1161 3836 contulit,
1176 3757 1260 3820 nihil
1272 3769 1326 3821 est
1339 3759 1434 3838 quod
1445 3757 1601 3822 scribam.

389 3861 494 3926 Pater
508 3864 672 3927 Lozanus
687 3874 720 3928 et
735 3865 846 3928 frater
860 3864 1050 3928 Marcellus
1070 3865 1113 3927 iis
1127 3864 1299 3943 proximis
1321 3865 1445 3928 diebus
1461 3866 1588 3946 philoso

389 3969 493 4049 phiae
519 3987 660 4034 cursum
685 3971 925 4050 absoluerunt,
953 3989 996 4035 ac
1015 3971 1114 4035 breui
1138 3974 1193 4046 (ut
1213 3971 1376 4050 arbitror)
1397 3969 1602 4052 theologiam

390 4077 654 4156 aggredientur.
672 4075 742 4141 Sed
756 4077 801 4141 de
816 4081 871 4142 his
886 4080 1068 4144 hactenus

449 4181 488 4245 ln
503 4186 702 4262 praeseutia
718 4185 803 4248 nihil
820 4184 913 4249 aliud
928 4203 966 4250 se
987 4185 1105 4264 offert,
1124 4187 1167 4250 de
1182 4203 1252 4266 quo
1267 4186 1344 4249 Tua
1364 4185 1448 4248 P.tas
1462 4197 1600 4248 commo·

389 4289 468 4353 dius
492 4289 553 4352 fiat
578 4292 723 4354 certior:
746 4309 811 4354 nos
836 4303 971 4370 autem,
994 4292 1052 4372 qui
1070 4293 1127 4355 hic
1147 4292 1303 4371 agimuS,
1325 4303 1422 4356 recte
1441 4294 1600 4355 valemus:

390 4397 483 4460 idem
498 4398 542 4460 de
557 4396 634 4462 Tua
648 4397 746 4461 Plau
761 4408 867 4480 atque
888 4400 967 4463 aliis
987 4399 1148 4462 omnibus
1168 4399 1260 4462 scire
1274 4398 1522 4463 desideramus.
1540 4392 1602 4457 No·

388 4514 461 4567 ster
472 4503 509 4567 P.
525 4504 712 4584 Gamerus,
727 4517 895 4588 quantum
908 4516 1035 4587 potest,
1053 4507 1088 4569 in
1099 4505 1299 4586 theologiae
1312 4505 1429 4571 studio
1442 4503 1598 4570 elaborat.

448 4610 621 4676 Dominus
643 4612 756 4676 Tuam
778 4611 1033 4678 Paternitatem
1054 4622 1198 4676 nostrae
1222 4611 1392 4678 Societati
1416 4613 1475 4676 diu
1493 4611 1601 4674 seruet

389 4718 613 4784 incolumem.
632 4720 733 4783 Vale.
