3504 5532
703 527 768 590 Au.
790 529 860 590 1556
1002 531 1008 540 '
1339 525 1393 586 123

228 667 365 742 Verum
379 678 473 754 nolo,
490 676 573 739 dum
588 677 698 739 multa
721 674 876 756 prudens
895 684 1095 756 praetereo,
1118 673 1203 738 illud
1217 672 1392 754 ignorari,

161 784 264 865 quod
281 783 404 848 nescio
430 783 545 863 primo
568 800 613 846 ne
633 783 712 846 loco
734 780 804 846 dici
819 782 1009 846 debuisset.
1025 781 1191 860 Protegis
1202 779 1294 846 filia¹
1311 797 1392 844 cum

164 891 247 954 aliis
261 905 369 971 quam
385 889 544 970 pluribus
556 889 728 952 matronis
739 889 828 952 adeo
838 899 999 952 nostrum
1010 887 1179 969 templum
1190 888 1394 968 frequenter

164 997 387 1077 solliciteque
401 996 500 1060 adire
514 1005 568 1059 est
582 996 699 1074 solita,
716 1007 754 1060 ut
769 1005 911 1076 praeter
934 995 1177 1074 paucissimas,
1201 993 1284 1058 dum
1305 993 1395 1058 Mes·

163 1121 277 1167 sanae
292 1103 369 1181 iuit,
386 1104 518 1166 nullam
534 1103 692 1166 omiserit
707 1103 926 1180 concionem,
940 1119 1069 1182 easque
1079 1102 1223 1164 minime
1233 1101 1392 1164 libenter.

165 1209 239 1274 Nec
256 1227 383 1290 parum
400 1210 510 1273 hocce
525 1210 652 1273 nobilis
666 1209 815 1290 piaeque
830 1219 1014 1272 matronae
1030 1209 1240 1289 exemplum,
1258 1219 1333 1271 tum
1348 1207 1395 1270 ad

162 1317 449 1381 confirmandam
464 1317 533 1379 iam
557 1327 765 1397 conceptam
781 1315 824 1380 de
839 1325 961 1378 nostro
987 1314 1144 1394 Collegio
1167 1314 1395 1377 existimatio-

164 1443 261 1502 nem,
277 1435 353 1488 tum
368 1425 475 1486 etiam
490 1421 534 1487 ad
550 1423 759 1487 excitandos
773 1425 963 1486 multorum
979 1423 1148 1485 nobilium
1168 1422 1213 1486 ad
1228 1423 1396 1502 pietatem

165 1531 308 1596 animos
322 1531 490 1594 momenti
515 1530 647 1594 habuit.
671 1529 806 1593 Eadem
827 1531 904 1610 ipsa
920 1538 1090 1610 quantum
1115 1530 1153 1593 in
1168 1527 1396 1592 concionibus

163 1637 352 1701 audiendis
378 1637 566 1716 profecerit
591 1637 787 1700 declarauit
811 1635 963 1716 quidem,
991 1653 1072 1698 cum
1094 1636 1198 1699 simul
1223 1636 1300 1714 ipsa
1315 1652 1397 1699 cum

164 1755 241 1808 tota
256 1745 395 1808 familia
409 1745 445 1806 in
459 1746 639 1823 templum,
656 1751 805 1823 peccata
819 1743 1026 1806 confessura
1042 1743 1088 1820 (id
1103 1741 1198 1822 quod
1215 1753 1396 1822 nunquam

165 1861 249 1916 ante
273 1852 421 1928 iecerat,
448 1851 517 1914 nisi
531 1863 636 1914 antea
661 1852 753 1914 intra
779 1851 992 1914 domesticos
1014 1849 1179 1930 parietes)
1206 1859 1240 1912 et
1255 1862 1396 1914 sacram

165 1959 453 2022 communionem
467 1966 662 2038 sumptura,
679 1957 843 2020 accurrit.
861 1956 982 2037 Neque
999 1957 1033 2020 id
1047 1958 1156 2020 semel
1167 1965 1315 2033 tantum,
1333 1955 1396 2028 sed
1424 2005 1426 2010 .

164 2065 260 2128 intra
274 2065 385 2128 breue
399 2065 535 2127 dierum
546 2065 699 2144 spatium
714 2064 865 2145 saepius;
883 2063 946 2126 sed
959 2081 1026 2142 age
1040 2063 1242 2143 diligentius
1262 2063 1395 2126 anima·

165 2187 245 2234 rum
262 2173 299 2234 in
314 2170 469 2234 Domino
484 2170 680 2251 proiectum
699 2170 934 2234 attendamus.

227 2278 377 2342 Aestate
392 2279 459 2340 hac
478 2278 669 2357 praeterita
695 2277 801 2358 (quod
825 2278 926 2355 aliaS,
949 2287 988 2341 ut
1012 2295 1155 2358 possum
1182 2277 1396 2354 meminisse,

164 2385 239 2448 iam
251 2384 291 2447 P.
307 2383 407 2448 Tuae
422 2384 632 2464 significaui)
645 2385 760 2466 coepit
775 2383 867 2447 ΚΜ
890 2384 928 2447 Ρ.
949 2385 1189 2464 Hieronymus
1210 2382 1345 2447 Otellus
1360 2384 1397 2448 in

166 2491 257 2554 aede
272 2492 404 2554 Beatae
416 2491 549 2555 Mariae
564 2492 713 2570 singulis
728 2492 923 2572 quibusque
938 2491 1135 2555 Dominicis
1150 2501 1185 2554 et
1205 2490 1307 2554 festis
1326 2489 1396 2553 die·

119 2639 125 2652 ·
166 2600 233 2662 bus
246 2617 292 2662 ex
300 2600 415 2661 sacris
427 2599 662 2662 voluminibus
675 2598 817 2677 aliquod
829 2599 1064 2678 interpretari.
1079 2597 1160 2661 Vna
1174 2598 1282 2676 igitur
1296 2597 1396 2660 Pauli

163 2706 318 2786 epistola
334 2706 507 2785 exposita,
522 2721 713 2784 aggressus
725 2716 778 2768 est
791 2703 961 2784 Decalogi
975 2705 1302 2784 interpretationem
1315 2722 1395 2768 cum

163 2823 266 2876 tanto
291 2813 475 2876 hominum
500 2828 658 2889 numero,
684 2821 722 2874 ut
744 2811 789 2874 ad
814 2829 893 2874 eam
920 2813 1106 2875 lectionem
1131 2829 1202 2874 non
1225 2812 1398 2891 pauciora

165 2936 275 2999 quam
307 2920 460 2999 quinque
491 2919 693 2982 auditorum
724 2918 831 2982 millia
863 2919 1039 2982 confluere
1066 2918 1266 2982 credantur.
1298 2917 1398 2996 Quae

165 3028 287 3104 lecti0,
300 3044 382 3089 cum
394 3025 520 3089 adalia
533 3027 653 3102 multa,
666 3035 741 3088 tum
753 3027 940 3106 praecipue
953 3026 998 3088 ad
1011 3025 1241 3105 extirpandas
1253 3041 1401 3088 sexcen-

163 3143 224 3196 tas
239 3133 518 3213 superstitiones
535 3133 659 3212 quibus
675 3142 751 3195 erat
766 3133 854 3194 haec
869 3133 997 3195 ciuitas
1018 3133 1159 3208 iniecta,
1181 3149 1254 3195 non
1269 3131 1400 3194 medio·

160 3239 277 3302 criter
293 3239 387 3302 utilis
400 3239 477 3317 luit,
492 3256 582 3318 quas
601 3239 734 3302 tamdiu
760 3239 992 3319 impugnauit,
1020 3239 1132 3302 donec
1159 3238 1258 3302 multi
1276 3238 1398 3320 resipi-

162 3363 268 3409 scere
283 3357 486 3426 coeperunt.
505 3345 638 3409 Verum
653 3344 735 3409 dum
753 3346 808 3408 his
824 3347 971 3409 nimium
993 3346 1174 3424 immoror,
1199 3345 1399 3408 detrahitur

162 3453 209 3514 iis
225 3453 436 3516 enarrandis
452 3455 562 3529 locus,
575 3470 666 3533 quae
681 3451 848 3514 momenti
864 3460 946 3514 sunt
958 3454 1068 3515 multo
1080 3451 1220 3533 quidem
1235 3453 1393 3516 maioris.

231 3559 366 3622 Decem
390 3570 472 3623 sunt
497 3560 533 3622 in
557 3561 624 3622 hac
650 3560 736 3622 vrbe
761 3560 965 3638 paroeciae,
989 3560 1026 3622 in
1052 3576 1140 3641 quas
1164 3577 1210 3622 ex
1231 3559 1399 3640 Protegis

162 3667 287 3730 edicto
311 3665 413 3747 pueri
437 3681 575 3744 omneS,
602 3667 767 3746 quisunt
795 3667 887 3729 intra
918 3676 1057 3729 sextum
1088 3675 1122 3728 et
1152 3667 1397 3754 duodecimum

160 3790 302 3836 annum
315 3773 482 3852 (alioquin
496 3769 630 3836 'statuta
644 3789 759 3852 poena
775 3773 932 3852 ipsorum
951 3773 1157 3852 parentibus
1172 3773 1399 3852 mulctandis)

164 3881 385 3944 conueniunt
401 3889 438 3942 ut
452 3879 651 3942 doctrinam
669 3876 802 3942 Christi
829 3896 850 3941 a
875 3879 1161 3960 praelegentibus
1186 3880 1343 3943 audiant.
1360 3879 1399 3943 In

164 3989 318 4050 honesta
343 3987 437 4048 enim
457 4002 649 4066 puerorum
672 3986 892 4050 institutione
918 3996 1029 4050 totam
1057 3985 1284 4067 Reipublicae
1310 3987 1400 4052 bene

160 4093 347 4174 gerendae
362 4109 463 4172 spem
481 4093 709 4156 constitutam
728 4109 806 4156 esse
824 4093 1018 4156 arbitratus
1037 4102 1102 4172 est,
1123 4111 1188 4157 nec
1211 4111 1297 4157 sane
1312 4093 1400 4158 iniu-

164 4202 235 4278 ria,
261 4199 502 4280 pientissimus
526 4199 706 4280 Princeps
733 4199 853 4263 Hocce
879 4209 995 4263 autem
1022 4200 1248 4280 praelegendi
1270 4218 1399 4265 munus

159 4307 224 4372 cui
236 4305 372 4370 Prorex
388 4307 638 4370 committeret?
652 4306 684 4368 ei
698 4306 875 4385 nimirum,
900 4307 957 4370 cui
971 4315 1006 4370 et
1025 4307 1096 4369 alia
1118 4307 1259 4387 pietatis
1275 4325 1398 4389 opera,

159 4417 234 4480 boc
249 4422 316 4491 est,
333 4411 413 4476 R.‘1⁰
432 4411 470 4478 P.
487 4412 693 4493 Praeposito
709 4411 730 4476 ·.
748 4411 836 4476 Rem
850 4429 935 4480 uero
950 4424 1153 4493 susceptam
1167 4414 1198 4476 is
1217 4414 1266 4478 ita
1287 4413 1398 4478 admi·

167 4587 383 4604 μ

203 4691 213 4724 ¹
247 4689 399 4744 Elisabeth,
409 4687 523 4734 Blbonae
535 4687 654 4733 Duclssa.

199 4763 216 4795 ⁸
248 4763 279 4808 Ρ.
289 4761 448 4819 Hieronymo
458 4761 613 4814 Domenecb,
625 4763 729 4808 Siclliae
741 4763 908 4808 Provinclall.
