3368 5528
648 523 712 596 Au.
738 529 808 596 tube
1287 523 1344 596 587

107 691 185 748 tum
200 700 324 748 eornm
339 681 489 750 buccina
503 683 598 752 iubet
612 693 687 750 tota
701 684 789 750 urbe
803 681 940 748 cunctis
952 680 1127 748 nunciati.
1145 677 1282 746 Omnes
1295 679 1341 745 ad

108 791 312 858 doctrinam
331 791 564 857 christianam
588 792 732 868 excitat,
758 800 948 868 conuocat,
976 786 1114 854 inuitat:
1139 804 1287 852 auersos
1304 796 1342 851 et

107 900 334 980 negligentes
349 917 430 966 cum
444 900 537 964 bono
552 917 594 964 ac
610 899 703 965 lideli
716 898 966 962 Gubernatore·
975 895 1129 976 optimus
1141 895 1343 977 Episcopus

109 1008 299 1088 omnisque
312 1008 449 1089 primns
463 1007 550 1074 ordo
566 1006 721 1072 ciuitatis
735 1004 942 1085 quotidiana
959 1011 1070 1070 suaet
1085 1004 1229 1068 assidua
1243 1019 1342 1084 prae·

109 1115 229 1180 sentia
243 1117 299 1179 uel
315 1115 445 1180 inuitos
463 1115 586 1180 allicit.

171 1221 248 1286 Nec
263 1221 385 1301 deluit,
400 1222 534 1288 Christi
548 1223 778 1303 benignitate,
796 1231 916 1286 tantae
931 1219 1170 1302 expectationi
1189 1236 1255 1300 par
1270 1218 1342 1284 exi·

109 1340 181 1396 tus:
198 1332 249 1395 ita
267 1329 362 1394 enim
386 1331 506 1396 cuncti
530 1330 647 1396 Patris
667 1329 909 1422 Emmanuelis
930 1328 1112 1393 contrbnes
1131 1327 1340 1408 probabant,

109 1447 148 1502 ut
162 1436 331 1504 monachi
345 1435 572 1503 Dominicani
585 1438 714 1520 aliique
729 1455 768 1502 se
783 1452 855 1501 non
874 1437 1107 1512 continerent,
1130 1433 1216 1515 qtin
1231 1431 1266 1498 id
1282 1451 1343 1514 pa·

108 1547 456 1626 lamnsseuerarent,
472 1546 509 1610 in
523 1544 701 1611 Societate
714 1546 800 1629 Jesu
819 1561 903 1609 vere
922 1543 1122 1608 doctrinam
1142 1559 1185 1607 ae
1205 1541 1343 1622 sapien·

109 1653 199 1718 tiam
213 1663 247 1717 et
262 1655 336 1719 vim
350 1653 462 1719 diuini
476 1652 628 1735 Spiritus
644 1654 777 1742 uigere.
799 1652 848 1717 At
861 1633 1097 1728 Gubernator,
1115 1648 1211 1714 haud
1227 1650 1341 1730 prima

109 1769 302 1826 contentus
323 1762 618 1842 promulgatione,
639 1770 781 1842 postero
795 1761 852 1826 die
871 1761 954 1824 tuba
969 1773 1093 1823 rursus
1113 1757 1340 1822 concionato-
1451 1761 1456 1768 '

110 1869 161 1932 ris
176 1867 370 1934 aduentum
384 1869 558 1950 euulgari,
573 1868 769 1948 muttum
789 1867 926 1932 ciuibus
941 1881 1065 1930 omnes
1079 1864 1125 1930 ad
1139 1863 1339 1929 doctrinam

109 1975 347 2044 christianam
375 1976 505 2040 liberos
533 1975 618 2040 suos
646 1975 846 2056 imperauit.
879 1955 1077 2038 Methodus·
1094 1988 1202 2050 uero,
1235 1987 1342 2052 qnam

109 2083 298 2149 doctrinae
314 2083 530 2148 christianae
544 2081 652 2148 tradit
666 2065 837 2162 Societas,
859 2095 1075 2160 magnopere
1096 2077 1246 2156 cunctis,
1263 2077 1343 2157 Epi·

108 2207 224 2271 scopo
236 2199 354 2254 autem
364 2198 400 2254 et
413 2189 665 2268 Gubernatori,
676 2189 762 2253 uiris
775 2187 1056 2269 sapientissimis,
1069 2193 1143 2250 tam
1154 2185 1344 2250 uehemen-

109 2307 166 2362 ter
182 2298 328 2379 placuit,
349 2307 387 2361 ut
406 2297 501 2362 illico
522 2299 618 2378 typis
635 2295 798 2361 mandari
817 2305 853 2360 et
872 2296 1060 2360 uniuersae
1080 2308 1166 2357 suae
1186 2291 1342 2357 dioecesi

109 2405 253 2485 copiam
268 2405 343 2468 eius
358 2403 434 2468 fieri
455 2421 498 2468 ac
513 2403 675 2469 distribui
699 2403 884 2468 noluerint.
907 2400 1155 2466 consessiones
1177 2399 1288 2477 initio,
1306 2407 1345 2462 ut

108 2512 320 2577 inusitatum
328 2511 551 2592 quippiamet
559 2508 949 2590 insolitum,irigebant;
961 2509 1068 2573 immo
1077 2508 1273 2574 nouitatem
1284 2503 1349 2570 ad·

109 2619 236 2690 mirati
249 2619 419 2700 plerique,
433 2618 558 2699 quibus
573 2615 762 2684 Societatis
776 2617 825 2697 (ut
840 2617 875 2680 in
897 2616 1086 2680 remotiore
1108 2622 1215 2696 atque
1231 2615 1267 2679 in
1282 2631 1343 2680 ex·

108 2729 236 2792 tremis
250 2724 369 2790 Piceni
384 2724 510 2792 linibus
525 2726 679 2806 seposita
700 2725 855 2804 ciuitate)
877 2724 992 2788 tenuis
1008 2733 1084 2788 erat
1104 2732 1138 2787 et
1153 2739 1265 2804 nuper
1281 2721 1343 2788 ad·

109 2835 258 2899 modum
280 2833 421 2908 notitia,
445 2832 648 2913 rogitabant
672 2833 820 2897 subinde
842 2841 1000 2908 nostros,
1027 2847 1095 2913 quo
1117 2830 1342 2912 importunae

109 2944 195 3008 illae
228 2940 478 3004 confessiones
510 2942 772 3020 concionesque
801 2937 1025 3021 spectarent?
1056 2937 1109 3002 Ea
1137 2939 1283 3020 quippe,
1309 2937 1339 3000 si

109 3047 305 3130 quotannis
319 3048 427 3112 semel
441 3063 506 3128 pro
521 3059 664 3127 recepto
680 3064 777 3111 more
790 3045 885 3124 liant,
902 3045 990 3110 satis
1005 3059 1181 3127 superque
1197 3044 1274 3108 lore
1290 3061 1344 3106 ar·

108 3155 246 3220 bitrati.
262 3153 346 3218 Mox
362 3163 490 3230 autem,
507 3154 637 3217 auditis
651 3153 745 3217 haud
760 3154 809 3218 ita
825 3153 945 3218 multis
961 3152 1198 3230 contionibus,
1216 3169 1258 3216 eo
1274 3162 1344 3216 stu·

109 3263 171 3326 dio
191 3271 228 3326 et
247 3261 440 3343 cupiditate
459 3277 593 3338 eorum,
615 3277 705 3341 ptrue
728 3265 964 3342 respuerant,
983 3268 1157 3335 arserunt,
1178 3260 1227 3324 ita
1242 3260 1345 3324 auide

108 3386 237 3434 omnes
249 3369 439 3448 instabant,
456 3377 494 3433 ut
508 3385 574 3433 nec
590 3369 659 3432 illis
674 3368 787 3433 nostri
802 3368 1009 3432 satisfacere
1026 3373 1190 3448 possent,
1209 3384 1275 3431 nec
1289 3367 1346 3430 his

109 3476 161 3540 illi
176 3474 258 3540 cibo
273 3475 446 3556 capiendo
471 3475 588 3540 locum
613 3476 863 3556 relinquerent.
890 3473 1007 3538 Tanta
1032 3475 1068 3538 ui
1093 3483 1198 3555 atque
1218 3473 1345 3539 ardore

109 3601 178 3648 sna
192 3592 341 3664 peccata
356 3583 617 3664 confitebantur
636 3592 670 3646 et
690 3599 830 3646 sacram
851 3583 1018 3664 synaxim
1037 3581 1289 3662 suscipiebant,
1305 3589 1347 3646 ut

109 3691 226 3771 largis
240 3691 276 3754 in
292 3691 480 3771 propatulo
491 3707 605 3770 genas
615 3707 700 3755 suas
711 3689 907 3771 lachrymis
922 3689 1191 3771 perfunderent:
1212 3697 1248 3753 et
1261 3706 1345 3769 quo·

110 3799 212 3864 niam
226 3797 423 3879 Episcopus
440 3798 494 3862 uir
513 3807 566 3862 est
583 3798 741 3864 eruditus
760 3808 796 3862 et
812 3796 976 3864 doctrina
995 3798 1169 3876 excultus
1190 3796 1346 3878 disputa·

111 3907 220 3970 batur
241 3905 408 3988 quotidie.
434 3904 651 3971 Accersebat
673 3907 872 3988 Episcopus
893 3906 1108 3986 optimarum
1122 3903 1252 3968 artium
1274 3913 1346 3968 stu-

111 4013 184 4092 diis
198 4013 491 4078 instructissimos
504 4029 664 4095 quosque
677 4013 792 4092 viros,
807 4024 882 4078 tum
897 4013 1104 4090 monachos
1122 4022 1196 4076 tum
1212 4013 1345 4076 secula-

110 4137 186 4186 res.
211 4117 356 4202 Semper
380 4125 514 4199 autem,
538 4138 604 4202 pro
623 4139 690 4186 sua
714 4122 915 4200 clementia,
942 4119 1107 4186 Christus
1131 4119 1246 4184 Patri
1263 4119 1345 4186 Em·

109 4225 277 4292 manueli
299 4226 485 4307 foeliciter
519 4229 706 4292 succedere
737 4228 1004 4311 disputationes
1031 4226 1158 4292 uoluit.
1187 4227 1350 4300 Breuita-¹

108 4336 158 4400 tis
189 4349 298 4402 causa
323 4335 427 4400 mitto
453 4345 610 4412 caetera,
643 4337 892 4402 reconciliatas
927 4336 1084 4417 gratias,
1111 4335 1287 4401 excitatos
1312 4344 1347 4399 et

109 4443 319 4509 subleuatos
348 4443 500 4526 spiritali
529 4444 733 4510 adiumento
764 4462 807 4510 ac
837 4445 966 4510 solatio
996 4443 1032 4508 in
1061 4441 1286 4508 xenodoclto
1312 4452 1347 4507 et

110 4567 178 4634 per
204 4550 386 4614 ciuitatem
409 4549 577 4628 infirmos,
605 4551 746 4616 habitas
766 4551 950 4618 contiones
975 4551 1008 4616 in
1037 4550 1126 4628 soro,
1155 4551 1276 4632 pulsos
1303 4565 1347 4612 ac

109 4655 320 4724 deturbatos
334 4673 379 4722 ex
401 4657 516 4726 media
538 4658 656 4738 platea
671 4659 913 4738 circulatores,
940 4667 1045 4739 atque
1073 4657 1143 4724 alia
1171 4656 1205 4727 id
1231 4672 1344 4736 genus

111 4765 237 4830 multa.
