3410 5528
361 522 415 585 316
743 517 916 586 Lmnaaa
935 539 1206 594 Qunnmnasraas

363 673 393 737 si
407 689 521 737 uenne
536 691 557 736 a
572 671 755 738 consessar
769 673 814 737 da
835 673 909 752 noi,
926 673 991 737 che
1012 691 1080 738 con
1103 671 1271 738 difficulta
1289 681 1468 755 poteuano
1488 673 1590 736 ritro-

363 796 428 843 uar
442 788 561 861 tempo
581 779 617 844 di
639 781 839 862 mangiara
863 790 897 845 et
917 781 953 844 di
973 782 1103 844 recitar
1122 783 1144 844 l’
1166 779 1292 844 ufficio.
1314 776 1417 856 Saria
1438 781 1549 859 lungo
1571 797 1592 842 a

363 887 501 952 riserire
515 888 548 951 d'
566 905 635 952 uno
649 888 687 953 in
701 905 772 953 uno
791 889 872 953 tutti
893 890 998 969 quelli
1017 889 1082 952 che
1103 887 1149 952 da
1169 888 1205 965 2,
1227 887 1265 967 3,
1280 885 1315 966 4,
1330 888 1368 967 5,
1384 886 1405 949 6
1420 887 1506 950 anni
1520 887 1591 950 mai

363 997 392 1060 s'
408 1013 517 1061 erano
536 993 739 1060 consessati.
762 995 842 1061 Una
861 1003 961 1060 certa
978 994 1109 1060 semina
1129 1003 1184 1060 tra
1204 1013 1296 1060 noue
1315 993 1397 1058 anni
1421 1007 1493 1058 una
1513 994 1590 1056 sola

362 1104 476 1184 uolta‚
496 1112 690 1167 constretta
709 1103 791 1169 dall’
808 1103 1001 1182 infermita‚
1018 1105 1047 1166 s’
1064 1119 1126 1167 era
1145 1102 1347 1167 confessam
1362 1120 1384 1166 a
1402 1102 1437 1166 lo
1459 1110 1591 1182 quarto

362 1227 473 1290 anno;
489 1211 607 1292 doppo
622 1210 687 1275 che
702 1211 866 1293 ricupero
879 1211 915 1275 la
929 1211 1056 1291 sanita,
1072 1211 1209 1275 ritornn
1224 1212 1258 1274 al
1279 1218 1425 1292 peccato
1445 1207 1541 1273 della
1556 1207 1591 1272 li·

362 1317 480 1383 bidine
495 1334 596 1382 come
610 1318 735 1399 prima:
747 1318 948 1383 finalmente
962 1328 1087 1401 questa
1099 1319 1299 1400 quaresima
1314 1320 1342 1382 ε’
1356 1323 1376 1380 e
1388 1314 1593 1380 confessata

363 1441 430 1491 con
445 1426 554 1491 molto
567 1426 799 1507 pentimento‚
816 1425 953 1502 dolore,
970 1433 1005 1490 et
1018 1425 1165 1491 lacrime
1184 1424 1267 1489 delli
1287 1423 1364 1489 suoi
1383 1423 1543 1505 peccati,
1561 1430 1594 1485 et

363 1542 531 1614 proposto
546 1532 581 1596 di
598 1532 668 1597 mai
681 1532 742 1613 pin
756 1549 778 1596 a
799 1531 905 1612 quelli
926 1525 1113 1596 ritornare.
1134 1532 1201 1597 Vn'
1218 1533 1310 1596 altra
1324 1531 1441 1595 donna
1454 1547 1532 1594 non
1544 1541 1593 1593 at·

362 1640 538 1705 tendendo
553 1647 685 1721 quanto
699 1656 811 1720 graue
826 1649 975 1721 peccato
990 1639 1043 1704 sia
1057 1639 1198 1722 pigliar’
1215 1639 1240 1702 il
1254 1655 1362 1720 corpo
1378 1638 1427 1702 dil
1440 1635 1594 1718 signore

364 1747 647 1828 indcgnamente,
663 1747 853 1812 bruttatasi
868 1749 902 1810 la
922 1746 1132 1812 conscienza
1152 1763 1221 1810 con
1240 1746 1323 1826 ogni
1343 1761 1436 1825 geno
1453 1743 1541 1823 (sic)
1560 1745 1594 1809 di

364 1856 517 1936 peccati,
545 1873 607 1936 per
633 1855 848 1934 uinticinque
868 1854 952 1918 anni
972 1853 1000 1917 s’
1020 1871 1082 1917 era
1108 1853 1368 1918 communicata
1388 1852 1424 1916 in
1442 1861 1595 1933 peccato

363 1963 528 2042 mortale,
545 1964 578 2025 la
593 1963 713 2042 quale,
730 1971 866 2026 mutata
879 1961 1081 2026 finalmente
1096 1977 1197 2024 come
1218 1964 1278 2023 un'
1299 1959 1391 2024 altra
1412 1957 1595 2038 Magdale·

362 2085 429 2148 na,
445 2087 513 2133 con
527 2069 633 2133 morte
647 2068 794 2136 lacrime
807 2067 969 2134 confesso
984 2069 1008 2133 li
1021 2068 1099 2133 suoi
1118 2068 1274 2149 peccati,
1295 2076 1330 2130 et
1350 2067 1490 2160 rasciari
1505 2065 1596 2130 cerri

362 2175 464 2256 segni
479 2175 514 2240 di
529 2193 614 2241 uera
628 2176 827 2257 penitenza,
843 2176 873 2239 si
888 2179 992 2257 parti.

422 2282 517 2362 Vno,
533 2299 596 2363 per
611 2300 681 2347 non
694 2282 893 2364 perdonare
907 2283 933 2347 il
947 2299 1011 2347 suo
1027 2283 1186 2360 inimico,
1204 2282 1249 2347 da
1263 2283 1373 2346 molto
1388 2291 1509 2362 tempo
1525 2297 1596 2346 non

363 2392 391 2454 s'
408 2408 469 2455 era
488 2389 705 2468 confessam,
723 2401 756 2454 et
772 2399 903 2471 quante
919 2391 1011 2454 nolte
1026 2390 1150 2454 diceua
1169 2390 1195 2454 il
1209 2389 1324 2453 Pater
1345 2394 1490 2467 noster,
1505 2405 1596 2452 sem·

362 2513 425 2579 pre
439 2497 597 2561 lasciaua
615 2499 733 2579 quella
754 2506 854 2577 parte
875 2496 984 2576 (sicut
999 2502 1033 2561 et
1048 2511 1114 2560 nos
1133 2502 1227 2576 etc.),·
1241 2495 1476 2561 confessatosi
1496 2494 1596 2560 final·

362 2613 493 2684 mente,
510 2621 691 2685 promesse
706 2621 777 2668 non
792 2605 868 2668 solo
882 2605 998 2684 quello
1014 2603 1227 2684 perdonare.
1247 2619 1306 2666 rna
1326 2615 1455 2685 pregar
1471 2603 1595 2667 etiam·

362 2711 421 2776 dio
436 2727 499 2792 per
513 2711 538 2774 11
552 2710 756 2776 medesinro.
1358 2693 1360 2698 ’

422 2813 491 2881 Vn’
510 2819 612 2898 altro,
625 2818 757 2883 uiolato
769 2818 794 2882 il
805 2824 929 2881 sancto
940 2817 1175 2896 matrimonio,
1194 2833 1255 2898 per
1271 2817 1355 2880 anni
1369 2823 1458 2880 sette
1475 2815 1595 2881 hauea

363 2935 457 2990 stato
471 2925 507 2989 in
521 2935 668 3005 peccato
683 2942 751 2989 con
767 2926 800 2988 la
815 2942 880 2989 sua
896 2934 1061 3004 cognata,
1077 2924 1102 2988 il
1116 2924 1231 3006 quale,
1248 2913 1389 2987 la'sciati
1399 2922 1424 2986 11
1438 2923 1593 3005 peccati,

361 3041 547 3112 essortato,
564 3032 698 3096 ritornn
713 3033 783 3096 alla
797 3048 861 3095 sua
876 3031 1017 3111 moglie.

420 3137 502 3203 Vna
517 3138 635 3203 donna
651 3156 713 3220 per
727 3157 798 3203 non
813 3140 941 3204 basare
963 3141 972 3170 ¹
992 3141 1025 3202 le
1041 3138 1135 3202 mani
1154 3138 1301 3202 matrina
1321 3147 1355 3202 et
1378 3153 1459 3202 scra
1479 3138 1516 3202 al
1535 3156 1596 3220 pa·

361 3245 424 3309 dre
439 3256 473 3309 et
489 3248 558 3309 alla
572 3245 695 3310 madre
717 3246 762 3326 [la
777 3247 861 3328 qual
879 3262 964 3310 cosa
979 3256 1186 3310 costumano
1206 3243 1273 3309 far’
1290 3245 1326 3308 in
1340 3252 1467 3326 questa
1487 3244 1594 3324 isola,

362 3352 398 3415 in
413 3367 524 3432 segno
539 3352 617 3417 dell’
635 3352 767 3418 honore
782 3354 847 3418 che
863 3363 1012 3435 portano
1034 3353 1094 3417 ali
1109 3354 1162 3416 lor
1176 3352 1346 3434 parenti),
1363 3369 1426 3434 per
1440 3352 1530 3416 anni
1543 3352 1597 3417 sei

361 3461 389 3523 s'
414 3465 559 3524 astenne
578 3458 670 3523 dalla
691 3461 931 3538 confessione;
953 3460 988 3524 al
1008 3469 1188 3541 presente,
1209 3459 1391 3546 operando
1417 3460 1452 3523 la
1473 3460 1597 3540 gratia

361 3565 419 3630 del
434 3563 583 3647 Signore
598 3584 661 3648 per
675 3567 700 3630 li
714 3569 827 3632 nostri
842 3567 959 3646 Padri,
976 3567 1003 3630 s’
1019 3573 1038 3631 ὲ
1054 3567 1109 3632 del
1124 3575 1215 3631 tutto
1230 3566 1428 3632 emendata.
1455 3651 1460 3662 Δ

421 3669 490 3737 Vn‘
505 3675 597 3737 altra
612 3673 666 3750 su,
683 3673 717 3737 la
733 3675 836 3755 quale
851 3690 914 3755 per
933 3673 1073 3738 diuerse
1094 3673 1283 3753 medicine,
1300 3690 1338 3736 se
1353 3673 1470 3736 sforzo
1492 3671 1531 3737 di
1546 3673 1596 3738 di·

361 3789 508 3844 sertare:
524 3797 595 3844 non
611 3781 633 3844 li
647 3781 826 3860 giouando
842 3781 967 3861 quelle,
984 3785 1081 3846 tento
1095 3789 1220 3861 questo
1234 3777 1339 3843 modo
1351 3778 1383 3844 d'
1396 3782 1593 3844 ammazar‘

361 3887 385 3950 il
398 3886 616 3951 fanciullino:
632 3889 803 3952 colcatasi
816 3888 900 3966 (sic)
915 3888 952 3952 in
967 3897 1062 3951 terra
1078 3905 1145 3952 con
1160 3887 1184 3950 11
1198 3897 1323 3951 uentre
1334 3902 1438 3952 uerso
1450 3887 1477 3950 il
1487 3887 1593 3966 ciclo,

361 3994 535 4058 comancio
550 3995 595 4058 ad
611 4013 681 4058 una
697 4013 760 4059 sua
775 3999 883 4060 molto
896 3996 1040 4060 robusta
1056 4012 1161 4061 serua
1176 3995 1242 4061 che
1255 3994 1280 4059 li
1295 3995 1454 4060 calcasse
1469 3995 1495 4059 11
1510 4013 1595 4060 uen-

362 4111 416 4166 tre
440 4103 555 4167 insino
579 4103 645 4168 che
670 4121 733 4183 per
758 4104 870 4184 quelle
891 4119 1057 4184 percosse
1083 4103 1223 4167 uenisse
1247 4120 1269 4166 a
1291 4102 1447 4184 compire
1467 4102 1502 4165 la
1531 4119 1597 4168 sua

362 4210 533 4275 crudelta.
549 4207 608 4274 Ma
623 4209 774 4275 uidendo
789 4211 834 4274 lei
848 4211 914 4276 che
926 4219 1050 4290 questo
1061 4210 1156 4275 nulla
1169 4210 1192 4274 li
1203 4209 1372 4290 giouaua,
1386 4207 1595 4291 stupefatta,

362 4333 428 4382 con
443 4318 579 4396 grande
593 4317 698 4382 fretra
716 4333 779 4398 per
794 4317 819 4380 11
833 4317 959 4381 timore
973 4316 1121 4397 grande,
1138 4333 1176 4380 sc
1191 4333 1234 4379 nc
1250 4332 1365 4380 uenne
1387 4316 1457 4380 alla
1471 4315 1597 4381 chiesa

361 4431 483 4489 nostra
509 4433 544 4488 et
568 4441 636 4488 con
660 4421 771 4488 dolor’
799 4433 834 4488 et
863 4423 975 4504 pianti
1000 4423 1186 4488 manifesto
1207 4422 1242 4485 la
1266 4419 1427 4486 crudelta
1449 4438 1536 4504 sua,
1561 4423 1596 4488 la

361 4533 455 4613 qual·
481 4548 593 4596 usaua
613 4548 676 4612 per
699 4531 921 4595 nascondere
948 4531 971 4594 il
997 4547 1061 4593 suo
1078 4529 1294 4610 grauissimo
1320 4538 1486 4610 peccato,
1513 4539 1552 4595 et
1573 4531 1597 4596 il

404 4773 411 4808 ¹
440 4772 491 4830 δίας
501 4773 610 4820 barim
620 4779 647 4822 et
656 4773 789 4826 basa-iare,
798 4773 921 4820 osculari.
