3504 5532
658 525 721 584 Au.
744 525 817 584 1550
937 528 940 560 ²
1303 513 1355 585 lai

117 673 184 736 bus
198 671 256 735 hic
271 671 415 736 uiuendi
429 671 556 735 modus
571 671 725 734 maxime
740 671 909 750 probatur
923 686 1100 751 opereque
1119 669 1347 751 confirmant,

118 797 166 842 ex
180 794 249 858 quo
262 796 336 842 non
349 796 477 860 parum
490 778 716 842 emolumenti
731 777 776 840 ad
791 777 926 857 reliqua
948 777 1162 857 reipublicae
1185 778 1348 842 membra

22 885 23 930 f
119 895 372 966 peruenturum
388 886 613 950 arbitramur,
630 884 780 949 Caetera
794 883 898 948 huius
912 884 1055 963 generis
1069 893 1267 964 praetereo;
1280 901 1347 949 nec

119 1010 400 1057 commemorare
424 977 618 1072 aggredior
641 1008 828 1055 numerum
852 1007 985 1070 eorum,
1012 991 1072 1071 qui
1096 989 1261 1054 Patribus
1286 1009 1351 1055 no·

118 1101 206 1164 stris
220 1099 447 1177 confitentur;
466 1117 546 1162 cum
561 1098 705 1162 enimin
720 1098 795 1161 dies
811 1106 962 1177 crescat,
978 1097 1047 1161 Dei
1068 1097 1251 1177 beneficio,
1273 1115 1352 1162 cer-

117 1219 178 1270 tus
192 1223 361 1271 numerus
375 1206 553 1286 assignari
567 1224 639 1269 non
654 1214 779 1286 potest.
797 1204 874 1268 Hoc
894 1215 1013 1268 tamen
1038 1203 1249 1268 confirmare
1270 1221 1351 1286 pos-

22 1295 23 1344 i
117 1331 214 1394 sum,
240 1315 276 1377 in
299 1313 418 1377 Natali
442 1313 498 1376 die
521 1311 668 1376 Domini
693 1312 865 1375 ducentos
889 1311 1061 1390 homines
1088 1313 1277 1392 pluresque
1302 1311 1339 1375 in

119 1421 252 1484 Beatae
266 1419 428 1500 Virginis
442 1419 691 1484 Purificatione
705 1420 741 1482 in
755 1418 919 1496 ecclesia,
936 1419 972 1481 in
992 1435 1062 1500 qua
1081 1419 1196 1482 nostri
1216 1418 1341 1482 Patres

22 1525 23 1530 ’
115 1527 311 1604 celebrant,
327 1537 592 1590 sacramentum
608 1527 616 1557 ¹
632 1527 839 1606 sumpsisse.

178 1633 221 1696 R.
237 1633 344 1697 Pater
358 1633 422 1697 Dr.
439 1633 571 1696 Loarte
586 1630 601 1668 ³
621 1633 874 1712 interpretatur
894 1632 1130 1711 Evangelium
1151 1631 1233 1695 Diui
1255 1631 1353 1696 Mat·

115 1741 215 1803 thaei
239 1741 276 1802 in
301 1742 432 1820 templo
457 1739 591 1803 maiori
613 1737 625 1770 ³
649 1739 753 1802 huius
772 1738 879 1818 urbis,
907 1749 1065 1818 tempore
1090 1739 1350 1820 pomeridiano,

118 1847 276 1909 maximo
299 1864 380 1909 cum
399 1847 585 1926 applausu,
610 1847 742 1925 vixque
762 1845 832 1908 dici
852 1855 969 1924 potest
988 1855 1139 1926 quantos
1166 1847 1202 1909 in
1223 1846 1352 1910 italica

116 1955 241 2032 lingua
257 1953 380 2016 iecerit
396 1969 608 2032 progressus
621 1969 719 2015 exeo
731 1962 899 2032 tempore,
914 1970 984 2032 quo
996 1952 1054 2014 hic
1066 1953 1160 2032 apud
1172 1969 1237 2015 nos
1249 1969 1351 2017 com·

116 2070 289 2138 moratur,
307 2060 397 2122 adeo
418 2068 457 2122 ut
475 2060 581 2122 liceat
600 2057 702 2122 nobis
721 2056 937 2137 attgurart‘⁴
957 2059 1056 2122 breui
1079 2076 1183 2139 posse
1205 2059 1343 2139 publice

116 2166 338 2243 concionari,
355 2183 570 2246 quamquam
585 2166 621 2228 id
635 2166 741 2228 etiam
755 2181 849 2228 nunc
864 2163 1008 2228 efficiat:
1026 2183 1109 2228 nam
1123 2166 1173 2228 ita
1187 2167 1286 2245 legit,
1306 2178 1346 2231 ut

117 2273 223 2336 lectio
238 2273 381 2336 nomine
394 2282 533 2336 tantum
547 2291 569 2336 a
584 2272 755 2337 concione
771 2271 911 2335 diflerre
926 2271 1108 2350 uideatur;
1125 2273 1218 2335 inea
1237 2274 1348 2354 siqui·

114 2379 199 2442 dem
221 2380 308 2443 uitia
330 2381 461 2443 acriter
481 2381 688 2454 insectatur,
711 2379 747 2442 in
765 2380 1017 2456 foeneratores,
1040 2380 1100 2460 qui
1119 2381 1260 2460 plurimi
1284 2380 1343 2444 hic

115 2495 211 2565 sunt,
233 2488 465 2550 'uehementer
487 2485 682 2564 inuehitur,
709 2483 755 2548 ad
780 2503 919 2548 morum
948 2486 1098 2566 denique
1127 2486 1339 2566 probitatem

112 2593 239 2655 omnia
254 2589 266 2622 ⁵
281 2593 414 2672 dirigit.

174 2699 275 2762 Idem
297 2700 470 2763 hactenus
493 2697 615 2777 legit⁰
640 2697 839 2762 doctrinam
864 2697 1106 2777 christianam,
1129 2701 1166 2763 in
1192 2703 1342 2782 collegio

116 2817 253 2884 nostro,
269 2807 504 2885 scholasticis²
520 2805 643 2869 diebus
658 2805 817 2868 veneris:
833 2805 938 2868 modo
953 2815 1082 2886 tamen,
1097 2810 1347 2874 nonnullorum

114 2914 250 2976 ciuium
274 2923 415 2990 rogatu,
439 2913 594 2992 incoepit
617 2912 778 2975 eamdem
804 2912 1029 2992 interpretari
1055 2913 1090 2975 in
1116 2913 1203 2976 aede
1228 2913 1344 2980 Diuae

115 3017 265 3097 Mariae,
281 3035 373 3099 quae
389 3018 484 3082 haud
498 3019 657 3098 procula
678 3017 828 3096 collegio
851 3025 972 3081 nostro
994 3019 1114 3097 distat,
1139 3031 1177 3083 ut
1198 3022 1250 3084 sic
1271 3040 1349 3086 non

113 3129 234 3189 solum
248 3126 556 3204 scholasticorum,
571 3142 695 3189 uerum
711 3125 818 3188 etiam
832 3126 998 3204 omnium,
1015 3127 1076 3206 qui
1091 3128 1263 3192 interesse
1283 3147 1349 3193 uo·

114 3235 259 3311 luerint,
275 3233 382 3295 saluti
397 3235 614 3296 consulatur.

174 3339 215 3402 Ρ.
231 3340 389 3422 Joannes
404 3339 414 3370 ²
431 3350 560 3403 octauo
574 3356 713 3420 quoque
734 3339 790 3402 die
813 3340 1044 3403 concionatur
1065 3341 1101 3404 in
1120 3342 1344 3409 xenodochio

111 3447 282 3525 quodam,
298 3445 334 3508 in
350 3463 419 3525 quo
431 3446 538 3509 etiam
550 3463 571 3507 a
583 3445 714 3508 nostris
725 3444 894 3509 fratribus
904 3445 1105 3526 frequentes
1116 3447 1203 3512 fiunt
1215 3451 1349 3514 cohor-

113 3555 281 3631 tationes
298 3553 358 3632 qui
373 3553 497 3616 diebus
511 3551 710 3630 dominicis
727 3552 810 3615 dum
824 3561 966 3630 uacant,
982 3553 1064 3616 illuc
1086 3571 1124 3618 se
1145 3556 1346 3635 conferunt,

112 3660 335 3723 consolaturi
349 3675 526 3740 pauperes
540 3659 629 3736 illos,
645 3659 706 3738 qui
721 3659 875 3721 maxima
891 3657 1089 3724 afficiuntur
1101 3662 1247 3742 laetitia,
1262 3665 1346 3728 dum

114 3777 257 3846 ternpus
272 3764 575 3846 aegritudinisque
594 3765 764 3843 dolorem,
785 3774 987 3829 nostrorum
1009 3766 1159 3831 fratrum
1180 3770 1346 3849 spiritali·

113 3873 179 3934 bus
194 3872 383 3951 colloquiis
396 3871 533 3934 fallunt.

151 4115 161 4146 ¹
191 4112 377 4156 eucharistiae
386 4119 587 4156 sacramentum.
598 4112 740 4157 Potnucus.

148 4185 161 4216 ¹
190 4185 222 4228 P.
233 4185 337 4240 Gaspar
348 4183 455 4229 Loarte.
524 4222 527 4228 .

148 4257 160 4287 ¹
189 4257 216 4299 in
228 4267 334 4299 sumrno
344 4259 449 4312 templo.
461 4257 604 4302 Pounucus.

148 4329 161 4360 ⁴
188 4327 332 4371 conticere.
343 4326 382 4371 Io.
455 4378 459 4392 ι

148 4399 160 4430 ³
189 4409 294 4442 omnes.
305 4399 344 4443 lo.

148 4469 161 4502 ὓ
188 4471 349 4525 explicante
361 4469 400 4513 lo.

147 4543 158 4575 ‘¹
187 4542 276 4586 Fuere
286 4543 335 4585 hoc
345 4553 413 4585 anno
423 4541 569 4587 Gennnnl'
577 4543 688 4596 Joanncs
700 4545 820 4600 Baptista
831 4548 909 4592 Vtola
924 4549 989 4593 etP
1005 4549 1115 4600 Joannes
1136 4551 1278 4608 Catulanus
1282 4554 1341 4610 ,qui

111 4616 189 4658 etiam
201 4614 371 4658 castellanus
385 4614 530 4658 dicebatur.
545 4614 634 4660 Sermo
647 4624 734 4661 autem
744 4618 785 4661 hic
796 4630 852 4662 esse
869 4620 972 4665 videtur
982 4623 1012 4671 de
1029 4623 1081 4674 illo;
1098 4623 1138 4667 hic
1154 4625 1222 4668 enim
1242 4624 1348 4695 litterae

112 4687 178 4731 domi
189 4687 311 4737 docebat;
321 4687 365 4728 ille
376 4684 485 4740 Collegii
495 4688 707 4741 superintendens
717 4697 774 4734 erat
785 4699 811 4733 et
822 4693 952 4770 consuetis
967 4688 1106 4768 Societatls
1124 4696 1275 4741 ministeriis
1288 4709 1349 4752 ope·

115 4770 168 4801 ram
179 4759 273 4800 dabat.

262 4845 298 4903 T.
323 4866 365 4905 tv.
1189 4878 1206 4932 9
