3410 5528
656 1215 817 1302 DXIII

180 1557 213 1619 P.
224 1559 407 1622 Ursmarus
421 1559 619 1622 Goissontus

212 1658 301 1720 Patri
314 1657 443 1736 ignatio
457 1657 499 1718 de
515 1657 657 1733 Lnynla.

245 1757 368 1833 Praga,
379 1755 414 1818 21
426 1757 507 1834 Mali
516 1757 587 1820 1556
600 1757 621 1816 ¹.

654 2040 660 2057 Ι
682 1963 782 2048 Jhus.

181 2181 255 2248 Pax
269 2179 327 2246 X.¹
422 2199 440 2213 ·

183 2288 270 2354 Cum
285 2305 411 2370 nuper,
426 2287 503 2353 Rae
523 2288 560 2352 in
576 2287 640 2352 X.⁰
653 2286 770 2369 Pater,
787 2305 840 2366 ea,
858 2305 949 2370 quae
971 2290 1006 2353 in
1022 2291 1203 2371 superiore
1218 2292 1344 2356 itinere

128 2395 168 2460 V.
180 2394 223 2484 R.
233 2395 272 2461 P.
285 2396 511 2477 contigerunt
521 2395 546 2475 ¹,
559 2396 775 2478 scripserim,
789 2397 915 2461 eadem
927 2414 1000 2462 non
1010 2395 1102 2461 duco
1114 2399 1304 2479 repetenda
1319 2397 1341 2462 ³.

127 2501 254 2568 Verum
267 2505 459 2585 sequentis,
475 2519 497 2566 a
511 2501 652 2568 Vienna
671 2504 708 2568 in
727 2502 907 2582 Pragham
924 2521 1050 2585 usque,
1072 2504 1208 2568 itineris
1228 2515 1342 2585 gesta,

127 2625 282 2692 quaeque
294 2622 420 2692 postea
434 2609 505 2674 sint
519 2608 659 2690 Pragae
671 2609 780 2690 iacta,
797 2611 911 2676 obiter
926 2611 1040 2692 potius
1052 2612 1301 2693 perstringam.

180 2715 327 2784 Decimo
342 2726 443 2782 sexto
458 2716 514 2782 die
528 2715 663 2798 Aprilis
677 2716 744 2780 iter
758 2733 866 2781 curru
887 2717 923 2782 in
943 2716 1097 2798 Pragam
1116 2719 1343 2798 arripuimus,

127 2840 191 2904 qno
211 2840 277 2890 sex
296 2824 420 2888 diebus
441 2823 614 2903 coniecto,
637 2840 771 2902 omnes,
793 2825 870 2887 laus
892 2823 969 2888 Deo
991 2835 1026 2888 et
1048 2824 1200 2889 Domino
1222 2834 1345 2890 nostro

126 2929 203 3012 Jasu
213 2931 290 3011 X.⁰,
302 2932 381 2996 sani
392 2929 518 2996 eodem
528 2931 761 3012 applicuimus
772 2930 821 2995 XI
834 2930 982 2995 Kalend.
996 2931 1092 3010 Maii;
1106 2932 1200 3013 quod
1212 2943 1343 3008 tamen,

127 3053 191 3102 non
205 3040 339 3122 absque
353 3038 473 3120 aliqua
488 3037 692 3104 difficultate
712 3039 861 3114 tactum,
883 3039 973 3102 sciat
993 3037 1036 3103 R.
1058 3037 1142 3103 pas
1163 3037 1252 3103 Tua.
1273 3039 1346 3104 Ali·

126 3146 261 3228 quando
282 3147 465 3212 intimare
485 3155 520 3210 et
539 3147 719 3210 anxietate
735 3145 940 3221 (humanum
961 3146 1054 3222 dico)
1075 3146 1248 3227 quaedam
1267 3148 1345 3212 loca

126 3254 359 3334 transiuimus,
376 3253 561 3334 dequibus
580 3254 685 3334 paulo
707 3263 789 3317 ante
811 3252 995 3316 dicebatur
1014 3253 1117 3317 nobis
1136 3254 1293 3318 latrones
1312 3265 1346 3318 et

125 3360 319 3426 assassinos
334 3363 385 3437 (ut
399 3360 556 3439 uocant,)
570 3359 729 3438 latitare,
752 3359 812 3441 qul
831 3360 994 3423 homines
1016 3359 1098 3423 illac
1122 3369 1346 3426 transeuntes

124 3470 324 3549 spoliarent.
345 3467 447 3548 Quod
465 3484 552 3532 sane
571 3483 695 3531 uerum
713 3465 823 3530 tuisse
842 3466 947 3530 facile
967 3467 1196 3547 adnectimus5
1214 3485 1294 3532 cum
1310 3469 1345 3533 in

125 3575 321 3642 huiusmodi
334 3573 488 3655 syluosis
501 3573 581 3653 ulia,
597 3589 688 3653 quae
703 3574 788 3637 olim
802 3573 968 3637 Hersinia
984 3575 1084 3654 sylua
1098 3573 1304 3660 dicebantur
1320 3572 1345 3654 ⁴,

160 3852 169 3886 ¹
196 3839 1347 3910 Archetypae.lnvoLQuadrim'estrium1553·54,aexlollianum-280.-1niiatantum
1420 3857 1425 3872 ⁸

124 3931 251 3979 postrema
260 3925 350 3978 urba,
362 3922 463 3968 Datum
476 3922 607 3976 stuzae...
617 3921 774 3972 Gorssontus.
782 3931 841 3966 aunt
855 3933 932 3966 manu
947 3922 1027 3977 ipsius
1043 3921 1130 3966 Patris
1145 3922 1347 3969 Galacum-lias

124 3996 225 4042 itatem
240 3997 351 4042 inmane
365 3995 521 4052 respiciebat
535 3994 564 4038 P.
579 3992 711 4044 Caninius.
728 3993 788 4038 dum
804 3994 836 4038 ad
852 3993 982 4048 lanattun
999 3994 1114 4038 scribens
1132 3995 1180 4038 tn·
1194 3993 1253 4050 Maii
1271 3995 1346 4049 nutus

124 4071 180 4115 mni
189 4067 251 4122 1⁵5⁶,
261 4068 392 4119 videlicet.
407 4067 545 4123 quatriduo
559 4067 631 4122 priua
645 4076 722 4121 quant
739 4063 889 4110 Golasonlna
904 4066 952 4110 bas
968 4066 1071 4110 litteras
1086 4067 1346 4118 subscribentium

123 4141 217 4195 ajebat:
228 4139 289 4185 *Del
300 4147 371 4184 reato
380 4139 499 4184 scrivere
509 4137 688 4182 dillnaarnente
697 4138 715 4181 il
723 4135 754 4181 R.
763 4135 926 4190 P.Rettore.„
937 4137 1003 4181 Vide
1013 4137 1224 4184 Raauusanacna.
1232 4135 1256 4180 B
1272 4139 1347 4182 Petri

124 4211 232 4262 Caninii,
241 4211 267 4256 S.
277 4211 315 4268 J..
323 4210 457 4266 epistulae
468 4213 494 4254 et
504 4213 574 4263 acta,
585 4215 604 4254 t.
615 4220 633 4262 ι,
643 4220 704 4265 pag.
714 4207 762 4254 ⁶2⁰.

158 4283 170 4317 Ι
195 4283 248 4339 Sie3
258 4295 350 4328 veram
360 4283 422 4327 nulli
433 4283 536 4327 dubium
546 4293 603 4326 esee
613 4287 699 4337 potest
710 4281 780 4336 quin,
790 4291 839 4335 quo
849 4281 978 4324 sententia
989 4282 1060 4324 clare
1071 4281 1176 4335 liqueat,
1188 4292 1348 4337 praeponen·

123 4357 152 4401 da
162 4357 194 4402 alt
206 4366 258 4400 vox
267 4356 444 4408 contigerunt,
456 4355 562 4398 uuclbna
577 4353 605 4398 V.
616 4353 649 4398 R.
663 4353 693 4398 P.

158 4429 169 4462 ⁸
195 4428 323 4474 Litteras.
333 4427 425 4481 qulbus
436 4425 586 4470 Gnissouiua
602 4425 731 4470 rationem
742 4423 838 4469 Sancto
848 4423 951 4479 ignatio
966 4425 1091 4468 reddebat
1107 4435 1203 4473 eorum.
1219 4425 1344 4480 quaesibi

122 4503 244 4558 mellaque
254 4502 283 4544 tn
293 4499 434 4553 superiore
445 4499 542 4542 itinere
553 4496 634 4542 Roma
646 4497 773 4542 Viennam
784 4509 863 4551 usqne
879 4499 1056 4550 contigerunt,
1071 4497 1187 4550 reperire
1200 4507 1250 4540 nen
1263 4499 1346 4542 valui-

122 4584 181 4618 ιιι.
196 4572 329 4626 Quaedam
345 4578 432 4615 tamen
447 4569 479 4613 ad
498 4570 570 4614 illam
587 4569 688 4614 itineris
701 4576 802 4624 partem
819 4569 965 4624 spectantia
981 4568 1109 4612 habentur
1119 4568 1187 4624 apud
1203 4567 1348 4614 Oauauntnt

124 4643 189 4688 Hiar.
202 4646 257 4688 soc.
268 4643 336 4698 Jas..
345 4649 413 4698 part.
424 4642 493 4696 alib.
502 4651 557 4692 xva.
569 4652 611 4685 nn.
624 4641 648 4684 t9
657 4648 684 4684 et
694 4640 731 4684 20.

159 4717 171 4750 δ
195 4715 352 4772 ’Hercynia
363 4715 438 4771 sylva
449 4713 613 4766 Germaniae¹
625 4714 693 4758 alias
703 4711 862 4767 amplissima
872 4711 928 4764 init,
939 4721 1004 4755 nunc
1019 4720 1105 4755 autent
1120 4713 1201 4756 mutto
1215 4712 1346 4766 angustio·

124 4785 368 4841 ribuareatrlngltur
376 4786 507 4838 limitibus.
518 4793 544 4829 ct
555 4783 704 4830 Bobeniam
715 4784 845 4839 propriam
854 4782 1008 4827 circumdat.
1020 4781 1085 4826 ilinc
1096 4781 1171 4825 bodie
1181 4793 1198 4826 a
1206 4781 1347 4838 'thuringia
