3368 5528
355 488 410 548 544
741 489 912 551 men
931 505 1203 560 onnnmsrnns
1319 499 1326 511 ·

356 637 460 714 quale
485 652 547 699 era
574 637 670 702 assai
687 637 836 718 grande,
858 654 917 702 ma
937 638 997 701 noi
1016 637 1153 702 secemo
1173 636 1238 700 che
1260 651 1482 712 cessasseno,
1502 632 1577 696 acio

356 742 424 806 che
438 760 486 807 un
500 743 628 823 giorno
644 754 742 809 tanto
756 755 860 809 santo
874 763 946 808 non
960 745 1218 810 imbratasseno
1233 743 1275 808 de
1290 743 1414 824 parole
1433 740 1578 822 sporche

357 860 392 914 et
407 849 584 914 immonde
599 867 700 916 come
716 854 792 916 loro
807 853 982 932 sogiiono.

418 957 500 1021 Vna
518 969 616 1022 certa
631 959 761 1039 donna,
776 961 812 1024 la
826 961 930 1041 quale
945 963 1005 1024 un'
1021 960 1159 1026 soldato
1170 970 1295 1025 tenena
1306 975 1370 1040 per
1385 957 1577 1023 concubina

357 1066 403 1130 dn
417 1076 472 1128 tre
487 1065 582 1140 anni.
599 1083 637 1129 se
651 1065 727 1146 fugi
740 1067 777 1130 in
798 1078 924 1148 questa
947 1069 1045 1148 citto,
1066 1067 1246 1134 facendosi
1271 1083 1422 1132 comune
1447 1082 1470 1128 a
1490 1063 1577 1138 tutti;

358 1171 520 1236 uenendo
536 1172 572 1236 di
586 1173 645 1252 poi
660 1173 683 1236 il
698 1172 835 1238 soldato
850 1192 913 1256 per
928 1177 1127 1240 remenarla
1143 1193 1164 1241 0
1178 1191 1240 1256 per
1254 1175 1448 1253 amazonia,
1461 1187 1578 1253 procu·

358 1279 511 1342 rassimo
537 1279 603 1342 che
623 1279 861 1345 ritornassero
880 1284 918 1347 in
938 1283 1069 1364 gratia,
1086 1291 1120 1347 et
1133 1283 1198 1348 che
1217 1283 1247 1346 si
1268 1279 1527 1345 confessassino
1548 1287 1580 1340 et

360 1386 601 1466 maritassero,
618 1387 642 1449 11
657 1387 722 1451 che
736 1405 800 1469 per
810 1391 929 1468 gratia
944 1390 987 1455 de
999 1389 1109 1471 Iddio,
1122 1407 1227 1454 senza
1241 1405 1345 1471 spese
1356 1389 1486 1452 alcuna
1497 1387 1579 1460 loro,

359 1491 396 1556 su
412 1492 511 1556 fatto.

421 1599 499 1663 Doe
515 1601 661 1680 uergine
677 1601 795 1668 hanno
809 1603 1005 1670 deliberato
1024 1605 1068 1670 de
1087 1603 1310 1670 consecrarsi
1331 1621 1352 1666 a
1375 1602 1526 1680 Christo,
1546 1607 1579 1662 et

361 1709 468 1772 molte
483 1709 572 1770 altre
591 1707 615 1770 11
634 1708 826 1774 medesimo
846 1710 997 1790 fanano,
1019 1729 1057 1777 se
1072 1729 1141 1776 non
1160 1711 1302 1776 sosseno
1323 1710 1409 1775 dalli
1429 1711 1503 1774 loro
1523 1723 1580 1789 pa·

361 1815 454 1878 renti
469 1813 645 1895 impedite,
661 1815 694 1879 le
709 1817 813 1894 quate
828 1817 860 1880 le
875 1819 1025 1884 noriano
1040 1819 1220 1899 maritare,
1236 1817 1373 1882 benche
1387 1825 1510 1880 contra
1521 1813 1579 1878 lor’

362 1921 493 2002 uoglia.

421 2027 461 2091 L’
479 2028 587 2092 odore
605 2025 641 2090 di
655 2042 781 2110 questo
803 2032 955 2112 collegio
974 2035 1005 2099 si
1026 2039 1046 2098 e
1064 2049 1189 2114 sparso
1209 2033 1276 2097 alle
1299 2032 1386 2095 cittt
1404 2030 1527 2108 nieme,
1548 2025 1581 2089 di

363 2132 468 2198 modo
483 2133 548 2196 che
562 2133 586 2196 li
601 2133 764 2202 cittadini
778 2137 813 2201 di
827 2137 962 2220 Xacca,
980 2150 1076 2204 terra
1090 2140 1156 2204 che
1171 2141 1200 2204 si
1220 2142 1289 2220 puo
1310 2147 1460 2203 mettere
1479 2145 1532 2200 tra
1552 2135 1582 2196 le

364 2241 424 2320 pin
445 2239 562 2303 nobile
580 2238 616 2302 di
635 2239 767 2323 Sicilia,
788 2261 946 2326 pensano
965 2246 1001 2310 di
1020 2247 1095 2312 sare
1117 2247 1176 2312 un'
1196 2245 1346 2326 collegio
1359 2255 1402 2310 et
1416 2245 1451 2308 di
1464 2251 1581 2324 questo

364 2362 433 2410 con
448 2345 507 2410 noi
521 2364 565 2410 ne
579 2347 699 2414 hanno
714 2352 915 2432 ragionnto.

425 2450 528 2516 Altro
544 2470 614 2517 non
628 2455 708 2521 dico
725 2475 763 2522 se
779 2439 850 2524 non
865 2461 920 2524 ch'
939 2461 973 2525 io
985 2460 1161 2525 domando
1182 2459 1409 2542 perdonanza
1428 2456 1485 2521 del
1503 2465 1580 2519 tem·
1664 2479 1665 2484 ¹

365 2575 410 2640 po
430 2563 506 2624 cosi
523 2561 638 2640 pocho
659 2563 841 2630 utilmente
866 2576 1021 2648 passato,
1045 2567 1225 2632 conciosia
1250 2566 1316 2631 che
1337 2567 1371 2629 io
1390 2565 1526 2629 doueua
1549 2561 1581 2623 in

366 2675 488 2746 questo
504 2675 622 2748 tempo
634 2669 690 2734 del
702 2683 834 2738 metere
845 2674 921 2738 fare
934 2675 1072 2754 magior
1083 2691 1198 2740 messe
1212 2674 1406 2755 spirituale
1422 2671 1497 2753 pur’
1511 2684 1581 2750 pro·

367 2777 493 2837 curato
508 2791 572 2854 per
587 2777 618 2838 el
638 2787 756 2859 tempo
771 2781 816 2845 da
831 2781 964 2860 uenire,
986 2782 1043 2846 cio
1057 2781 1123 2845 che
1142 2782 1257 2846 insino
1277 2799 1298 2844 a
1320 2780 1381 2860 qui
1401 2781 1429 2842 s’
1453 2783 1473 2842 e
1494 2791 1581 2840 man·

369 2888 461 2958 cato,
478 2879 521 2942 de
536 2880 682 2963 reiarlo;
699 2894 733 2948 et
748 2887 848 2951 accio
861 2887 937 2951 fare
956 2890 990 2952 lo
1012 2888 1180 2968 potiamo,
1202 2887 1429 2951 humilmente
1448 2885 1582 2949 doman-

369 2985 486 3048 dittmo
501 2987 524 3048 l'
540 2987 636 3053 aiuto
650 2990 740 3054 delle
756 2994 908 3058 orationi
923 2995 966 3058 de
983 2994 1027 3058 V.
1040 2993 1082 3058 11.
1098 2992 1135 3057 Ρ.
1153 3003 1187 3058 et
1202 2994 1246 3057 de
1259 2993 1341 3058 tutti
1356 2993 1379 3056 li
1394 2991 1476 3056 altri
1488 2985 1581 3071 padri

369 3101 402 3154 et
417 3091 545 3156 fratelli
560 3095 626 3158 che
642 3097 691 3162 iui
705 3099 742 3164 in
758 3099 870 3166 Roma
890 3111 1028 3166 stanno.
1549 3087 1558 3106 ⁸

428 3197 475 3264 Di
489 3200 637 3284 Biuona,
654 3223 675 3270 a
690 3205 726 3270 di
740 3206 760 3270 3
775 3209 818 3273 de
832 3207 965 3274 Otobre
983 3207 1070 3274 1556.

429 3304 495 3370 Per
510 3311 721 3377 comissione
735 3312 793 3378 del
805 3325 928 3381 nostro
942 3314 1056 3380 Padre
1071 3314 1227 3381 Rettore.

529 3413 575 3478 Di
590 3416 634 3482 V.
653 3418 694 3484 R.
712 3420 750 3484 P.
768 3423 792 3485 11
806 3424 951 3488 minimo
966 3423 1048 3488 delli
1062 3422 1186 3504 figlioli
1201 3423 1326 3487 nostri.

1055 3636 1244 3702 Tuomsso
1265 3635 1430 3700 Ronnno.

432 3953 698 4039 superscriptio
711 3959 750 4024 in
772 3967 904 4042 quarta
918 3961 1079 4042 pagina:
1099 3960 1144 4024 Al
1164 3960 1273 4023 molto
1295 3957 1373 4022 11(ιο
1394 3959 1431 4022 in
1452 3956 1583 4022 Christo

372 4057 485 4125 Padre
499 4061 523 4126 il
538 4061 652 4128 Padre
667 4065 733 4129 ΜΡ
746 4067 879 4151 Jacobo
895 4069 1047 4149 LayneS‚
1064 4067 1253 4132 substituto
1266 4065 1358 4130 della
1373 4063 1583 4147 Compngnia
1662 4115 1663 4178 Ξ

372 4165 407 4229 di
421 4167 536 4249 JesuS,
552 4170 589 4234 in
604 4170 729 4238 Roma.
1662 4179 1663 4182 ¹

433 4273 516 4339 Alia
531 4293 660 4344 manu:
676 4281 764 4346 1556.
781 4283 928 4349 Biuona.
948 4282 1214 4364 Quadrimestre
1233 4279 1253 4343 3
1273 4280 1304 4345 d’
1327 4279 1485 4346 Ottobre.
1508 4277 1549 4342 11.
1569 4293 1585 4338 a

376 4380 412 4443 13
426 4381 462 4446 di
476 4382 585 4450 Xbre.
852 4397 857 4408 ·
