3472 5528
385 454 438 514 att
769 455 940 515 errsaas
959 469 1229 526 ounoannrsrmts

384 601 536 681 tingunt,
553 603 821 683 perscriberem,
844 604 912 666 nisi
928 604 986 665 illa
1009 603 1045 665 in
1064 603 1226 665 omnibus
1245 599 1432 664 Societatis
1451 600 1615 664 domibus

385 717 419 772 et
436 711 596 789 collegiis
610 710 808 790 frequentia
825 720 858 774 et
873 711 956 774 trita
971 710 1139 773 viderem.

444 815 621 880 Literaria
637 817 753 882 studia
769 835 840 881 non
855 818 980 881 minori
997 835 1083 881 cura
1099 827 1133 881 et
1148 817 1321 880 industria
1337 834 1442 897 quarn
1458 833 1615 880 commo·

386 923 495 986 ditate
509 926 743 989 celebrantur.
761 925 945 1006 Theologi,
969 925 1145 1018 dialectici
1161 918 1198 987 et¹
1217 924 1448 988 humanitatis
1462 920 1616 988 st‘udiosi
1729 909 1730 992 ¹

386 1048 511 1094 omnes
531 1032 719 1096 exercendi
740 1034 896 1096 rationes
918 1033 1059 1112 habent,
1081 1050 1171 1113 quae
1191 1031 1236 1094 ad
1254 1032 1506 1112 proficiendum
1531 1041 1616 1095 sunt
1729 1101 1730 1110 ,

386 1139 621 1202 necessariae.
639 1138 728 1203 Sunt
748 1141 888 1205 circiter
910 1139 960 1216 30,
983 1157 1131 1226 quorum
1154 1140 1265 1217 multi,
1283 1150 1355 1203 tam
1376 1157 1420 1204 ex
1439 1139 1618 1218 theologis
1729 1117 1730 1168 ¹

388 1263 494 1325 quam
514 1264 558 1308 ex
574 1248 735 1324 caeteris,
752 1247 884 1327 optimo
900 1256 981 1310 sunt
996 1247 1146 1326 praediti
1161 1248 1314 1326 ingenio
1333 1246 1405 1330 Qui
1416 1247 1517 1310 nobis
1532 1263 1617 1326 ope·
1729 1239 1730 1258 ¹

388 1371 465 1416 ram
477 1353 562 1416 dant
577 1363 651 1417 tam
666 1353 815 1416 feliciter
829 1353 980 1432 discunt,
997 1365 1035 1417 ut
1052 1355 1198 1417 multum
1213 1355 1352 1434 gratiae
1364 1363 1398 1418 et
1408 1353 1521 1416 laudis
1538 1353 1620 1417 Deo

389 1461 544 1523 omnium
556 1478 673 1524 rerum
686 1462 823 1524 auctori
835 1461 1014 1524 debeatur.
1029 1460 1130 1540 Quod
1142 1462 1235 1524 enim
1248 1479 1325 1525 sese
1334 1462 1435 1524 nobis
1445 1461 1544 1524 initio
1555 1461 1621 1524 dif-

388 1567 478 1631 ficile
493 1577 527 1631 et
549 1569 658 1631 veluti
672 1566 936 1631 formidandum
958 1569 1093 1644 obtulit,
1116 1567 1151 1631 id
1172 1569 1296 1632 melius
1317 1568 1488 1632 successit
1509 1584 1622 1648 quam

389 1685 508 1756 petere
523 1676 743 1740 auderemus,
769 1675 859 1738 Nam
878 1676 991 1738 nostri
1013 1676 1175 1755 magistri
1195 1685 1379 1756 tantopere
1401 1677 1435 1738 in
1455 1675 1621 1738 docendo

389 1786 541 1864 placent,
558 1793 762 1862 tantumque
777 1783 822 1846 ad
837 1784 962 1847 altiora
976 1769 1209 1848 scholasticos
1224 1785 1259 1848 in
1273 1785 1348 1847 dies
1360 1784 1473 1864 magis
1488 1801 1530 1847 ac
1544 1802 1620 1846 ma-

389 1893 445 1972 gis
459 1901 679 1972 promouent,
693 1903 730 1955 ut
745 1901 779 1955 et
791 1893 949 1973 priorum
961 1893 1145 1956 doctorum
1158 1893 1423 1968 oblibiscantur,
1440 1901 1475 1954 et
1490 1891 1623 1955 iisdem

390 2008 595 2080 praesentes
612 2000 792 2079 praeferre
807 2000 971 2063 audeant.
989 1999 1201 2080 Discipulos
1222 2017 1372 2080 quorum
1385 2000 1623 2079 petulantiam

390 2116 424 2170 et
437 2107 616 2170 licentiam
631 2107 851 2184 timebamus
870 2108 1077 2172 offendimus
1089 2107 1193 2170 valde
1205 2115 1362 2187 pacatos,
1380 2107 1483 2170 mites
1499 2117 1533 2170 et
1544 2123 1624 2170 ma·

390 2214 510 2294 gistris
526 2215 714 2278 subiectos.
734 2215 856 2295 Itaque
880 2217 997 2278 multis
1019 2214 1318 2292 confessionibus,
1340 2230 1505 2293 quarum,
1527 2231 1626 2294 quae

390 2322 504 2385 serius
519 2321 616 2400 fiunt,
634 2321 740 2385 finitis
756 2323 904 2401 singulis
920 2323 1097 2386 mensibus
1113 2321 1210 2398 frunt,
1228 2331 1261 2385 et
1277 2321 1518 2396 concionibus
1536 2331 1626 2385 sunt
1691 2331 1695 2337 “

390 2431 488 2494 lenes
503 2437 538 2492 et
553 2429 697 2492 nimium
710 2430 845 2492 mutati.
861 2429 963 2508 Quod
978 2431 1007 2492 si
1023 2429 1150 2516 aliquis
1162 2429 1290 2508 dignus
1302 2429 1478 2491 inuenitur
1491 2446 1624 2509 poena,

390 2539 421 2601 is
437 2537 782 2599 animaduersionem
798 2537 912 2618 quiete
924 2547 958 2599 et
974 2537 1110 2617 placide
1128 2537 1262 2615 recipit.
1278 2537 1339 2598 Est
1353 2536 1503 2616 denique
1516 2535 1627 2600 huius

390 2644 531 2723 collegii
552 2652 650 2708 tanta
673 2645 840 2721 mutatio,
865 2653 903 2706 vt
926 2645 1080 2707 maxima
1101 2643 1180 2706 inde
1201 2641 1276 2705 Deo
1301 2642 1442 2724 Optimo
1463 2642 1626 2707 Maximo

390 2751 504 2830 gloria
520 2751 716 2830 proveniat.
743 2750 996 2830 Praeceptores
1018 2751 1210 2827 doctrinas
1228 2768 1316 2831 quas
1332 2749 1454 2813 diebus
1475 2752 1627 2814 veneris

391 2867 515 2936 agunt,
542 2865 816 2938 prosequuntur,
843 2876 886 2920 ex
914 2858 1038 2936 quibus
1065 2857 1210 2920 multum
1240 2857 1402 2920 utilitatis
1427 2858 1625 2937 colligitur,

391 2964 557 3044 quoniam
574 2964 714 3027 iurandi
729 2966 904 3048 scelerata
920 2964 1138 3026 consuetudo
1154 2965 1189 3026 in
1206 2964 1280 3026 dies
1296 2964 1442 3026 deletur:
1457 2964 1559 3028 cuius
1570 2968 1627 3029 rei

391 3069 467 3133 veri
483 3079 564 3132 sunt
585 3079 693 3132 testes
717 3071 890 3148 magistri,
914 3072 972 3150 qui
995 3070 1171 3134 affirmant
1194 3087 1351 3134 mensem
1373 3069 1526 3149 effluere,
1553 3091 1628 3152 quo
1729 3153 1730 3170 ἵ

391 3179 508 3240 nullus
524 3177 567 3238 ob
584 3177 618 3240 id
634 3179 812 3256 puniatur,
830 3177 923 3257 quod
936 3178 1095 3257 profecto
1112 3195 1183 3240 non
1196 3195 1240 3239 ex
1255 3195 1297 3240 eo
1309 3177 1467 3240 nascitur
1479 3178 1575 3259 quod
1587 3195 1631 3242 se
1729 3173 1730 3258 l

391 3301 461 3347 non
476 3283 629 3347 inuicem
650 3297 818 3348 accusent
841 3284 888 3364 (id
903 3284 1007 3361 enim,
1025 3295 1060 3346 ut
1077 3295 1192 3362 antea,
1210 3285 1260 3348 sic
1276 3293 1311 3347 et
1325 3303 1418 3348 nunc
1434 3285 1628 3365 diligenter

392 3391 547 3470 faciunt),
564 3392 626 3454 sed
641 3391 733 3471 quod
750 3392 868 3454 diuina
884 3391 1127 3455 misericordia
1143 3402 1176 3454 et
1189 3392 1405 3470 benignitate
1421 3393 1529 3472 impia
1541 3411 1630 3458 con-

392 3499 541 3562 suetudo
554 3499 683 3561 sensim
701 3500 882 3561 euellatur.
899 3499 1071 3561 Modestia
1087 3499 1193 3562 etiam
1208 3507 1242 3561 et
1257 3500 1293 3561 in
1309 3499 1437 3579 templo
1452 3509 1486 3562 et
1502 3499 1538 3562 in
1555 3501 1630 3564 uiis
1729 3479 1730 3502 ¹

392 3594 527 3670 tantum
544 3606 711 3684 cernitur,
729 3615 767 3670 ut
781 3605 885 3668 facile
906 3605 1019 3668 nostri
1040 3605 1244 3669 scholastici
1259 3607 1302 3668 ab
1325 3607 1413 3685 aliis,
1431 3606 1490 3686 qui
1511 3607 1631 3672 literis
1729 3663 1730 3678 .

393 3714 429 3776 in
444 3714 555 3776 altera
572 3713 766 3776 Academia
783 3712 936 3791 student,
954 3713 1226 3791 distinguantur.
1243 3713 1374 3776 Eorum
1387 3713 1499 3793 multi,
1517 3724 1552 3778 et
1564 3733 1632 3778 no·
1729 3775 1730 3796 ,

392 3821 492 3898 bileS,
515 3829 549 3883 et
569 3837 657 3900 quos
679 3820 870 3898 magistros
890 3820 926 3883 in
946 3815 1081 3882 ar'tibus
1102 3822 1290 3900 appellant,
1313 3819 1516 3898 praeferunt
1532 3839 1630 3902 quae
1729 3895 1730 3908 χ

394 3929 502 4007 uulgo
518 3929 654 3991 rosaria
670 3927 845 4004 dicuntur,
863 3937 896 3990 et
912 3928 948 3990 in
964 3929 1105 4006 templo,
1123 3929 1239 4008 quiete
1260 3939 1293 3992 et
1309 3940 1347 3990 vt
1367 3929 1480 4007 decet,
1497 3945 1631 4008 preces
1729 3913 1730 3992 l

395 4035 471 4098 Deo
487 4035 666 4098 adhibent.

455 4141 609 4221 Singulis
625 4143 804 4206 mensibus
819 4144 938 4206 cuncti
952 4153 1098 4222 peccata
1114 4143 1323 4206 confitentur
1335 4153 1381 4222 et,
1395 4143 1512 4224 quoad
1527 4145 1629 4224 licet,
1729 4127 1730 4154 ¹

397 4251 636 4332 unusquisque
646 4258 743 4313 certo
756 4259 790 4314 et
801 4250 986 4330 designato
999 4251 1188 4326 sacerdoti,
1203 4267 1351 4330 quorum
1364 4250 1462 4314 multi
1475 4251 1633 4316 decimo·
1729 4329 1730 4344 χ

397 4357 519 4436 quinto
541 4374 680 4437 quoque
703 4358 770 4435 die,
795 4359 864 4432 alii,
887 4359 945 4438 qui
968 4376 1005 4420 se
1028 4359 1271 4422 vehementius
1293 4358 1397 4422 rebus
1419 4358 1551 4422 diuinis
1573 4359 1636 4424 dc·
1729 4345 1730 4372 ¹

397 4465 494 4542 dunt,
511 4473 639 4526 octauo
655 4465 772 4542 etiam,
789 4475 823 4526 et
839 4466 1100 4528 sanctissimum
1124 4465 1253 4529 Christi
1270 4482 1399 4544 corpus
1415 4464 1632 4546 suscipiunt,

398 4571 468 4651 qui,
496 4588 575 4634 cum
601 4589 687 4652 prae
713 4572 863 4634 caeteris
889 4571 1035 4636 floreant
1061 4573 1261 4652 virtutibuS,
1289 4573 1325 4635 in
1351 4573 1460 4636 literis
1486 4589 1634 4656 quoque

398 4676 562 4743 eminent.
