3436 5526
671 471 734 530 An.
757 471 827 530 1556
1306 473 1360 534 615

119 625 266 682 tensem
280 629 315 682 et
329 616 473 682 Petrum
487 616 734 682 Coloniensem
751 615 772 696 ¹,
788 625 826 682 ut
838 616 862 680 ll
873 617 1167 699 praeceptoribus
1179 621 1312 684 nostris
1324 593 1360 683 in
1376 607 1377 610 '

119 721 405 790 Humaniorlbus
433 724 560 788 studiis
584 734 618 788 et
644 723 851 788 Rhetorices
875 723 1095 804 professione
1120 726 1252 789 auxillo
1280 743 1359 789 esse

119 827 276 912 possint.
293 829 387 895 Nulli
399 832 492 896 enim
505 831 561 894 hic
574 830 619 894 ad
630 831 818 894 lectionem
828 831 935 894 ullam
947 831 1180 896 admittuntur
1191 832 1226 895 ln
1239 833 1358 896 huius·

119 937 266 1002 cemodi
281 936 458 1018 CollegiiS,
476 939 622 1019 quinon
636 937 734 1018 prius
749 937 946 1017 magisterii
966 938 1121 1016 gradum
1147 941 1357 1004 conscende·

118 1043 218 1110 runt.
242 1043 333 1110 Sunt
352 1043 496 1126 insuper
518 1045 578 1108 alii
599 1044 667 1109 duo
690 1046 836 1108 iuuenes
857 1043 1066 1123 Lotharlngi
1088 1046 1242 1109 maxime
1268 1047 1355 1126 spel,

118 1153 181 1234 qul
203 1152 277 1216 hoc
297 1169 416 1216 mense
436 1153 471 1216 in
494 1150 706 1216 Societatem
727 1161 808 1215 sunt
830 1151 986 1230 admissi,
1004 1169 1127 1216 uerum
1143 1155 1203 1232 qui
1223 1155 1266 1216 ob
1290 1155 1357 1216 ioci

116 1260 224 1324 istius
239 1260 426 1341 angustias
440 1259 597 1324 nondum
611 1259 647 1322 ln
661 1257 768 1322 aedes
783 1268 924 1322 nostras
940 1259 1168 1338 recipluntur.
1195 1259 1354 1325 Adduxit

116 1376 310 1448 praeterea
325 1385 370 1431 ex
389 1365 505 1446 patria
520 1383 585 1430 sua
601 1363 807 1430 Henricus'
829 1382 937 1429 unum
956 1363 968 1395 ⁸
987 1367 1216 1444 cognatulum
1237 1385 1353 1445 suum,

116 1490 274 1554 puerum
293 1473 463 1561 optimum
484 1482 518 1536 et
536 1473 715 1537 sincerum
735 1473 895 1552 omnino,
919 1481 1077 1537 staturae
1097 1471 1263 1538 Rumoldi
1284 1475 1355 1539 Me·

116 1579 339 1644 chliniensis.
361 1577 495 1643 Nobilis
517 1589 635 1643 autem
654 1579 722 1658 ille,
744 1580 787 1643 de
810 1596 880 1660 quo
904 1581 1145 1661 superioribus
1171 1581 1281 1645 literis
1307 1583 1353 1647 ad

116 1686 158 1752 R.
193 1687 241 1750 V.
269 1687 503 1767 perscriptum
528 1687 671 1751 memini
695 1683 718 1763 ⁴,
746 1685 860 1750 studia
886 1686 1044 1750 literaria
1069 1704 1262 1767 aggressus
1287 1700 1351 1766 est,

115 1811 211 1876 quae
227 1793 262 1857 el
275 1809 339 1874 pro
355 1793 447 1857 uotis
461 1804 556 1857 recte
571 1793 776 1870 succedunt,
793 1801 827 1856 et
843 1793 878 1856 in
898 1793 1094 1858 humilitate
1115 1804 1251 1858 tantum
1272 1813 1351 1876 pro·

114 1901 243 1979 mouit,
262 1909 299 1964 ut
313 1901 475 1965 uideatur
490 1901 567 1982 ipsa
582 1900 777 1964 humilitas.
1019 1885 1022 1894 ’

175 2007 394 2072 Franciscus
408 2007 630 2087 HemeruluS,
646 2008 682 2090 ln
697 2009 851 2089 patriam
868 2009 1057 2089 proiectus
1075 2027 1132 2073 res
1152 2027 1236 2074 suas
1257 2028 1350 2075 aom-

113 2115 219 2196 ponit
235 2114 282 2178 ob
297 2113 418 2178 fratris
433 2115 486 2179 sul
501 2113 635 2178 obitum
649 2113 672 2194 ⁸,
690 2115 748 2196 qui
763 2116 796 2179 ei
810 2116 981 2179 hactenus
996 2117 1031 2178 ln
1047 2117 1114 2179 illis
1129 2117 1280 2195 obstitit,
1294 2107 1351 2180 ¹re·

112 2239 302 2304 uersurus
317 2223 368 2285 uti
383 2239 580 2302 speramuS,
596 2231 678 2285 ante
692 2222 783 2286 iesta
798 2221 976 2286 Natalitla.

171 2330 255 2410 Ego
271 2346 410 2410 quoque
426 2328 480 2392 his
494 2327 617 2392 diebus
632 2344 677 2392 ex
691 2329 806 2409 patria
822 2329 911 2392 redii
926 2327 948 2408 ⁰,
966 2330 1010 2392 ad
1026 2348 1145 2411 quam,
1163 2339 1199 2393 ut
1223 2349 1347 2412 paren·

111 2445 187 2502 tum
203 2452 365 2501 meorum
381 2435 517 2499 animos
533 2437 724 2516 placarem,
741 2419 762 2498 a
777 2433 818 2498 R.
836 2435 873 2500 P.
891 2435 1077 2500 Leonardo
1093 2437 1222 2500 missus
1237 2437 1288 2500 sui
1311 2439 1347 2502 ln

109 2561 181 2625 qua
197 2560 273 2607 non
288 2559 403 2623 pauca
417 2541 592 2606 Dominus
607 2542 830 2622 operabatur.
847 2541 938 2605 Nam
958 2553 1032 2606 tota
1053 2543 1184 2606 familia
1206 2555 1342 2638 nostra,

110 2650 197 2714 mihi
213 2648 390 2728 consessa,
406 2649 599 2714 maximam
613 2648 707 2712 ultae
722 2649 892 2728 pristinae
907 2650 1187 2714 emendationem
1203 2647 1345 2730 pollice·

109 2758 230 2835 batur,
248 2766 282 2820 et
297 2757 445 2837 singulis
466 2755 644 2821 mensibus
665 2757 939 2820 communicare.
961 2757 1075 2820 Mater
1097 2775 1175 2820 mea
1195 2758 1345 2838 singuiis

109 2864 301 2930 dominicis
316 2864 438 2946 diebus
460 2873 539 2945 post
559 2863 750 2928 aduentum
769 2881 883 2927 meum
904 2865 1165 2928 communicare
1180 2866 1343 2944 instituit,

109 2973 224 3037 etalii
240 2971 338 3036 multi
353 2971 513 3036 similiter
528 2970 640 3036 ultam
654 2979 792 3034 mutare
811 2971 1007 3035 instituunt.

168 3079 273 3144 Haec
292 3089 386 3168 sunt,
407 3075 448 3142 R.
470 3077 591 3156 Pater,
612 3093 703 3158 quae
724 3077 767 3140 de
788 3077 857 3140 hoc
876 3095 996 3141 mense
1015 3079 1201 3143 scribenda
1223 3098 1343 3145 occur-

146 3359 155 3392 Ι
186 3357 343 3403 “Henrlcum
359 3357 500 3403 Somalium
517 3364 543 3402 et
559 3357 662 3412 saepius
677 3358 836 3402 nominatum
857 3357 961 3401 Petrum
976 3357 1192 3412 Hauptum.,1o.,
1211 3360 1283 3410 thid,
1300 3371 1343 3404 an·

108 3437 166 3538 ηοξ.
175 3431 332 3547 ³“Henricus
342 3503 482 3560 Dionysius
492 3505 533 3556 (ex
543 3503 791 3557 Noviomago>.,1o.‚
801 3503 876 3556 iaia..
886 3508 973 3547 annot.
981 3504 1003 3545 i.

144 3577 157 3610 ⁸
186 3575 238 3621 Ubi
249 3575 429 3630 autographae
440 3575 537 3620 habent
547 3586 642 3627 unam,
651 3587 684 3619 ex
694 3575 845 3630 apographo
855 3573 994 3630 exscripsit
1007 3574 1120 3624 ilan'sas,
1132 3579 1232 3620 noster.

145 3649 158 3682 ⁴
186 3647 229 3692 “ln
240 3646 472 3702 quadrimesrrihua
482 3649 587 3700 litteris,
598 3659 707 3702 quarum
721 3647 798 3702 lnira,
809 3659 833 3690 n.
845 3647 891 3700 189,
905 3647 1072 3700 meminimus,
1087 3648 1183 3690 dicitur
1198 3649 1240 3692 hic
1257 3642 1339 3692 d'orni·
1425 3640 1428 3646 ’

106 3729 159 3763 aas
168 3719 204 3764 de
214 3719 350 3773 Hammon
365 3720 526 3774 (dannatum
544 3719 613 3764 illud
623 3721 707 3762 situm
720 3722 760 3764 esi
771 3724 857 3774 prope
867 3718 1062 3770 Noviomagum
1074 3719 1104 3773 in¹
1115 3719 1244 3763 Gueldria
1254 3719 1339 3777 [liem-

104 3791 220 3846 menlli..
228 3789 343 3846 nausea,
353 3794 374 3837 1.
387 3803 418 3843 c..
430 3799 517 3836 annot.
527 3791 549 3844 5,
560 3792 684 3836 lectorem
691 3791 828 3836 remittens
837 3790 870 3835 ad
884 3789 1007 3845 paginam
1021 3790 1069 3845 182,
1080 3791 1123 3834 lin.
1135 3791 1155 3840 6,
1167 3791 1209 3834 ubi
1226 3791 1289 3834 hacc
1304 3794 1338 3835 lo-

104 3871 212 3918 cuntur:
222 3862 360 3908 “Libenter
370 3863 545 3918 intelligemus
555 3874 588 3907 an
591 3893 631 3907 .....
644 3863 678 3906 sit
687 3863 713 3908 in
724 3863 855 3908 societate
866 3869 892 3906 et
902 3863 954 3912 ille,
963 3863 994 3905 de
1006 3873 1055 3917 quo
1063 3863 1168 3916 scripsit
1177 3874 1209 3905 m.
1217 3862 1337 3916 Joanncs.

103 3935 172 3990 quod
183 3935 209 3978 in
219 3934 355 3986 exercitlls
365 3935 531 3988 versabatur,
541 3935 675 3980 cuiusdam
685 3935 734 3979 loci
745 3945 824 3990 prope
833 3933 1021 3988 Noviomagum
1032 3934 1170 3982 dominus..

144 4007 157 4038 ⁵
186 4007 265 4062 “Agit
276 4006 307 4051 de
321 4007 370 4051 hoc
385 4006 520 4062 Polancna
532 4007 761 4052 exrommissiona
777 4007 865 4051 Patris
879 4006 984 4062 Lnynez
999 4005 1135 4050 Generalis
1151 4005 1260 4056 Vlcarii,
1274 4006 1336 4049 scri-

104 4081 168 4122 bens
179 4077 276 4124 litteris
287 4077 385 4123 Romae
396 4079 445 4124 25.¹
454 4077 608 4123 Novembris
618 4078 695 4132 huius
705 4079 766 4123 anni
776 4079 845 4123 datis
857 4077 888 4122 ad
900 4077 1074 4130 Hemerolnm,
1085 4078 1184 4133 quihus,
1195 4078 1264 4120 inter·
1272 4077 1334 4128 aila,

102 4149 202 4194 dieitur
211 4150 278 4204 quod
290 4149 395 4206 Laynez
404 4158 559 4198 conventum
577 4151 842 4206 SanctaeGertrudla
860 4149 1036 4194 Colonienscm
1045 4149 1204 4214 (monialium
1216 4149 1244 4194 0.
1258 4147 1283 4190 S.
1296 4149 1336 4198 1).)

103 4219 268 4278 'participem
279 4221 342 4266 iacit
353 4223 463 4266 omnium
474 4224 599 4267 honorum
607 4221 782 4278 spiritualium
794 4221 934 4267 societatis
943 4229 1083 4266 nostrae...
1095 4219 1157 4265 Tria
1166 4209 1249 4275 grana
1261 4211 1335 4264 lene-

102 4293 174 4338 dleta
183 4293 230 4338 tibi
241 4293 322 4338 mittit
333 4300 409 4349 pater
420 4294 542 4347 vicarius.
552 4295 672 4350 quamvis
687 4295 753 4340 satis
767 4296 847 4338 simus
863 4293 992 4340 exhausti.
1005 4293 1046 4337 his
1060 4293 1215 4346 praesertim
1226 4305 1290 4348 quac
1302 4294 1333 4336 ad

101 4365 206 4410 aalma
217 4364 394 4411 defunctorum
402 4367 529 4412 iuvandas
537 4367 705 4422 peculiariter
715 4367 859 4419 conferunt,
870 4377 902 4410 ex
913 4365 1005 4421 quibua
1019 4375 1096 4409 unum
1111 4365 1232 4412 mittitur.
1243 4373 1268 4408 et
1284 4366 1333 4408 duo

101 4449 132 4480 ex
143 4439 330 4492 communibus,
342 4449 408 4494 quae
417 4443 504 4483 tamen
513 4440 569 4493 ipsa
577 4450 699 4493 magnam
709 4439 763 4482 vim
770 4439 867 4483 hahent
878 4439 909 4482 ad
920 4439 1021 4482 animas
1031 4436 1238 4488 iuvandas'(v1n.
1249 4437 1332 4488 10198,

102 4508 193 4564 otim).
205 4508 357 4555 Hemerolus
367 4511 443 4556 domo
452 4523 498 4556 aua
510 4509 643 4555 Coloniam
653 4511 730 4555 rediit
744 4511 791 4554 ib·
801 4510 888 4554 Martii
901 4509 1072 4564 1557;accepir
1085 4515 1173 4552 autem
1183 4521 1214 4552 ex
1226 4521 1287 4552 suae
1298 4509 1332 4551 ia·

101 4580 192 4626 millae
202 4581 275 4626 honis
285 4583 452 4638 septuaginta
467 4593 605 4627 aureorum
616 4582 741 4638 (Gnidon)
752 4592 863 4626 annuum
878 4582 998 4626 reditum.
1007 4591 1072 4636 quae
1088 4580 1282 4623 Coloniensrbus
1294 4579 1332 4632 Je-

102 4651 180 4698 sultia
189 4663 236 4708 per
245 4651 478 4700 carthusianorum
488 4653 605 4699 Priorem
616 4654 784 4699 solvebantur
794 4655 839 4706 (rs,
850 4653 894 4698 iol.
906 4653 952 4706 118,
962 4652 1066 4708 Οτίς.).,,
1076 4651 1121 4702 io„
1132 4653 1204 4704 ibid,
1214 4660 1301 4696 annot.
1309 4653 1329 4694 6.

140 4721 154 4756 ⁸
181 4723 370 4772 lieehliniensls
380 4725 472 4772 Coater
482 4733 549 4772 erat.
