3504 5532
371 573 423 632 116
752 569 923 631 erranae
941 587 1213 640 onnontuasraas

431 717 697 798 Superscrtpttb
722 716 760 780 t'n
785 723 917 798 quarta
937 717 1099 797 pagrita:
1120 715 1145 796 †
1170 716 1217 780 Al
1240 717 1351 780 molto
1373 716 1450 780 ΚΑ·
1472 719 1508 781 in
1530 717 1598 782 X.⁰

372 825 486 888 Padre
499 824 523 887 il
536 823 651 887 Padre
666 821 713 886 Μ.
729 824 868 904 ignatio
884 823 927 887 de
942 823 1091 904 Loyola,
1106 821 1291 904 Preposito
1309 821 1488 888 Generale
1503 823 1596 888 deun

371 931 513 1012 Comp.⁸
528 931 561 993 di
577 931 673 1012 Jesu.

429 1037 514 1101 Atia
527 1054 656 1100 manu:
672 1037 760 1101 1556.
776 1037 941 1102 Ferrara.
959 1037 1221 1116 Quadrimestri
1234 1036 1272 1100 di
1285 1036 1305 1098 7
1319 1037 1355 1102 di
1368 1037 1531 1102 Febrttio.

514 1571 707 1617 &taedentes
717 1571 848 1616 Ambroeli
863 1571 982 1616 Pullielni
990 1571 1096 1616 litterae
1106 1573 1188 1618 lutino
1197 1581 1315 1620 nme
1323 1571 1440 1616 donatae

812 1657 838 1696 et
847 1652 962 1696 nonnihil
972 1658 1113 1698 exornatae
1125 1653 1143 1696 Ι.

931 1842 1021 1978 Jb†us

421 2107 498 2173 Pax
526 2109 669 2173 Domini
697 2111 809 2174 nostri
837 2109 920 2191 Jesu
953 2109 1085 2174 Christi
1114 2109 1160 2172 sit
1189 2125 1329 2189 semper
1357 2109 1394 2172 iu
1424 2109 1591 2173 cordiins

368 2218 509 2280 nostris
523 2216 649 2280 Amen.

423 2323 582 2387 Peractis
605 2332 755 2403 quatuor
780 2323 975 2396 mensibuS‚
1002 2340 1119 2387 meum
1139 2341 1218 2387 esse
1240 2323 1446 2402 uidebatur,
1472 2323 1529 2386 cui
1553 2322 1591 2386 id

363 2431 520 2494 muneris
535 2430 580 2494 ab
598 2428 797 2493 obedientia
823 2430 1025 2509 impositum
1048 2430 1177 2508 suerat,
1193 2429 1238 2494 de
1264 2431 1370 2494 rebus
1396 2447 1488 2510 quae
1508 2439 1591 2493 acta

361 2545 443 2601 sunt
456 2537 498 2600 R.
515 2536 554 2600 P.
570 2535 610 2600 T.
631 2536 859 2600 renunciare:
874 2537 980 2616 quod,
1007 2555 1051 2600 ne
1076 2538 1120 2600 ab
1135 2537 1250 2601 officio
1269 2537 1463 2614 discedam,
1479 2537 1590 2600 habes

362 2661 454 2724 quae
473 2643 665 2722 contigere.

423 2750 614 2830 Accepisti,
630 2761 668 2813 ut
683 2752 819 2830 opinor,
847 2750 988 2830 quantis
1007 2750 1044 2812 in
1069 2749 1182 2813 turbis
1207 2751 1307 2814 hisce
1333 2751 1457 2814 diebus
1473 2753 1588 2815 nostri

362 2856 577 2922 Mutinenses
603 2865 849 2936 uersarentur,
875 2873 947 2919 non
968 2858 1061 2919 clam
1085 2855 1191 2920 modo
1218 2857 1350 2920 inuidis
1377 2858 1587 2938 quibusdam

359 2963 487 3043 ubique
501 2963 660 3026 locorum
673 2961 872 3026 maledictis
885 2962 1080 3042 dilacerati,
1101 2963 1164 3026 sed
1183 2964 1302 3044 palam
1321 2980 1460 3044 quoque
1479 2981 1587 3044 super

361 3069 641 3133 aedificationem
669 3070 753 3132 noui
789 3068 957 3148 Collegii,
992 3069 1125 3133 indicta
1159 3071 1220 3134 lite
1256 3087 1329 3133 non
1362 3069 1587 3135 mediocriter

358 3176 564 3256 tabeel-num
583 3175 606 3255 ¹3
623 3193 714 3257 quae
729 3193 809 3239 cum
824 3176 873 3238 ita
888 3193 926 3239 se
944 3176 1131 3254 haberent,
1153 3175 1258 3240 finem
1279 3177 1336 3256 (ne
1356 3177 1474 3241 dicam
1493 3178 1586 3257 prin·

359 3283 500 3363 cipium,
518 3283 575 3346 cui
594 3300 633 3345 se
647 3282 817 3346 audacter
832 3281 1022 3346 admodum
1040 3300 1236 3364 opposuere
1259 3284 1430 3362 uniuersi,
1451 3295 1486 3348 et
1500 3301 1587 3349 non·

359 3389 447 3453 nihil
461 3389 567 3453 etiam
581 3389 775 3468 proiecere)
801 3389 933 3453 nostris
956 3389 1215 3453 ennoimatibus
1242 3387 1253 3422 ³
1279 3391 1414 3455 nullum
1435 3390 1510 3455 sore
1524 3409 1587 3472 pu·

358 3497 505 3561 tandum
519 3503 608 3559 erat:
623 3495 658 3560 id
673 3505 792 3560 autem
807 3512 851 3559 ne
865 3496 1021 3560 eueniret
1035 3513 1142 3576 quam
1161 3496 1282 3561 sedulo
1304 3497 1351 3560 sit
1370 3497 1585 3576 enitendum,

356 3606 414 3668 uel
427 3603 605 3668 mediocre
620 3603 787 3667 iudicium
801 3602 906 3666 facile
921 3604 1090 3683 consequi
1104 3611 1231 3684 potest.
1249 3603 1313 3666 His
1333 3604 1443 3683 igitur
1460 3605 1505 3669 ad
1519 3622 1587 3668 nos

359 3711 485 3789 allatis,
508 3712 638 3773 ineam
660 3727 783 3773 curam
797 3717 871 3772 toto
892 3720 1036 3790 pectore
1055 3711 1259 3774 incumbere
1279 3727 1351 3773 non
1372 3709 1506 3775 distulit
1520 3709 1585 3774 Pa·

358 3828 410 3882 tcr
424 3828 546 3882 noster
559 3816 689 3880 Rector
703 3814 726 3893 ⁴,
743 3834 787 3879 ne
802 3816 894 3879 sorte
909 3816 1054 3879 obtusae
1071 3817 1164 3880 uires
1178 3816 1475 3897 procrastinando
1492 3817 1582 3882 adeo

356 3934 626 4002 exacuerentur,
642 3931 691 4003 ut,
708 3939 798 4004 quae
814 3939 906 3986 nunc
921 3923 1090 3986 mediocri
1101 3925 1290 3988 conamine
1302 3941 1323 3986 a
1336 3924 1463 4005 quouis
1474 3925 1581 3988 etiam

354 4042 481 4112 tyrone
502 4031 673 4111 perfringi
694 4038 850 4111 possent,
877 4037 995 4092 tamen
1020 4029 1271 4092 corroboratae
1297 4048 1342 4094 ne
1366 4048 1388 4092 a
1415 4039 1585 4094 ueterano

356 4138 497 4218 quidem
511 4137 661 4216 retundi;
678 4136 741 4199 sed
755 4136 800 4199 ad
814 4135 936 4199 Ill.mum
955 4133 1093 4199 Ducem
1104 4131 1116 4166 ⁸
1127 4146 1296 4216 tanquam
1309 4136 1586 4202 munitissimam

355 4262 474 4309 arcem
499 4243 723 4324 confugienS,
749 4242 936 4325 patefactis
960 4242 1100 4306 illorum
1132 4243 1415 4307 cauillationibus
1441 4243 1584 4308 solitum

392 4523 400 4556 ¹
432 4523 621 4578 Autograpbte
631 4523 726 4578 duplici
739 4523 807 4576 folio,
819 4533 860 4566 un.
871 4523 899 4566 87
909 4527 934 4566 et
944 4522 979 4566 88.

392 4597 403 4628 ¹
433 4595 558 4640 infamati.

392 4667 404 4698 ³
431 4667 643 4721 cogitationibus?

390 4741 403 4773 ὁ
431 4739 460 4782 Ρ.
471 4738 485 4791 J
488 4749 583 4784 oannes
594 4740 618 4782 le
629 4739 759 4783 Pelletler

394 4813 405 4844 ὓ
433 4811 558 4854 Hercules
569 4809 593 4854 ll
603 4811 634 4854 de
645 4810 716 4855 Este.
