3436 5526
799 394 814 431 ὓ

503 513 673 573 Anoanon
692 530 724 573 ia
745 530 832 574 roilo
851 529 1001 574 sacoano
1304 513 1361 576 679

122 667 234 722 tanta
249 664 269 721 e
283 658 318 722 la
332 657 517 722 mutation'
538 658 582 724 de
601 660 697 737 tutti,
718 660 784 724 che
805 659 1048 723 meritamente
1068 668 1103 722 et
1123 676 1191 723 con
1211 661 1364 740 raggion

122 764 294 830 ‹lebbono
306 766 447 830 dilettar
457 765 814 844 grandissimamente
825 766 932 846 quelli
947 767 1012 830 che
1025 765 1075 846 gli
1090 782 1268 846 ueggom,
1283 767 1363 830 anzi

125 887 236 936 come
250 871 491 938 chiaramente
505 872 536 936 si
550 871 651 951 vede,
668 873 733 936 che
747 889 869 954 spesse
889 873 984 936 volte
1005 871 1108 954 quasi
1127 873 1213 953 ogni
1233 873 1363 953 giorno

124 978 305 1058 cittadini,
321 979 431 1058 gentil
446 979 614 1059 huomini,
631 988 666 1042 et
681 977 782 1059 Sig.rl
799 979 907 1044 etiam
922 977 1004 1043 delli
1026 979 1130 1058 primi
1152 978 1244 1042 della
1260 979 1360 1058 cirta,

130 1084 313 1165 passando
329 1095 458 1150 auante
472 1087 504 1149 le
519 1095 639 1150 nostre
651 1087 784 1166 schole,
798 1095 832 1150 et
844 1085 1070 1163 lermandosi,
1084 1103 1156 1149 non
1169 1085 1277 1150 fanno
1290 1087 1362 1151 mai

125 1190 203 1256 'line
217 1191 261 1256 de
276 1192 400 1257 laudar
414 1194 436 1255 l’
453 1193 627 1258 inuentor'
644 1193 687 1257 de
701 1203 802 1258 tanto
816 1193 907 1257 bella
922 1202 958 1256 et
967 1202 1071 1256 santa
1082 1210 1203 1273 opera,
1217 1203 1252 1257 et
1263 1202 1362 1258 tanto

133 1299 220 1363 vtile
234 1299 407 1380 impressa
423 1308 458 1362 et
472 1299 655 1364 salutifera
677 1302 747 1365 alla
768 1301 960 1380 glouenth,
976 1300 1056 1363 anzi
1076 1320 1097 1362 a
1112 1310 1203 1364 tutta
1226 1301 1260 1364 la
1278 1301 1364 1364 citta

126 1422 214 1484 sua,
235 1415 271 1470 et
292 1406 494 1498 spesissime
514 1408 609 1471 volte
623 1407 647 1470 li
670 1407 853 1492 medesimi
874 1424 944 1470 con
964 1421 1057 1486 gran
1075 1416 1242 1471 contento
1265 1407 1296 1470 si
1315 1407 1365 1470 di·

131 1513 266 1575 lettano
281 1512 482 1592 ritornarci,
500 1529 544 1577 ne
560 1514 590 1576 si
605 1513 744 1578 satiano
759 1514 796 1578 di
817 1514 948 1578 veder'.
1027 1541 1028 1544 ¹

194 1615 253 1681 Da
267 1619 326 1699 qui
340 1630 545 1684 veramente
565 1628 600 1684 et
618 1618 710 1683 della
731 1620 788 1701 pia
809 1637 894 1684 cura
915 1629 950 1683 et
973 1619 1269 1684 administration'
1286 1620 1367 1685 dell’

126 1725 252 1788 anime
264 1725 331 1788 che
343 1741 508 1808 veggono
521 1725 659 1806 pigliar’
674 1727 698 1790 li
708 1725 827 1805 Padri,
841 1742 948 1790 senza
959 1726 1108 1806 rispetto
1120 1736 1155 1790 et
1166 1725 1366 1792 differentia

132 1830 178 1894 de
189 1847 355 1912 persone,
369 1850 427 1896 ma
439 1817 661 1914 egnalmente
673 1815 717 1896 de
728 1834 811 1914 qual
823 1833 854 1896 si
867 1833 986 1912 voglia
999 1831 1190 1912 condition,
1207 1843 1242 1898 et
1257 1851 1375 1898 senza-

134 1937 272 2017 premio
285 1946 319 2001 et
332 1940 475 2020 proprio
485 1939 678 2020 guadagno
690 1940 817 2002 alcuno
829 1939 1011 2018 esteriore,
1021 1956 1187 2020 vengono
1196 1958 1217 2003 a
1226 1943 1365 2005 stimar·

131 2043 169 2107 ci
183 2043 220 2108 di
234 2053 334 2109 tanta
351 2046 493 2110 santita’
511 2047 576 2110 che
591 2065 662 2110 non
677 2047 871 2111 solamente
890 2063 1057 2127 vengono
1074 2048 1173 2112 molti
1195 2065 1327 2130 pregar
1342 2050 1367 2112 li

134 2149 243 2215 Padri
259 2168 326 2215 con
340 2154 449 2216 molta
464 2153 631 2217 instantia
647 2155 713 2217 che
728 2155 779 2233 gli
800 2155 968 2234 vogliano
988 2155 1137 2218 riceuer’
1161 2163 1254 2220 sotto
1278 2173 1366 2220 cura

134 2269 170 2321 et
187 2258 389 2322 obedientia
403 2277 467 2340 per
481 2261 659 2324 instruerli
674 2261 767 2323 nella
782 2261 842 2324 via
857 2261 900 2324 de
912 2261 994 2337 Dio;
1008 2279 1065 2324 ma
1077 2261 1244 2325 etiamdio
1255 2279 1320 2343 per
1334 2264 1367 2326 le

137 2365 260 2428 strade
276 2366 418 2446 quando
432 2367 464 2431 ci
483 2383 662 2448 veggono‚
686 2368 814 2432 dicono
835 2369 895 2432 noi
916 2384 1014 2432 esser
1033 2369 1140 2450 quelli
1163 2369 1199 2442 (il
1220 2370 1286 2432 che
1305 2370 1367 2449 pii1

133 2473 231 2536 volte
242 2472 431 2538 habbiamo
443 2475 542 2538 vdito
555 2476 614 2538 noi
622 2475 736 2552 stessi)
745 2475 822 2538 veri
833 2476 1068 2556 euangelichi,
1083 2477 1178 2556 quali
1190 2475 1365 2542 lacciamo

134 2578 169 2642 di
186 2579 295 2643 niuna
319 2597 404 2643 cosa
419 2589 518 2644 tanto
540 2593 662 2659 conto,
684 2592 816 2661 quanto
832 2582 922 2646 della
939 2582 1076 2645 charita
1091 2593 1125 2645 et
1147 2581 1288 2662 prolitto
1309 2582 1368 2647 del

134 2685 325 2766 prossimo.
340 2685 472 2766 Questo
483 2687 577 2751 forse
590 2706 637 2751 vn
650 2688 883 2768 predicatore,
900 2687 943 2750 de
959 2687 1033 2751 vita
1046 2699 1079 2752 et
1092 2688 1246 2752 dottrina
1259 2690 1367 2752 molto

129 2793 282 2856 stimato
296 2811 366 2875 qua
380 2793 425 2857 da
441 2796 532 2874 tutti,
549 2797 571 2858 l’
588 2796 633 2858 ha
649 2805 878 2874 augmentato
893 2796 928 2858 in
944 2797 1092 2876 qualche
1108 2808 1219 2876 parte.
1233 2795 1368 2859 Perche

136 2911 264 2980 questo
280 2903 371 2964 nella
386 2901 509 2966 vltima
524 2903 613 2966 delle
629 2920 691 2966 sue
703 2902 881 2982 prediche,
895 2901 960 2965 che
972 2903 1072 2982 quasi
1085 2911 1176 2965 tutta
1189 2919 1293 2982 parse
1305 2901 1366 2966 ha·

136 3023 202 3070 uer
217 3007 393 3071 destinato
409 3009 443 3072 in
459 3009 562 3073 laude
578 3008 669 3072 della
686 3009 907 3090 Compagnia
927 3008 962 3071 di
984 3007 1109 3088 Giesh,
1131 3010 1166 3073 in
1189 3026 1260 3072 vna
1275 3009 1368 3072 della

136 3113 258 3177 chiese
275 3116 449 3194 maggior,
465 3116 546 3196 pien
562 3115 596 3178 dl
616 3117 745 3196 populo
767 3123 801 3178 et
820 3115 856 3179 di
873 3115 981 3178 molta
1001 3115 1151 3193 nobilta,
1173 3132 1245 3178 non
1266 3113 1367 3179 affer·

135 3226 195 3284 mo
215 3223 304 3299 solo,
328 3237 386 3284 ma
405 3240 473 3284 con
495 3225 601 3286 molte
621 3223 786 3302 raggioni
806 3226 999 3302 comprobo
1019 3221 1273 3300 chiaramente,
1296 3239 1368 3285 non

132 3328 334 3392 solamente
349 3345 420 3392 non
435 3332 543 3392 esser'
561 3341 656 3392 sorte
672 3328 714 3391 de
730 3329 914 3408 relligione
930 3328 996 3390 che
1011 3329 1064 3390 sia
1081 3328 1114 3390 d’
1137 3330 1245 3391 esser’
1272 3337 1368 3392 ante-

135 3444 241 3514 posta
258 3435 327 3496 alla
342 3435 560 3515 Compagnia
577 3437 613 3499 di
628 3435 755 3514 Giesh,
773 3453 830 3498 ma
851 3437 959 3497 esser’
977 3450 1043 3514 pur
1063 3451 1217 3497 nessuna
1232 3435 1315 3514 qual
1338 3435 1369 3498 si

136 3539 269 3604 habbia
284 3540 328 3603 de
343 3558 529 3622 comparat
551 3541 611 3604 all'
628 3541 796 3622 integrita
816 3541 1024 3621 euangelica
1046 3540 1082 3603 di
1101 3538 1198 3603 detta
1220 3539 1367 3620 Compa-

128 3647 236 3728 gnia:
253 3657 287 3710 et
303 3646 367 3710 che
383 3666 446 3728 per
461 3658 559 3711 tanto
574 3667 612 3712 se
627 3649 805 3712 volessino
818 3649 852 3710 in
868 3648 999 3727 luogho
1011 3649 1139 3710 alcuno
1150 3647 1305 3710 ricorrer
1316 3665 1367 3710 se·

132 3754 444 3818 curissimamente
459 3765 493 3818 et
509 3772 574 3819 con
589 3757 738 3835 aggiuto
754 3766 788 3819 et
803 3765 993 3833 augmento
1009 3754 1043 3816 di
1058 3771 1123 3816 sua
1136 3755 1260 3832 salute,
1272 3754 1369 3816 fusse

136 3877 201 3942 per
217 3859 413 3939 confessar,
429 3879 491 3942 per
507 3862 741 3942 consigliarsi,
763 3879 825 3942 per
841 3861 919 3924 vdir
934 3859 1118 3940 prediche,
1141 3876 1179 3922 se
1194 3858 1227 3922 n'
1242 3858 1368 3922 andas-

131 3967 215 4030 sino
242 3967 350 4032 dritto
370 3969 439 4031 alla
464 3985 548 4031 casa
569 3969 658 4031 della
685 3967 905 4047 Compagnia
926 3967 960 4031 di
981 3965 1100 4030 Giesit.
1126 3965 1151 4028 ll
1174 3967 1367 4030 medesimo

135 4092 225 4156 pare
240 4074 352 4137 hauer
367 4077 614 4140 comminciato
627 4075 671 4138 ad
683 4091 908 4155 approuocar
924 4073 1008 4152 (sic)
1021 4073 1168 4136 anchor’
1187 4075 1209 4136 il
1222 4075 1366 4154 populo,

123 4180 271 4262 ,perche
285 4190 383 4245 tanta
399 4181 430 4244 si
444 4183 533 4244 vede
548 4184 582 4245 la
596 4181 724 4246 fiducia
745 4192 779 4245 et
794 4198 968 4262 speranza
984 4181 1049 4244 che
1063 4181 1164 4243 molti
1185 4181 1220 4243 in
1243 4182 1302 4244 noi
1322 4181 1368 4244 ri·

129 4303 305 4369 pongono
322 4287 398 4366 che,
416 4288 461 4351 da
477 4268 537 4351 noi
552 4305 622 4351 non
644 4289 877 4368 cognosciuti,
903 4305 969 4351 con
990 4287 1117 4366 grand'
1142 4287 1313 4351 instantia
1336 4286 1369 4350 ci

135 4393 335 4474 preghono,
352 4394 417 4458 che
432 4395 612 4473 vogliamo
627 4393 683 4457 sar
698 4394 853 4457 orationi
873 4411 936 4474 per
956 4393 1033 4456 suoi
1049 4394 1207 4473 amalati,
1231 4403 1266 4456 et
1288 4395 1368 4458 altri

130 4500 246 4564 simili
258 4500 333 4564 casi
344 4509 379 4563 et
389 4501 522 4580 negotii
534 4501 566 4562 d'
581 4501 820 4580 importantia:
835 4501 859 4564 il
871 4501 938 4562 che
949 4518 1020 4564 non
1033 4517 1103 4562 vna
1118 4501 1215 4562 volta
1230 4500 1263 4562 ci
1278 4506 1297 4562 e
1313 4517 1370 4563 ac·

129 4607 271 4670 cadulo
286 4623 349 4686 per
364 4608 395 4670 le
415 4607 552 4686 strade,
570 4625 640 4670 non
659 4625 766 4670 senza
784 4624 877 4688 gran
896 4616 1019 4670 nostra
1039 4605 1258 4670 confusione.
1280 4605 1369 4670 Diro

131 4729 275 4805 ancora
290 4711 324 4775 d’
340 4731 389 4776 vn
404 4714 540 4778 medico
555 4709 752 4778 dottissimo
775 4731 819 4777 ne
839 4715 990 4778 mancho
1006 4712 1182 4793 pratticho
1191 4760 1198 4792 ,
1220 4711 1244 4774 il
1266 4715 1370 4793 quale
