3578 5534
721 469 784 528 Ax.
812 470 881 528 ibbo
1377 467 1415 526 55

187 632 265 678 rum
284 615 322 678 in
341 615 528 680 discordiis
548 617 802 696 componendis
827 616 1018 695 coniugum
1044 615 1234 678 rixantium
1260 615 1351 678 inter
1375 635 1413 678 se

186 721 292 801 domi,
308 731 344 786 et
358 723 535 787 interdum
548 723 593 787 ob
607 723 705 786 rixas
721 709 755 786 et
767 724 837 787 alia
848 723 1041 802 separatim
1053 722 1299 785 habitantium:
1313 723 1413 785 multi

186 829 450 908 etiamdum,
474 831 569 895 domi
587 831 645 893 vel
664 831 701 894 iu
722 831 851 912 templo
874 830 1078 908 existentes,
1103 825 1325 892 confluebant
1347 847 1412 910 pro

186 937 344 1000 consiliis
360 937 545 1018 captandis
558 938 618 1000 vel
637 939 756 1018 aliqua
775 937 1017 1001 consolatione
1038 936 1213 1018 spirituali
1235 937 1410 1012 habenda,

185 1060 275 1123 quos
289 1043 464 1108 Dominus
478 1045 626 1108 subinde
642 1062 711 1108 non
727 1045 987 1124 dedignabatur
1003 1044 1191 1107 consolari.

243 1149 430 1230 Hospitale
444 1152 639 1214 maximum
650 1151 755 1214 huius
766 1151 886 1231 oppidi
899 1151 1090 1231 aliquando
1104 1151 1328 1214 visitauimus
1340 1168 1411 1213 non

184 1259 262 1320 sine
276 1257 405 1332 sructu;
424 1259 517 1338 quod
532 1258 673 1338 quidem
687 1257 906 1338 frequentius
920 1258 1167 1336 visitaremus,
1185 1259 1253 1320 nisi
1272 1265 1413 1320 contra-

185 1365 262 1428 rius
277 1374 372 1428 esset
386 1363 554 1428 Societati
570 1366 628 1446 qui
643 1374 786 1445 praeest
800 1365 849 1428 illi
864 1366 1069 1442 canonicuS,
1087 1365 1213 1428 doctor
1227 1367 1413 1446 theologus

182 1472 401 1550 parisiensis
418 1480 453 1535 et
466 1471 533 1536 nisi
548 1473 694 1535 haberet
708 1473 931 1552 capellanum
946 1471 1093 1535 infirmis
1109 1472 1290 1536 assiduum
1306 1471 1327 1534 ¹.

244 1578 379 1642 Eodem
395 1595 534 1659 quoque
554 1589 711 1658 ternpore
730 1596 817 1641 cura
840 1579 1097 1642 monacharum
1116 1579 1245 1658 partim
1267 1578 1309 1642 R.
1333 1579 1410 1658 Epi-

182 1703 303 1766 scopo,
320 1685 451 1765 partim
467 1685 631 1765 Capitulo
646 1685 866 1748 subditarum
881 1687 1028 1748 multum
1040 1686 1147 1748 etiam
1159 1703 1224 1748 nos
1237 1687 1410 1748 constrin-

182 1793 248 1870 git,
272 1810 362 1872 quae
383 1793 545 1871 quamuis
565 1809 648 1855 suos
671 1791 838 1871 proprios
857 1792 1011 1854 habeant
1032 1791 1283 1871 confessarioS,
1304 1809 1412 1872 saepe

182 1909 302 1962 tamen
317 1900 398 1962 illas
412 1898 647 1976 visitauimuS,
666 1915 759 1961 nunc
775 1915 838 1979 pro
855 1899 1026 1962 concione
1042 1897 1218 1976 habenda,
1235 1917 1331 1962 nuuc
1344 1916 1408 1978 pro

184 2005 409 2068 confessione
422 2005 620 2085 aliquarum
635 2005 821 2068 audienda.
838 2005 966 2068 Mirum
982 2015 1017 2067 et
1037 2006 1276 2068 miserandum
1298 2006 1409 2069 dictu!

182 2129 292 2176 unam
306 2112 317 2144 ¹
329 2113 421 2174 inter
437 2113 515 2175 illas
530 2112 657 2191 reperi,
674 2120 791 2173 aetate
806 2113 894 2173 satis
910 2123 1129 2190 prouectam,
1146 2130 1236 2192 quae
1252 2130 1273 2173 a
1287 2111 1328 2174 30
1349 2131 1409 2175 an·

180 2219 237 2281 nis
262 2219 521 2282 consessionem
546 2219 788 2292 simulauerat,
819 2235 1001 2297 nunquam
1030 2219 1167 2298 integre
1196 2219 1407 2283 confitendo:

178 2325 429 2404 horrendaque
450 2335 530 2388 sunt
550 2325 645 2388 dictu
666 2334 700 2386 et
721 2325 843 2387 auditu
865 2342 954 2403 quae
976 2336 1217 2404 perpetrarat:
1246 2325 1327 2389 binc
1349 2325 1405 2388 ille

177 2432 294 2510 pudor
307 2433 458 2494 vitiosus
475 2441 713 2512 perpetuaque
729 2432 905 2494 simulatio
928 2433 964 2493 in
985 2431 1182 2495 confitendo
1198 2443 1231 2495 et
1253 2449 1407 2496 commu·

178 2539 346 2602 nicando.
364 2537 406 2615 O,
424 2539 507 2618 quid
521 2556 592 2600 non
607 2539 753 2616 moliriS,
770 2536 879 2601 Satan
895 2537 1039 2616 perfide,
1060 2540 1167 2602 etiarn
1187 2540 1222 2602 in
1243 2535 1405 2602 sacratis-

177 2646 281 2708 simis
295 2645 385 2708 locis
400 2654 434 2707 et
445 2645 619 2725 personis,
633 2645 669 2707 in
682 2645 872 2724 perniciem
884 2645 1093 2722 animarum,
1110 2663 1201 2726 quae
1213 2654 1295 2708 sunt
1306 2645 1405 2710 Chri·

177 2763 236 2814 sto
251 2751 335 2833 Jesu
351 2760 425 2814 tam
440 2753 635 2832 preciosae.

241 2858 359 2920 Taceo
381 2859 425 2921 de
445 2859 595 2921 caeteris
618 2859 684 2937 piis
705 2858 997 2939 occupationibus
1018 2877 1098 2922 cum
1118 2859 1267 2922 infirmis
1292 2870 1325 2922 et
1346 2860 1403 2922 de·

177 2965 437 3040 conuentibus,
455 2965 514 3044 qui
529 2982 594 3027 nos
608 2982 715 3044 saepe
738 2976 924 3027 accersunt
947 2965 1135 3028 confitendi
1154 2967 1281 3044 gratia,
1305 2977 1339 3029 et
1360 2985 1405 3030 ex

175 3072 247 3134 illis
262 3072 421 3135 nonnulli
436 3070 580 3136 ditiores
596 3073 770 3135 interdurn
787 3072 915 3134 obnixe
928 3090 992 3136 nos
1003 3083 1132 3152 rogant
1144 3084 1183 3136 vt
1195 3075 1333 3137 illorum
1344 3092 1406 3138 no·

175 3178 273 3242 mine
284 3179 353 3240 hoc
366 3189 426 3242 aut
437 3179 522 3242 illud
535 3179 748 3260 pauperibus
760 3179 1023 3243 distribuamus:
1036 3179 1119 3242 hinc
1131 3180 1168 3243 fit
1179 3191 1217 3243 vt
1230 3198 1404 3261 pauperes

172 3301 242 3347 nos
257 3284 460 3364 frequenter
475 3287 709 3367 interpellent.
1271 3365 1285 3388 ο

235 3391 337 3454 Haec
352 3391 425 3454 sere
440 3403 532 3469 sunt,
549 3392 653 3456 Pater
669 3392 765 3470 R.‘¹0,
783 3411 873 3472 quae
888 3403 1079 3456 occurrunt
1095 3395 1298 3472 scribenda,
1316 3413 1402 3476 quo·

174 3516 255 3562 rum
272 3515 361 3578 pene
377 3500 527 3579 singula,
545 3517 625 3562 cum
640 3500 819 3563 hominem
834 3509 946 3563 totum
968 3502 1170 3579 requirant,
1186 3500 1290 3564 facile
1312 3503 1405 3566 colli-

174 3621 264 3682 gere
282 3606 364 3668 licet
378 3624 443 3668 nos
458 3606 517 3668 illa
537 3607 634 3670 obire
649 3606 754 3669 valde
776 3606 992 3686 imperfecte.
1009 3606 1155 3670 Vtinam
1176 3625 1261 3686 ergo
1282 3609 1402 3672 Domi·

173 3728 242 3774 nus
268 3712 438 3791 dignetur
462 3714 533 3776 cito
554 3713 693 3776 mittere
714 3714 896 3792 operarios
916 3713 950 3775 in
973 3715 1063 3776 hanc
1089 3731 1191 3777 suam
1210 3714 1399 3778 Flandriae

174 3836 331 3882 messem
345 3819 565 3898 dissipatam,
583 3830 616 3882 et
632 3822 770 3898 aperire
786 3821 886 3882 nobis
902 3820 1029 3882 ostium
1045 3821 1275 3899 collegiorum
1287 3820 1402 3886 Socie-

173 3925 262 3988 tatis
277 3935 422 3988 nostrae
435 3925 722 4004 extruendorum,
745 3937 936 4006 quatenuS,
957 3943 1027 3989 non
1048 3928 1099 3988 sic
1122 3938 1195 3990 tam
1215 3929 1332 3991 multis
1351 3931 1402 3992 iu-

171 4033 263 4094 tenti
278 4041 317 4094 vt
338 4050 432 4095 nuuc
453 4049 589 4112 sumuS,
612 4034 744 4114 aliquid
763 4034 942 4112 singulare
965 4043 999 4095 et
1019 4032 1215 4112 perfectum
1242 4036 1277 4097 in
1296 4036 1402 4098 vinea

171 4137 319 4201 Domini
334 4155 538 4218 operemur,
559 4139 637 4220 ipso
656 4140 863 4217 adiuuante,
886 4140 942 4202 cui
964 4138 1004 4201 R.
1030 4139 1074 4202 V.
1096 4139 1135 4201 P.
1157 4142 1286 4205 obnixe
1308 4160 1402 4206 com·

170 4244 394 4309 mandamus

212 4561 220 4592 ¹
249 4559 411 4603 Sententiam
420 4559 487 4602 banc
497 4570 513 4602 a
525 4559 612 4602 verbis
622 4559 809 4612 quodquidam
820 4561 887 4604 linea
902 4573 980 4616 super
995 4562 1073 4606 ducta
1091 4565 1248 4608 cancellavit
1262 4564 1397 4618 Polancus,

171 4643 203 4674 ne
213 4643 230 4676 ι
239 4630 357 4675 librariis
367 4630 594 4674 transcriberetur.

212 4705 224 4735 ¹
252 4701 324 4746 Voce
334 4701 385 4746 bac
395 4711 478 4745 urtam
494 4701 589 4756 deletu,
599 4703 734 4748 substituit
746 4703 873 4747 Polancus
883 4703 1012 4757 aliquam.
