3578 5534
723 533 788 593 Au.
814 532 884 591 1556
1382 535 1420 592 43

190 689 320 758 tentur,
337 698 410 744 non
424 681 558 762 absque
572 679 743 743 virtutum
757 677 935 759 profectu:
952 696 1101 758 quorum
1114 679 1204 742 duos
1216 680 1418 743 adolescen-

192 797 262 866 tes,
288 804 488 869 nunquam,
516 787 560 850 ob
585 795 729 850 tenerae
759 787 886 849 aetatis
913 795 1155 866 praetextum,
1187 803 1330 849 sacram
1358 787 1420 867 qui

190 893 456 960 Eucharistiam
471 903 576 957 antea
591 904 826 974 sumpserant,
843 891 943 956 festis
957 889 1135 957 Natalitiis
1150 910 1253 957 sacra
1265 911 1419 957 commu·

191 1003 297 1064 nione
323 1019 418 1065 sum
435 1001 636 1082 impertitus
666 1017 746 1064 cum
775 1001 909 1079 aliquot
933 1001 1013 1064 aliis
1044 1000 1256 1064 domesticis.
1284 999 1422 1064 Diebus

191 1109 343 1188 singulis
358 1109 437 1189 pias
451 1109 676 1189 precationes
690 1109 913 1188 vespertinas
933 1125 1053 1172 coram
1076 1105 1244 1172 Crucifixi
1263 1108 1420 1188 imagine

192 1215 354 1280 unanimi
369 1217 550 1279 consortio
565 1216 807 1294 obserunmus,
825 1233 869 1278 ex
884 1232 982 1279 more
996 1215 1148 1279 Parisini
1160 1215 1320 1293 Collegit.
1333 1215 1418 1278 Eos·

191 1322 273 1386 dem
287 1322 440 1403 hospitis
454 1323 524 1385 mei
537 1322 730 1402 discipulos
744 1322 780 1384 in
792 1321 1007 1386 christianae
1019 1322 1201 1384 doctrinae
1212 1321 1421 1384 rudimentis

190 1428 351 1507 instituo,
368 1438 403 1493 et
415 1429 501 1492 inre
513 1428 672 1492 literaria
684 1445 746 1508 per
762 1429 873 1512 otium
884 1446 1046 1492 exerceo.
1061 1427 1270 1507 Summarie,
1284 1428 1371 1491 vitia
1383 1429 1419 1492 in

190 1536 259 1598 hac
283 1533 420 1599 familia
440 1536 612 1600 virtutum
633 1537 750 1615 gloria
771 1535 1038 1613 offuscauit,ac
1061 1536 1204 1600 domum
1227 1536 1320 1598 hanc
1345 1535 1421 1598 illu-

189 1643 330 1705 strauit.

253 1747 435 1828 Quantum
450 1751 495 1814 ad
510 1760 679 1814 externos
694 1752 830 1830 attinet,
843 1749 986 1830 jurandi
1001 1751 1219 1815 consuetudo
1236 1751 1367 1831 passim
1384 1750 1419 1812 in

190 1855 337 1920 familiis
351 1857 544 1921 dediscitur
560 1858 648 1922 adeo
664 1868 713 1937 vt,
729 1859 883 1921 nominis
903 1859 972 1921 mei
992 1858 1215 1938 interpellata
1235 1857 1421 1935 memoria,

192 1982 270 2028 sese
285 1973 410 2028 mutuo
425 1963 530 2028 amici
545 1965 659 2029 amice
674 1975 840 2028 moneant
861 1966 905 2029 ad
921 1963 1064 2045 jurandi
1083 1966 1318 2028 inueteratam
1339 1981 1419 2027 con·

191 2070 416 2133 suetudinem
432 2071 691 2151 extirpandum.
707 2070 920 2135 Scurrarum
934 2074 1049 2152 copia,
1067 2071 1190 2136 diebus
1205 2072 1317 2135 sacris
1328 2070 1423 2133 ludis

192 2193 236 2238 ac
251 2177 362 2240 lucris
376 2193 509 2240 vacare
524 2179 638 2256 solita,
656 2179 820 2259 periuriis
835 2197 877 2241 ac
893 2179 1059 2242 conuitiis
1074 2178 1286 2256 execranda,
1309 2197 1328 2240 e
1348 2179 1420 2256 pla·

191 2283 260 2347 teis
274 2283 431 2362 euanuit,
447 2283 551 2348 turba
565 2286 720 2366 vndique
733 2286 920 2350 confertim
932 2286 977 2350 ad
988 2287 1196 2350 concionem
1210 2285 1419 2348 confluente.

195 2389 417 2453 Concionum
431 2407 590 2454 mearum
605 2391 742 2456 fructus
755 2395 813 2457 vel
827 2393 883 2456 bis
901 2395 1013 2480 signis
1032 2392 1219 2456 elucescit:
1242 2393 1335 2472 quod
1353 2392 1422 2454 fre-

198 2497 343 2576 quentia
368 2497 521 2576 suspiria
541 2500 680 2562 coelum
702 2510 898 2579 penetrent,
924 2499 1156 2564 confessionis
1181 2499 1378 2562 antidotum
1400 2516 1421 2560 a

195 2603 314 2666 multis
337 2605 546 2683 postuletur,
573 2606 758 2669 sacrificiis
783 2609 870 2670 meis
894 2607 1060 2687 frequens
1081 2607 1263 2669 hominum
1289 2623 1421 2669 corona

196 2711 355 2789 assistat,
373 2728 523 2791 quorum
542 2729 612 2775 non
634 2715 740 2792 pauci
761 2714 887 2777 horam
908 2716 1183 2795 praestolantur.
1206 2712 1284 2776 Non
1305 2713 1424 2776 defue-

194 2826 278 2880 runt
303 2818 364 2898 qui
390 2819 560 2898 optabant
581 2836 638 2883 me
661 2819 785 2884 diebus
806 2820 955 2900 singulis
979 2823 1025 2886 ad
1049 2821 1287 2902 Epiphaniam
1309 2838 1423 2900 usque

195 2925 433 2988 concionandi
457 2926 673 2990 functionem
700 2936 781 3007 post
804 2926 1006 2992 Aduentum
1035 2944 1253 3009 propagare:
1284 2944 1421 3004 verum,

196 3031 331 3110 absque
346 3032 524 3096 communi
540 3034 624 3097 cleri
638 3052 682 3097 ac
697 3033 851 3098 ciuitatis
865 3035 1043 3113 petitione,
1060 3035 1154 3100 votis
1168 3035 1423 3116 postulantium

196 3136 422 3202 subscribere
436 3139 544 3202 nolui.
560 3138 698 3204 Sensim
714 3158 824 3204 conor
838 3141 883 3204 ad
902 3142 1139 3221 poenitentiae
1162 3153 1266 3221 atque
1286 3141 1423 3204 Eucha-

196 3244 321 3307 ristiae
335 3243 654 3325 frequentationem
670 3248 851 3328 utriusque
866 3266 973 3312 sexus
988 3251 1147 3313 homines
1163 3249 1350 3312 adducere.

257 3350 422 3414 Matrona
437 3354 611 3432 quaedam
627 3355 745 3432 vidua,
767 3365 883 3419 aetate
905 3367 1085 3436 prouecta,
1107 3357 1347 3419 conscientiae
1367 3357 1424 3418 de-

193 3457 313 3536 posito
336 3474 436 3520 meae
456 3457 536 3522 fidei
555 3461 701 3536 credit0,
723 3463 869 3525 coelesti
888 3464 1129 3526 consolatione
1149 3463 1303 3541 perfusa,
1327 3471 1381 3526 est
1401 3481 1423 3526 a

188 3563 351 3642 quodam
366 3581 454 3627 casu
467 3576 651 3630 reseruato
666 3569 825 3647 liberata,
843 3570 901 3632 cui
916 3570 961 3632 ab
977 3569 1054 3649 ipsa
1070 3569 1308 3634 adolescentia
1325 3572 1423 3634 intri-

192 3680 278 3731 cata
293 3687 315 3731 a
330 3671 426 3733 nullo
442 3671 661 3737 confessario
677 3675 793 3738 adhuc
809 3693 847 3739 se
863 3688 1065 3756 exemptam
1076 3677 1326 3741 arbitrabatur.
1341 3677 1421 3756 Qui-

192 3777 290 3852 dam,
312 3793 368 3840 me
388 3780 550 3841 consulto
573 3781 668 3844 circa
691 3783 925 3846 restitutionis
946 3784 1141 3863 materiam,
1166 3784 1422 3848 conscientiam

191 3884 370 3948 redimere
396 3883 616 3964 deliberauit,
639 3903 705 3950 nec
727 3889 866 3968 quidem
890 3906 1026 3953 summa
1049 3898 1102 3953 est
1123 3891 1266 3970 exigua.
1290 3889 1421 3971 Resipi·

192 4001 297 4053 scent
313 3990 456 4054 tandem
473 3992 606 4073 aliquot
621 3991 788 4057 Pastores
801 3997 1045 4074 ecclesiastici,
1064 4015 1143 4060 cum
1155 3998 1282 4077 quibus
1293 3998 1329 4060 in
1341 4015 1424 4062 con·

190 4097 358 4160 cionibus
382 4098 505 4175 grauis
525 4099 609 4164 mihi
628 4101 814 4164 conflictus
836 4113 899 4180 est,
924 4105 999 4184 qui,
1023 4121 1238 4185 quamquam
1259 4114 1293 4168 et
1315 4107 1423 4185 negli-

189 4212 321 4282 gentes
335 4213 370 4265 et
387 4205 553 4269 obstinati
568 4223 678 4287 prope
692 4207 892 4288 videantur,
915 4227 971 4273 mc
990 4225 1108 4274 tamen
1126 4192 1370 4292 increpantem
1389 4223 1424 4276 et

189 4319 317 4372 amant
333 4318 368 4372 et
382 4322 610 4391 venerantur,
627 4331 674 4377 ac¹
692 4314 823 4380 bonam
845 4317 987 4380 tandem
1010 4335 1109 4397 spem
1130 4319 1310 4398 praebent.
1335 4318 1424 4382 Usu·

188 4433 267 4489 rae,
285 4417 454 4498 periuria,
471 4420 728 4484 concubinatus
743 4437 892 4500 grauem
914 4424 995 4488 huic
1016 4425 1153 4503 regioni
1173 4435 1309 4504 pestem
1329 4423 1424 4489 adfe-

189 4537 288 4587 runt.
308 4523 469 4604 Quorum
483 4535 601 4589 tamen
618 4529 780 4608 tyrannis
795 4531 926 4594 sensim
941 4531 1042 4593 verbi
1062 4529 1129 4594 Dei
1149 4533 1294 4610 energia
1317 4550 1424 4613 expu-

188 4643 329 4710 gnatur
344 4649 425 4694 cum
440 4634 629 4697 multorum
645 4636 901 4700 consolatione.

256 4737 390 4802 Omitto
406 4749 559 4819 caetera,
576 4758 666 4820 quae
682 4760 727 4806 ex
741 4743 947 4823 praemissis
965 4723 1123 4825 epistolis
1141 4745 1342 4812 Paternitas
1363 4757 1425 4811 tua
