3578 5534
685 541 748 598 Art.
774 539 844 600 15³5
1333 542 1379 602 do

145 686 264 762 limus,
281 695 510 767 nostrumque
525 685 758 750 ministerium
768 695 886 750 :totum
900 686 976 749 eius
987 685 1112 750 ditioni
1123 686 1374 767 nuncupando,

146 793 209 874 qui
222 791 476 874 supramodum
490 793 645 873 benigno
655 809 704 856 ac
716 778 823 856 hilari
839 795 938 856 vultu
958 809 1024 857 nos
1044 793 1195 872 intuens,
1217 794 1377 873 gratfmi-

148 915 246 964 mum
271 916 315 962 ac
337 897 630 979 jucundissimum
654 910 815 964 nostrum
840 899 1032 964 aduentum
1055 915 1133 964 esse
1159 899 1375 964 declarabat.

148 1003 323 1070 Postridie
337 1021 425 1070 vero
436 1005 564 1071 Frater
575 1016 695 1071 noster
707 1006 798 1071 Msstf
810 1005 985 1070 Robertus
996 1005 1227 1088 Clayssonius
1239 1007 1376 1072 concio·

149 1112 281 1176 nemin
297 1112 385 1176 aede
400 1113 526 1176 maiori
540 1111 672 1192 habuit,
696 1114 754 1178 cui
777 1112 869 1177 ΒΜ·
889 1111 967 1176 D.¹¹⁸
989 1113 1186 1194 Episcopus
1201 1113 1373 1191 interfuit,

148 1235 231 1283 curn
246 1220 402 1283 maxima
418 1219 619 1284 auditorum
634 1237 780 1296 corona,
798 1221 923 1302 quibus
938 1221 988 1283 ita
1000 1219 1375 1284 abnndeorunibuscst

149 1323 391 1404 satisfactum,
408 1335 447 1390 vt
461 1327 554 1390 illius
569 1327 725 1390 maximo
741 1336 928 1390 teneantur
943 1326 1133 1404 desiderio;
1150 1327 1277 1406 quibus
1287 1343 1376 1390 reto

147 1433 330 1497 exercitiis
345 1450 425 1496 cum
440 1433 591 1498 diuersis
611 1435 647 1496 in
663 1434 761 1510 loric,
785 1444 860 1496 tunt
883 1432 1033 1510 Biliomi,
1057 1442 1196 1512 tempus
1217 1435 1375 1513 exegerit

148 1537 207 1604 hic
221 1539 333 1603 irater
349 1548 470 1604 noster
485 1557 654 1604 enarrare
677 1539 931 1621 praetermitto,
954 1539 1047 1620 quod
1067 1540 1103 1602 in
1125 1541 1274 1620 epistola
1293 1557 1375 1620 qua·

146 1645 327 1711 drimestri
342 1646 454 1710 lusius
469 1647 693 1710 declarentur
709 1645 729 1710 ¹.
748 1647 811 1710 Est
826 1647 989 1726 equidem
1003 1663 1090 1727 prae
1105 1663 1243 1710 morum
1257 1648 1374 1727 graui·

145 1763 222 1817 tate
245 1772 287 1818 ac
311 1753 473 1818 doctrina
494 1755 677 1834 singulari,
700 1772 769 1835 qua
791 1754 972 1834 praeditus
994 1763 1058 1832 est,
1080 1753 1270 1817 vniuersae
1293 1754 1374 1817 huic

145 1862 357 1941 prouinciae
372 1878 589 1942 permagnae
605 1855 844 1924 admirationi.

208 1967 337 2031 Frater
354 1979 473 2032 noster
488 1967 579 2030 M.ter
595 1966 719 2030 Petrus
735 1985 816 2030 cum
830 1968 985 2032 maxima
997 1968 1104 2032 totius
1116 1968 1269 2031 familiae
1281 1967 1373 2030 aedi-

146 2073 313 2139 ficatione
336 2075 507 2138 hactenus
526 2074 617 2154 apud
640 2073 729 2138 D.um
749 2075 963 2154 Episcopum
985 2075 1068 2154 egit,
1086 2091 1372 2155 nonnunquama

147 2177 363 2244 Reuerentia
380 2179 534 2244 eiusdem
551 2182 679 2244 missus
696 2181 741 2244 ad
755 2181 897 2244 diuersa
912 2182 1053 2262 pietatis
1068 2180 1181 2244 officia
1200 2197 1371 2260 exequen-

145 2288 204 2366 da,
229 2288 351 2350 visitat
373 2288 625 2357 incarceratos,
650 2291 782 2350 solatur
805 2288 973 2364 infirmos
995 2288 1144 2366 largitur
1167 2287 1299 2366 egeniS,
1324 2288 1371 2350 in·

144 2395 252 2458 struit
276 2395 434 2472 ignaros
461 2394 559 2468 nihil,
587 2395 702 2474 quoad
730 2396 861 2473 patitur
876 2394 1043 2457 valetudo
1064 2391 1086 2471 ²,
1108 2393 1212 2458 officii
1229 2394 1372 2473 pietatis

144 2501 442 2581 praetermittens.
471 2499 549 2578 Qui,
577 2501 739 2580 quamuis
764 2501 912 2578 singulis
937 2501 1061 2564 diebus
1085 2501 1193 2581 probe
1214 2500 1372 2564 diuinum

144 2607 301 2672 officium
317 2607 500 2670 recitando
520 2609 701 2688 persoluat
723 2611 788 2682 (est
807 2608 899 2670 enirn
920 2606 964 2670 ad
987 2608 1262 2671 subdiaconatus
1280 2607 1369 2671 ordi·

143 2732 226 2778 nem
242 2714 449 2794 promotus),
466 2714 557 2777 scire
572 2724 692 2777 tamen
707 2731 752 2776 ex
767 2713 844 2776 R.da
863 2713 902 2776 T.
918 2713 1014 2775 ΡΜ
1033 2713 1220 2788 desiderat,
1235 2723 1371 2794 postea·

143 2839 253 2902 quarn
268 2819 466 2885 sacerdotii
481 2821 654 2900 dignitate
669 2820 775 2885 luerit
791 2821 990 2900 insignitus,
1008 2823 1038 2884 si
1054 2821 1204 2901 utrique,
1221 2821 1289 2884 hoc
1304 2830 1369 2898 est,

143 2945 256 3007 penso
272 2928 411 3004 diurne,
428 2943 470 2990 ac
485 2936 718 2990 sacrosancto
733 2927 861 2990 missae
882 2927 1055 2992 sacrificio
1075 2927 1281 2991 satisfacere
1300 2945 1371 2990 non

142 3036 264 3097 valeat
279 3033 458 3113 quodnam
472 3035 589 3114 potius
604 3036 720 3112 placet
736 3044 775 3096 vt
789 3044 1002 3114 exequatur,
1019 3051 1125 3114 super
1140 3035 1206 3096 hac
1223 3051 1261 3097 re
1273 3032 1366 3096 R.‘¹ae

142 3140 182 3204 Τ.
201 3139 279 3203 P.2¹⁵
298 3141 479 3204 decretum
493 3141 673 3204 humiliter
689 3141 928 3204 obsecramus.

199 3247 306 3311 Nunc
321 3263 409 3310 vero
424 3248 469 3310 ad
481 3265 536 3310 me
548 3249 666 3324 venio,
682 3265 786 3328 quern
798 3248 878 3310 huic
891 3258 1035 3311 nostrae
1048 3248 1278 3311 Aruerniensi
1291 3266 1370 3312 con·

140 3355 344 3434 gregationi
365 3354 583 3434 praefecisti,
606 3355 707 3417 cuius
729 3356 780 3417 rei
804 3371 948 3417 causam
969 3371 1040 3416 non
1064 3371 1142 3416 mea
1162 3355 1302 3434 quidem
1322 3356 1370 3418 in·

141 3471 252 3524 terest
269 3461 360 3524 scire
376 3477 418 3523 ac
438 3461 644 3539 intelligere,
671 3475 752 3522 cunt
775 3461 820 3523 sit
842 3460 943 3524 nobis
964 3461 1051 3523 satis
1070 3472 1232 3541 prompto
1252 3464 1370 3526 animo

140 3567 328 3632 humiliter
343 3566 498 3630 obedire:
515 3568 629 3630 fateor
654 3576 811 3630 attamen
832 3567 880 3630 nil
900 3569 1017 3646 magis
1038 3584 1195 3647 unquam
1213 3557 1371 3632 reformi-

140 3674 261 3750 dasse,
280 3691 385 3754 quant
402 3675 478 3737 aliis
492 3689 669 3754 praeesse.
688 3673 765 3753 Qua
786 3674 828 3736 de
850 3691 970 3750 causa,
994 3674 1070 3738 R.‘¹e
1092 3673 1143 3752 P,
1166 3675 1372 3754 suppliciter

141 3799 205 3844 oro
224 3791 335 3861 atque
347 3781 506 3858 obsecr0,
519 3789 557 3842 vt
569 3797 636 3843 nos
647 3781 717 3842 tuis
728 3781 959 3844 sanctissimis
972 3781 1189 3844 orationibus
1201 3781 1371 3845 adiuuare

142 3887 315 3966 digneris,
332 3905 401 3967 quo
418 3886 536 3950 diuina
550 3887 701 3965 bouitas,
720 3887 755 3949 id
769 3887 863 3966 quod
878 3905 923 3951 ex
936 3899 1059 3952 nostra
1070 3896 1171 3967 parte
1182 3887 1291 3966 deest,
1305 3904 1371 3952 sua

141 3994 261 4072 gratia
277 3995 440 4074 supplere
455 3993 631 4073 dignetur.

198 4101 256 4164 Ex
286 4117 356 4180 quo
383 4100 451 4162 huc
480 4100 706 4180 peruenimus
735 4101 968 4181 (astipulante
996 4103 1150 4165 Domino
1180 4101 1370 4183 Episcopo)

142 4206 300 4286 quotidie
314 4206 351 4268 in
370 4205 594 4269 xenodochio
615 4223 720 4270 sacra
742 4209 931 4271 missarum
951 4210 1124 4272 solemnia
1145 4211 1279 4290 peregi,
1299 4211 1371 4289 qui·

142 4309 205 4376 bus
220 4312 391 4393 peractis,
410 4312 616 4376 concionem
632 4313 765 4377 habere
780 4315 905 4377 solitus
920 4331 1008 4393 sum,
1026 4333 1107 4379 cum
1128 4326 1227 4380 tanta
1248 4335 1290 4380 ac
1310 4316 1372 4379 ho-

141 4429 241 4482 nesta
269 4416 471 4481 auditorum
495 4416 706 4499 frequentia,
730 4430 770 4484 vt
796 4421 1029 4485 admiratione
1051 4423 1203 4502 dignum¹
1218 4424 1274 4503 sit,
1303 4440 1373 4502 quo

182 4621 190 4652 ¹
219 4621 506 4676 vicesimaprima

181 4693 192 4724 ¹
219 4693 262 4735 “et
272 4694 394 4746 quamvls
402 4693 488 4739 studia
499 4695 532 4740 od
543 4701 644 4750 tempus
655 4701 773 4740 tractare
785 4696 851 4740 torte
862 4708 911 4740 non
922 4699 1018 4752 poterit
1034 4708 1141 4752 propter
1152 4701 1266 4754 aliquam
1277 4701 1370 4755 capitis

145 4757 330 4814 debilitatem„
340 4759 457 4816 ignatius
466 4763 597 4820 Episcopo
608 4764 809 4810 claromontano
819 4767 914 4811 litteris
924 4777 1004 4822 sopra
1015 4771 1172 4814 memoratis.

251 4849 290 4906 Τ.
307 4863 349 4908 Π.
1217 4876 1230 4932 5
