3578 5534
725 1228 963 1317 oouvsst

281 1594 318 1663 P.
333 1595 530 1670 Alphonsus
542 1597 678 1660 Lozano

316 1693 410 1761 Patri
421 1694 550 1770 Ignatio
564 1696 605 1756 de
618 1695 757 1771 Loyola.

353 1792 493 1866 Gaudia,
509 1795 522 1853 l
538 1794 688 1868 Januarii
704 1795 774 1855 1556
788 1797 807 1850 ¹.

720 2049 806 2186 1138.
828 2121 954 2190 Maria.

283 2379 369 2474 RQ
381 2381 486 2446 Pater
501 2382 536 2448 iu
551 2379 704 2449 Christo.

285 2487 360 2552 Pax
375 2488 509 2552 Christi
525 2497 593 2552 etc.

285 2594 385 2674 Quae
400 2594 574 2675 superiori
590 2593 851 2675 quadrimestri,
864 2593 942 2656 Rae
961 2594 1013 2670 P.,
1030 2611 1052 2656 a
1066 2597 1198 2660 nostris
1212 2597 1247 2660 in
1261 2599 1328 2662 hoc
1343 2597 1458 2667 Colle-

217 2704 283 2784 gio
294 2703 373 2782 (Dei
387 2702 596 2768 immortalis
610 2719 676 2782 ope
687 2711 722 2766 et
736 2700 918 2777 beneficio)
931 2711 1074 2766 strenue
1086 2712 1167 2768 acta
1180 2715 1273 2784 sunt,
1287 2707 1354 2774 hac
1370 2709 1449 2775 bre-

219 2811 316 2875 uiter
330 2810 516 2874 enarrabo.

283 2917 338 2980 Ac
352 2917 505 2997 primurn
519 2934 540 2979 a
552 2915 769 2996 spiritalibus
790 2916 970 2980 exercitiis
987 2917 1209 2996 auspicabor,
1223 2935 1314 2997 quae
1326 2929 1450 2984 nostra

219 3024 395 3087 institutio
408 3023 659 3104 perdiligenter
673 3023 763 3086 solet
775 3039 855 3086 cum
870 3023 1042 3101 proximis
1053 3025 1327 3104 communicare,
1341 3027 1451 3106 potis-

218 3131 348 3194 simum
366 3129 564 3193 doctrinam
580 3128 822 3206 christianam,
835 3145 942 3208 quam
954 3138 1072 3193 noster
1086 3129 1290 3196 Praefectus
1304 3131 1316 3162 ¹
1330 3133 1448 3212 palam

217 3239 258 3301 in
272 3239 402 3316 templo
416 3235 519 3300 facile
533 3235 677 3315 exponit
693 3251 773 3300 cum
788 3236 1006 3301 audientium
1025 3235 1220 3314 frequentia
1242 3248 1276 3300 et
1297 3239 1449 3304 multitu-

217 3345 314 3422 dine,
329 3343 456 3424 quibus
480 3352 533 3406 est
554 3343 708 3406 maximo
735 3343 972 3409 emolumento
999 3342 1045 3406 ad
1069 3343 1180 3410 uitam
1203 3344 1455 3410 honestissime-

216 3450 486 3530 temperandam
510 3463 545 3512 ct
567 3448 860 3527 componendam,
887 3465 968 3513 cum
990 3458 1025 3511 et
1050 3450 1159 3512 aetati
1174 3451 1309 3530 puerili,
1327 3461 1400 3516 tum
1415 3462 1450 3515 ct

215 3557 412 3622 maioribus
428 3567 525 3632 natu,
548 3567 621 3620 tam
642 3554 729 3619 uiris
751 3572 857 3636 quam
879 3555 1094 3630 mulieribus,
1117 3566 1239 3636 aperte
1261 3567 1295 3621 et
1310 3559 1448 3638 puerili-

215 3676 274 3728 ter
294 3682 382 3728 uoce
406 3662 529 3727 humili
553 3671 587 3726 et
609 3679 741 3726 canora
767 3661 966 3735 cantillam,
988 3679 1136 3743 eamque
1160 3681 1232 3728 nou
1253 3665 1370 3728 surdis
1392 3665 1453 3742 (ut

216 3771 329 3849 aiunt)
345 3772 499 3844 auribus,
516 3771 623 3834 immo
643 3787 729 3832 uero
754 3765 891 3832 fructus
915 3785 960 3830 ex
976 3769 1043 3832 hoc
1066 3771 1200 3834 semine
1221 3772 1323 3850 plena
1339 3789 1446 3838 mauu

215 3879 408 3957 colligitur.
424 3875 550 3940 Patres
565 3886 749 3956 praeterea
765 3875 987 3954 saepiuscule
1001 3875 1036 3940 in
1052 3878 1184 3956 templo
1198 3878 1352 3943 maximo
1368 3894 1446 3956 pre-

214 3985 289 4050 cati
309 3984 513 4048 concionari
531 3991 720 4064 coguntur,
744 3999 833 4062 quos
855 3981 1088 4050 attentissime
1109 3983 1255 4050 audiunt
1274 3970 1397 4048 omnes
1411 3995 1447 4048 et

212 4101 420 4172 sequuntur:
436 4091 553 4154 vbiuis
564 4090 681 4169 itaque
693 4089 961 4166 concionentur,
978 4090 1054 4154 siue
1066 4091 1158 4154 intra
1173 4092 1353 4158 ciuitatem
1368 4091 1445 4156 siue

210 4209 317 4264 extra
337 4197 525 4278 aliquando
540 4196 739 4276 contigerit,
761 4214 804 4260 eo
820 4195 1107 4276 proficiscuntur:
1130 4198 1214 4278 quid
1234 4216 1444 4272 commemo-

252 4404 262 4438 ί
289 4403 480 4458 Autompuee
489 4402 564 4448 uulso
574 4403 644 4454 tollo,
654 4413 680 4446 n.
690 4401 882 4446 tou-Eaedem
894 4407 953 4446 sunt
963 4412 995 4444 ac
1012 4402 1081 4454 illue,
1097 4413 1161 4456 quae
1177 4403 1310 4457 hlspenlco
1323 4414 1441 4450 sermone

205 4481 336 4520 exaratas
345 4485 424 4528 supra
435 4473 572 4528 posuimus,
583 4479 602 4517 t.
612 4484 649 4526 m,
661 4473 827 4527 pamm-73&
838 4473 883 4516 sed
894 4474 959 4516 satis
970 4473 1051 4516 libere
1063 4474 1088 4517 ln
1099 4475 1207 4518 latinum
1225 4477 1380 4518 translatae.
1394 4473 1444 4518 Ea·

205 4559 267 4593 rum
278 4553 367 4591 umen
377 4548 449 4589 locus
459 4545 500 4589 hle
511 4553 560 4598 eet,
572 4545 633 4600 qula
643 4551 669 4589 et
680 4546 758 4589 ullum
770 4545 866 4590 habent
876 4552 1019 4599 auctorem,
1031 4553 1057 4589 et
1067 4545 1119 4590 allo
1135 4547 1185 4600 dle,
1201 4548 1265 4600 scil,
1278 4547 1311 4590 l.⁰
1321 4545 1442 4600 Jauueril

207 4620 265 4666 155⁶
274 4618 440 4670 subscriptae
450 4623 517 4660 sunt.

250 4692 262 4723 2
289 4689 427 4744 Indlgltari
435 4689 541 4733 vocibus
552 4688 592 4732 hle
604 4692 695 4733 noster
706 4689 868 4745 Praefectus
878 4691 984 4736 videtur
999 4689 1027 4734 P.
1039 4689 1166 4734 Antonius
1182 4688 1316 4742 Cordesee,
1332 4688 1447 4744 collegii

205 4765 317 4809 Rector.
