3510 5526
388 497 444 558 694
855 502 1030 560 Arearum
1048 517 1152 561 rarus

389 655 445 708 ter
456 646 488 708 ei
502 663 581 710 esse
594 647 735 710 videtur
749 645 772 724 ⁸,
791 655 829 710 ut
842 601 1026 727 speremus
1040 657 1075 711 et
1089 648 1172 711 hinc
1187 665 1258 711 uon
1274 663 1401 728 parum
1415 647 1558 726 fructus,
1573 649 1605 710 in

388 752 444 814 his
455 754 676 834 praesertim,
693 754 753 834 qui
768 755 919 819 aliorum
941 771 1050 819 suasu
1072 773 1093 818 a
1110 755 1211 818 bonis
1223 756 1338 818 solent
1357 754 1547 835 propositis
1560 771 1604 817 re·

388 859 493 934 trahi;
505 859 572 923 hos
586 861 679 923 euim
695 877 765 924 non
780 878 906 942 parum
920 870 1039 925 mouet
1053 862 1110 924 ille
1121 862 1195 926 suis
1208 860 1525 940 adhortationibus,
1541 861 1605 923 aui·

389 983 487 1030 mum
511 966 656 1046 addens,
685 969 1012 1049 contemnendaque
1034 967 1169 1033 docens
1189 985 1433 1050 quaecumque
1458 963 1558 1049 D[eo]
1575 967 1607 1029 in

388 1074 457 1137 hoc
471 1073 631 1138 instituto
650 1074 786 1138 seruire
803 1076 982 1138 volentem
1000 1085 1145 1155 possent
1170 1076 1374 1140 retardare:
1396 1077 1535 1154 gratiae
1550 1073 1608 1136 ita·

388 1196 456 1259 que
467 1179 542 1260 X.⁰,
559 1197 629 1261 quo
644 1181 805 1261 authore,
819 1182 879 1262 qui
891 1182 992 1246 uobis
1004 1180 1100 1264 [nou]
1115 1182 1307 1247 admodum
1316 1191 1423 1246 antea
1435 1182 1606 1258 fauebant,

388 1285 461 1349 iam
474 1303 512 1350 se
527 1288 662 1352 amicos
676 1290 795 1368 palam
809 1287 1030 1369 profitentur.
1045 1288 1151 1354 Faxit
1166 1291 1242 1371 ipse
1257 1299 1307 1370 ut,
1320 1291 1450 1371 quibus
1463 1289 1608 1353 testimo·

389 1393 488 1456 nium
502 1411 574 1458 non
588 1394 686 1458 deest
701 1396 745 1460 ab
760 1395 826 1469 his.
843 1396 902 1477 qui
916 1397 1003 1460 foris
1018 1407 1111 1472 sunt,
1139 1398 1307 1478 propriae
1324 1413 1507 1478 nunquam
1527 1394 1609 1459 desit

390 1502 627 1565 conscientiae
642 1501 891 1566 testimonium.
908 1503 1063 1584 Alioqui,
1081 1502 1165 1583 quid
1185 1504 1331 1583 prodest
1351 1501 1570 1568 Emmanueli
1583 1501 1610 1562 si

388 1607 562 1688 laudetur,
579 1609 614 1672 in
629 1626 698 1690 quo
712 1610 788 1689 ipse
803 1609 986 1674 ordinatus
1001 1619 1066 1690 est,
1083 1609 1353 1690 institutumque
1368 1609 1560 1687 extollitur,
1578 1607 1610 1670 in

389 1732 458 1795 quo
472 1717 797 1797 reprehensibiliter
810 1717 913 1782 uiuit?

450 1820 560 1885 Multa
576 1825 646 1886 alia
660 1833 753 1904 suut,
771 1842 863 1906 quae
878 1835 1045 1904 operatur
1060 1823 1245 1904 Dominus,
1263 1826 1307 1888 de
1323 1823 1451 1905 quibus
1470 1825 1608 1902 longum

390 1939 484 1994 esset
499 1947 561 2010 per
576 1930 717 2012 singula
738 1933 905 2010 scribere,
927 1932 1136 2012 praesertim
1157 1948 1266 2013 quum
1286 1931 1458 2013 epistolae
1480 1945 1608 1994 mensu·

390 2053 467 2100 ram
481 2035 555 2099 fere
569 2036 696 2101 fuerim
720 2045 1019 2118 praetergressus.
1035 2037 1123 2102 Eam
1141 2038 1250 2120 igitur
1262 2037 1331 2102 hoc
1346 2055 1417 2102 uno
1433 2036 1609 2112 claudens,

370 2203 373 2210 .
389 2142 570 2208 Christum
591 2162 653 2208 oro
670 2161 735 2209 sua
760 2147 796 2208 in
810 2147 913 2210 nobis
928 2146 964 2209 in
983 2147 1060 2210 dies
1087 2146 1180 2210 dona
1196 2146 1362 2226 dignetur
1383 2161 1530 2225 augere,
1546 2159 1610 2224 quo

390 2250 517 2316 ineius
531 2251 636 2316 uinea
649 2253 831 2316 uberiores
844 2254 881 2316 in
896 2251 972 2317 dies
986 2253 1122 2318 fructus
1136 2253 1280 2331 iaciant,
1302 2253 1364 2334 qui
1378 2251 1425 2316 ad
1440 2269 1522 2316 eam
1535 2253 1610 2315 licet

389 2358 576 2422 undecima
601 2357 690 2422 hora
713 2360 834 2422 vocati
858 2369 954 2438 sunt,
982 2376 1122 2440 agoque
1148 2360 1285 2439 gratias
1310 2359 1415 2441 quod,
1444 2377 1526 2423 cum
1545 2373 1611 2422 uon

389 2465 505 2529 desint
525 2466 586 2547 qui
611 2475 874 2530 murmurantes
888 2466 1008 2530 dicant
1033 2473 1067 2530 et
1091 2475 1199 2546 pares
1221 2465 1307 2530 illos
1332 2465 1433 2530 nodis
1449 2465 1574 2544 secr‘str
1591 2463 1611 2542 ¹,

389 2571 580 2652 respondet
594 2590 658 2652 pro
674 2574 748 2637 suis
762 2570 948 2652 Dominus,
966 2575 1067 2638 cuius
1082 2575 1232 2654 utinam,
1249 2575 1325 2638 siue
1347 2575 1524 2653 uiuamuS,
1540 2572 1610 2637 siue

391 2679 596 2757 moriamur,
613 2695 751 2758 semper
766 2682 887 2744 simus
904 2680 1033 2744 Amen.

450 2785 638 2866 Compluti,
655 2786 768 2867 pridie
782 2787 849 2850 cal.
865 2787 1037 2870 Jauuarii,
1054 2805 1147 2850 auno
1163 2805 1185 2851 a
1200 2786 1333 2852 Christi
1346 2788 1553 2852 Natiuitate.

450 2891 506 2956 Ex
521 2891 637 2956 Patris
652 2894 892 2957 Emmanuelis
907 2895 1170 2973 commissione,

593 2999 634 3063 R.
651 2999 690 3062 P.
707 2999 751 3064 V.
765 2999 931 3080 indignus
945 3000 1037 3064 filius
1052 3011 1087 3064 et
1098 3018 1224 3066 seruus
1239 3001 1274 3064 in
1290 3001 1366 3080 X.⁰,

1114 3213 1317 3278 Euuanuau
1337 3214 1483 3278 inutilis

452 3535 498 3597 In
520 3541 671 3615 quartae
691 3535 854 3615 paginae
882 3535 1051 3614 margine
1080 3535 1167 3598 haec
1190 3541 1333 3599 tantam
1356 3534 1546 3616 leguntur.
1570 3532 1612 3612 Q.

394 3640 571 3722 Complut.
588 3643 664 3705 sine
679 3660 786 3706 anuo.

432 3847 442 3903 ,¹
471 3847 560 3892 Verba
570 3847 634 3892 haee
646 3847 835 3902 iuvenumque
845 3848 874 3891 in
883 3847 1083 3890 cernennentes
1093 3846 1203 3901 ejusque
1214 3846 1298 3891 Pater
1306 3847 1332 3891 ei
1339 3857 1399 3891 esse
1408 3847 1569 3891 videturnec
1578 3841 1614 3888 hi·

391 3919 481 3974 apanis
490 3919 577 3963 verbis
588 3920 651 3962 bene
661 3918 790 3973 quadrent
800 3930 847 3964 uec
857 3919 1029 3974 pereplcuum,
1038 3919 1111 3964 noble
1120 3920 1223 3973 saltem,
1232 3929 1336 3964 aeneum
1345 3917 1441 3964 habere
1449 3918 1576 3963 videntur.

432 3987 444 4023 Ι
471 3989 573 4044 Matth,
585 4001 629 4046 xx,
641 3989 674 4035 12.
975 4003 980 4012 ·
