3382 5528
346 527 405 584 *tlt
737 499 1200 594 Lmrnanounorrunsraas

412 669 531 747 Pueri,
549 660 812 750 adolescentes,
830 687 948 749 senes,
966 669 1114 734 summis
1127 667 1264 731 viribus
1284 665 1425 729 student
1447 663 1571 728 confes·

350 777 460 840 sionis
474 786 616 857 portum
630 785 762 854 tenere,
783 794 910 858 parum
924 785 1091 841 curantes
1106 774 1191 856 quid
1210 791 1253 837 ea
1272 771 1315 836 de
1336 789 1376 835 re
1398 773 1570 835 nonnullo·

349 901 429 947 rum
444 883 637 947 rumusculi
661 885 833 947 iactitent:
854 884 981 965 quibus
999 900 1071 946 non
1091 882 1205 946 solum
1225 881 1270 943 ab
1286 880 1449 961 incoepto
1470 877 1572 942 semel

349 989 491 1070 pietatis
505 990 622 1054 studio
641 1008 712 1054 non
732 991 972 1068 retrahuntur,
995 1006 1120 1053 verum
1140 987 1258 1052 acrius
1278 985 1431 1068 idipsum
1453 1002 1514 1050 eos
1527 985 1572 1047 in·

343 1098 469 1161 cendit
480 1108 515 1161 et
526 1096 732 1162 inflammat.
746 1097 883 1162 Horum
894 1099 930 1161 in
941 1115 979 1161 re
990 1106 1064 1160 tam
1075 1095 1257 1182 fructuosa
1266 1109 1499 1176 perseuerans
1506 1091 1571 1154 ani·

349 1221 440 1284 mua,
465 1203 571 1268 etiam
585 1205 646 1285 qui
659 1204 865 1285 longissime
888 1205 1011 1268 abesse
1031 1203 1254 1281 videbantur,
1276 1203 1314 1265 in
1328 1209 1490 1264 nostram
1503 1215 1571 1262 sen·

351 1311 499 1374 tentiam
522 1310 684 1374 manibus
708 1309 924 1391 pedibusque
948 1327 1039 1391 pene
1064 1309 1215 1374 dixerim
1237 1307 1360 1372 venire
1382 1307 1492 1386 cogit.
1516 1304 1573 1368 Est

350 1416 458 1496 aliud,
481 1416 679 1497 quodcum
705 1418 805 1481 multi
830 1427 975 1498 propter
999 1431 1162 1480 annonae
1188 1415 1374 1478 caritatem
1397 1431 1440 1477 ac
1462 1427 1578 1476 rerum.

350 1524 503 1586 aliarum
516 1523 713 1603 penuriam,
729 1541 836 1605 quam
851 1523 988 1587 invexit
1004 1531 1202 1603 temporum
1218 1521 1368 1585 istorum
1386 1519 1525 1595 iniuria,
1542 1518 1573 1578 in

349 1647 524 1693 summam
548 1647 639 1709 pene
662 1639 908 1711 paupertatem
933 1629 1068 1693 redacti
1096 1629 1182 1708 sint,
1211 1625 1573 1708 praeterquamquod

350 1738 498 1799 multum
520 1736 613 1800 aeris
634 1736 739 1800 alieni
760 1736 960 1816 conflarint,
985 1735 1208 1813 confitentur,
1232 1734 1479 1797 sanctissimae
1500 1749 1571 1795 con·

343 1843 513 1906 fessionis
527 1841 697 1906 beneficio
713 1843 835 1922 adiuti,
851 1859 964 1923 graue
975 1842 1195 1923 paupertatis
1210 1857 1300 1904 onus
1310 1856 1381 1904 non
1396 1856 1510 1919 aequo
1521 1854 1569 1900 so·

350 1951 423 2012 lum
439 1949 568 2027 animo,
585 1965 711 2013 verum
724 1959 758 2012 et
774 1950 884 2013 alacri
895 1950 1049 2014 tolerare
1063 1966 1178 2029 posse.

408 2052 515 2118 Domi
530 2056 720 2119 conciones
735 2055 870 2120 leriatis
891 2056 1015 2120 diebus
1037 2056 1212 2119 habentur
1231 2053 1274 2117 de
1290 2071 1399 2134 more,
1416 2071 1487 2118 non
1503 2053 1574 2116 sine

346 2164 503 2239 maximo
518 2161 648 2227 fructu:
666 2163 794 2226 crescit
808 2163 842 2226 in
858 2163 933 2226 dies
949 2162 1151 2226 auditorum
1165 2177 1346 2225 numerus:
1363 2169 1397 2224 et
1412 2161 1494 2241 quia
1509 2160 1572 2240 pri·

348 2271 470 2359 uatim,
487 2287 578 2350 quae
594 2270 639 2334 ad
660 2270 938 2350 uniuscuiusque
957 2279 1072 2334 artem
1086 2279 1260 2350 spectant,
1278 2267 1524 2346 admonentur,
1541 2265 1575 2328 fit

350 2386 389 2439 vt
404 2377 506 2439 multi
521 2394 592 2439 non
607 2376 749 2456 quidem
763 2386 914 2456 grauate
929 2378 1022 2440 male
1036 2386 1139 2457 parta
1155 2375 1354 2438 restituant.

413 2481 536 2546 Studia
550 2499 614 2562 per
629 2499 763 2562 paucos
773 2483 848 2546 dies
862 2483 1077 2563 intermissa,
1093 2492 1132 2546 vt
1144 2481 1398 2561 magistrorum
1413 2479 1523 2543 animi
1533 2476 1575 2540 ad

351 2591 508 2652 laborem
532 2599 782 2670 repararentur
809 2591 1096 2670 fulcirenturque,
1123 2599 1159 2652 et
1184 2589 1365 2652 auditores
1386 2587 1432 2652 ad
1453 2587 1575 2650 eadem

349 2697 503 2759 alacrius
519 2696 684 2776 redirent,
702 2706 846 2779 postero
861 2715 882 2760 a
903 2696 1175 2762 Sacratissimae
1198 2695 1361 2776 Virginis
1375 2693 1576 2758 Natiuitatis

347 2804 403 2866 die
418 2813 544 2884 coepta
559 2812 651 2882 sunt,
676 2814 782 2884 atque
803 2821 845 2867 eo
868 2805 946 2885 ipso
965 2802 1083 2884 Natali
1103 2803 1160 2867 die
1184 2801 1397 2882 colloquium
1419 2817 1481 2881 per
1495 2799 1574 2864 ado-

347 2912 519 2973 lescentes
541 2919 660 2973 actum
680 2920 744 2983 est,
766 2912 871 2990 paulo
891 2920 973 2973 ante
993 2909 1217 2988 concionem,
1240 2909 1276 2972 in
1298 2907 1434 2972 Mariae
1453 2922 1575 2970 recens

347 3025 453 3079 natae
468 3017 621 3097 laudem,
638 3034 682 3080 ne
702 3017 1021 3080 commendationis
1040 3013 1115 3095 ejus
1130 3025 1223 3078 esset
1238 3030 1368 3094 expers
1386 3015 1496 3077 latina
1514 3013 1574 3075 lin·

348 3139 430 3201 gua:
448 3123 527 3186 libri
542 3123 648 3186 iidem
662 3131 890 3200 enarrantur;
906 3139 1019 3186 nouos
1040 3139 1139 3201 vero,
1161 3137 1249 3202 quos
1264 3137 1386 3184 sumus
1407 3119 1572 3199 interpre-

348 3229 467 3308 taturi,
483 3228 683 3292 distulimus
697 3229 734 3292 in
749 3229 841 3292 diem
852 3228 1048 3292 beatissimi
1059 3229 1189 3306 Lucae,
1202 3228 1285 3308 quia
1298 3236 1383 3290 tunc
1394 3228 1507 3290 solent
1519 3241 1573 3287 au·

349 3336 482 3399 ditores
497 3337 698 3415 conuenire,
714 3336 774 3416 qui
790 3336 941 3416 (gratias
953 3337 1095 3400 Christo
1107 3335 1203 3418 Jesu)
1219 3344 1253 3398 et
1265 3333 1388 3415 pietati
1403 3342 1439 3396 et
1453 3331 1575 3396 litteris

348 3442 514 3521 gnauiter
529 3440 681 3505 student.
697 3442 778 3526 Jam
797 3443 857 3523 qui
873 3443 1078 3506 dialecticae
1098 3443 1184 3506 dant
1205 3456 1361 3522 operam,
1382 3439 1509 3505 mirum
1523 3446 1574 3501 est

347 3565 454 3630 quarn
469 3548 573 3612 auide
589 3549 765 3629 accipiant
780 3550 910 3625 studia,
926 3560 1129 3630 quantaque
1145 3548 1284 3612 futurae
1298 3546 1433 3611 solidae
1448 3545 1575 3610 doctri·

349 3672 416 3716 uae
431 3655 625 3734 praebeant
645 3656 869 3720 documenta.

406 3761 599 3840 MagistriS,
616 3763 740 3843 paucis
756 3773 837 3826 ante
853 3763 986 3840 diebus,
1004 3779 1176 3825 concessa
1191 3771 1244 3825 est
1260 3763 1370 3825 animi
1391 3759 1572 3832 relaxandi

342 3869 461 3947 gratia
478 3868 629 3933 abeundi
649 3870 751 3949 copia
771 3870 807 3933 in
827 3881 995 3933 montana
1018 3871 1096 3932 loca
1116 3869 1196 3932 vrbi
1212 3869 1342 3932 vicina:
1365 3869 1572 3949 commigra-

347 3985 427 4038 runt
447 3976 482 4038 in
504 3976 758 4054 suburbanum,
779 3976 874 4057 quod
894 3976 1085 4040 credebant
1104 3976 1260 4039 futurum
1281 3976 1430 4040 laxitate
1450 3977 1571 4038 saltent

340 4082 589 4162 conspicuum,
605 4100 731 4146 verum
745 4083 811 4146 etsi
826 4082 984 4146 curando
1000 4083 1143 4162 corpori
1158 4100 1229 4147 non
1243 4084 1331 4147 satis
1346 4092 1468 4163 aptum
1488 4082 1573 4160 (erat

339 4187 438 4250 enim
454 4188 585 4266 exigua
601 4189 776 4268 quaedam
792 4207 876 4252 casa
892 4202 925 4252 et
940 4206 1031 4270 quae
1045 4190 1109 4254 vix
1123 4188 1281 4269 hospites
1296 4187 1482 4268 capiebat),
1500 4187 1569 4250 ani-

347 4311 425 4357 mus
440 4305 558 4358 tamen
574 4296 730 4359 omnium
745 4305 798 4358 est
820 4297 1072 4374 supramodum
1092 4296 1323 4373 exhilaratus;
1349 4295 1505 4358 cubitum
1519 4303 1571 4382 est

347 4401 442 4464 enirn
457 4401 493 4464 in
508 4402 660 4481 stabulo,
677 4402 848 4465 lodicibus
862 4403 1040 4482 involutis,
1062 4403 1183 4465 subter
1204 4401 1307 4465 soeno
1322 4401 1450 4482 posito,
1475 4400 1572 4462 cuius

349 4525 391 4570 eo
406 4509 443 4570 in
458 4510 537 4572 loco
553 4509 691 4572 abunde
712 4520 800 4572 erat.

403 4613 466 4678 Est
488 4618 588 4679 locus
610 4616 667 4679 hic
690 4616 774 4679 seris
796 4615 991 4679 abundans.
1021 4615 1172 4696 Quidam
1196 4624 1314 4680 autem
1342 4633 1388 4679 ex
1412 4613 1571 4679 Patribus

340 4722 460 4801 coepit
483 4723 572 4785 retia
593 4723 739 4786 tendere
760 4722 958 4803 deciditque
977 4724 1014 4786 in
1034 4740 1154 4786 casses
1174 4722 1380 4786 muliercula
1401 4721 1570 4804 quaedam
