3510 5526
518 507 687 567 Annnnna
706 525 738 568 m
757 523 846 568 rouo
865 525 1011 569 sucuuno
1322 509 1377 570 697

149 652 286 717 ciscum
300 653 538 733 Villanouam,
556 656 681 719 iubens
699 671 779 720 eum
799 657 868 720 huc
891 659 1023 734 venire,
1051 665 1090 720 vt
1115 657 1205 720 haec
1229 657 1374 737 negotia

150 775 232 823 cum
252 761 396 824 ciuitate
418 770 601 836 tractaret,
624 763 806 826 ordinaret
827 774 932 844 atque
954 763 1198 827 concluderet:
1218 763 1251 827 is
1270 781 1368 843 uero,

149 867 240 932 febri
254 868 413 948 affectus,
430 867 618 949 impeditus
633 879 688 934 est
700 872 887 950 quominus
907 873 1026 935 statim
1047 872 1183 936 ueniret
1199 889 1311 952 usque
1327 872 1374 936 ad

149 984 316 1038 exactum
331 974 584 1056 Septembrem,
600 977 660 1058 qui
674 977 746 1040 iam
760 986 843 1042 tunc
858 978 992 1042 inuenit
1006 979 1178 1060 quosdam
1190 979 1319 1042 iratres
1330 979 1374 1041 si-

150 1082 235 1160 mul,
252 1097 340 1162 quos
355 1081 497 1146 domina
513 1081 721 1147 Marcbiona
736 1092 897 1148 materna
915 1083 1046 1165 pietate
1066 1085 1219 1166 hospitio
1241 1085 1278 1148 in
1299 1086 1374 1148 suis

150 1188 297 1252 aedibus
310 1199 511 1270 exceperat,
528 1189 771 1272 retinebatque
785 1207 851 1254 nos
864 1208 987 1254 omnes
1001 1191 1037 1254 in
1052 1208 1116 1255 sua
1132 1193 1214 1256 aula
1228 1208 1300 1272 qua
1313 1205 1375 1272 po-

149 1303 243 1358 terat
258 1295 431 1360 charitate
445 1297 614 1361 maxima.
1170 1321 1178 1328 ¹

208 1402 369 1486 Jusserat
384 1403 524 1468 interim
540 1405 617 1484 ipsa
638 1405 780 1468 cuidam
799 1404 932 1469 famulo
953 1422 1018 1469 suo
1040 1421 1168 1486 parare
1190 1406 1293 1470 nobis
1314 1405 1375 1470 do-

147 1525 245 1573 mum
260 1509 458 1590 Cordubae,
475 1529 581 1591 quarn
599 1510 637 1576 P.
659 1511 836 1576 Antonius
854 1513 991 1593 pridem
1012 1512 1134 1576 habuit
1156 1513 1201 1576 ab
1223 1513 1374 1576 ecclesia

147 1617 379 1698 eamdemque
394 1617 579 1682 habitauit.
598 1617 697 1698 Quae
709 1635 790 1683 cum
802 1637 843 1682 ea
856 1620 1105 1684 commoditate
1117 1631 1266 1698 careret,
1283 1635 1376 1700 quae

146 1733 242 1787 esset
266 1725 422 1788 maxime
446 1727 650 1788 necessaria
675 1726 721 1789 ad
747 1726 902 1806 aptanda
920 1727 1121 1808 gymnasia,
1145 1711 1299 1790 samu'lus
1316 1723 1375 1790 ille

148 1831 373 1910 quaeritabat
387 1831 530 1896 domum
550 1834 673 1911 aliam3
696 1833 840 1898 tandem
861 1833 996 1897 inuenit
1017 1834 1161 1898 domum
1181 1833 1373 1914 quamdam

148 1937 283 2002 domini
307 1938 388 2002 Dou
413 1939 495 2018 (sic)
521 1940 669 2023 Joannis
697 1941 740 2004 de
765 1939 946 2018 Corduba,
977 1941 1094 2020 patrui
1123 1940 1224 2004 ducis
1249 1937 1371 2015 Sesae,

149 2061 256 2125 quam
271 2045 329 2109 iile
343 2047 461 2126 potius
475 2047 600 2110 obtulit
615 2046 870 2111 satisfactionis
888 2056 922 2109 et
942 2047 1118 2110 amicitiae
1138 2046 1271 2109 veteris
1290 2061 1374 2125 gra·

147 2153 209 2220 tia.
226 2169 333 2233 quam
347 2169 429 2217 curn
442 2151 549 2216 Patre
562 2152 720 2217 Antonio
734 2154 919 2233 habuerat,
936 2169 1041 2234 quam
1060 2153 1153 2233 quod
1168 2163 1263 2216 esset
1282 2151 1372 2215 bene

146 2258 295 2322 affectus
309 2275 396 2338 erga
411 2257 625 2324 Societatem
640 2268 675 2323 et
689 2277 774 2340 erga
790 2261 972 2324 decretum
985 2258 1102 2323 Patris
1112 2258 1260 2323 Antonii
1273 2260 1309 2322 in
1321 2257 1371 2321 in·

144 2381 273 2444 gressu
297 2363 499 2440 Societatis3
528 2365 644 2430 aiebat
664 2367 757 2430 enim
776 2367 835 2430 iile
854 2368 951 2430 “esse
966 2361 1153 2430 Teatinum
1172 2383 1249 2430 esse
1268 2365 1372 2428 desa·

143 2471 240 2551 trito,
252 2522 263 2551 ,
276 2473 372 2553 quod
385 2473 484 2537 latini
499 2473 774 2538 deliramentum
789 2483 932 2536 uocant.
948 2474 1076 2538 Postea
1098 2489 1183 2537 uero
1204 2489 1286 2536 cum
1305 2471 1372 2534 Pa-

145 2578 212 2641 tris
226 2577 438 2643 Vilianouae
458 2580 632 2645 aduentus
657 2580 703 2643 ad
727 2580 871 2644 Domini
897 2579 978 2644 Don
1001 2580 1149 2662 Joannis
1170 2595 1275 2643 aures
1294 2595 1372 2659 per·

144 2685 318 2765 uenisset,
345 2685 508 2768 quodque
536 2688 581 2752 ad
606 2687 867 2751 xenodochium
891 2687 1080 2752 diuerteret
1104 2687 1217 2750 donec
1243 2687 1371 2749 domus

144 2794 356 2874 parabatur,
382 2793 497 2858 effecit
521 2795 616 2858 illico
640 2792 721 2858 Don
748 2793 904 2877 Joannes
933 2811 1014 2858 cum
1044 2793 1176 2858 famulo
1204 2793 1371 2856 dominae

144 2899 376 2964 Marchionae
390 2909 431 2964 vt
453 2901 498 2965 ad
519 2918 558 2965 se
578 2900 721 2965 Patrem
745 2901 993 2965 Vilianueuam
1017 2899 1221 2978 adduceret,
1249 2903 1368 2965 animo

143 3007 265 3088 potius
289 3025 351 3072 eos
377 3006 386 3040 ¹
409 3009 568 3072 tentandi
590 3025 696 3090 quam
718 3009 813 3089 apud
834 3025 872 3071 se
890 3007 1094 3088 recipiendi.
1116 3007 1206 3071 Tam
1224 3009 1369 3072 sinistre

143 3115 240 3178 enim
255 3115 298 3179 de
313 3113 491 3180 Societate
505 3116 725 3196 loquebatur,
742 3126 782 3178 vt
795 3115 833 3179 P.
856 3113 1028 3195 Magister
1046 3114 1153 3178 Auila
1172 3114 1195 3193 ³,
1219 3117 1290 3194 qui,
1311 3133 1370 3196 pe·

142 3221 246 3285 rinde
260 3237 304 3285 ac
316 3229 378 3285 tua
394 3221 606 3302 Patemitas,
622 3239 702 3286 eam
716 3221 729 3253 ⁸
743 3221 878 3286 adiuuit
887 3222 1044 3302 fauitque
1059 3222 1134 3285 eius
1146 3222 1252 3285 rebus
1262 3231 1367 3304 atque
1413 3253 1418 3260 ·

143 3326 286 3407 direxit,
313 3330 422 3394 multo
448 3330 563 3410 magis
587 3330 665 3394 eius
688 3331 701 3360 ⁴
726 3329 1057 3407 contradictionem,
1084 3345 1191 3409 quarn
1219 3329 1369 3394 alicuius

142 3435 293 3498 alterius
312 3435 462 3514 timeret,
489 3445 614 3517 vtpote
635 3437 695 3517 qui
713 3437 848 3516 primus
867 3437 913 3500 sit
935 3436 1041 3500 huius
1060 3436 1225 3499 ciuitatis.
1246 3434 1368 3500 Caete-

142 3557 225 3605 rum
238 3541 299 3606 ubi
314 3541 420 3606 Pater
433 3543 647 3608 Villanueua
662 3560 743 3607 cum
757 3543 868 3607 fratre
881 3542 1031 3607 Alionso
1046 3543 1165 3622 Lopez
1187 3544 1233 3606 ad
1251 3545 1367 3623 ipsum

143 3648 319 3728 adienmt,
336 3665 448 3730 vsque
462 3650 553 3714 adeo
566 3651 617 3713 illi
630 3650 724 3730 grati
738 3649 837 3714 suere
852 3659 887 3714 et
901 3651 938 3713 in
952 3649 1271 3713 communicatione
1282 3661 1317 3713 et
1330 3651 1366 3712 in

143 3758 285 3820 ratione
309 3757 458 3821 instituti
482 3753 682 3836 Societatis‚
708 3773 815 3837 quam
838 3757 1094 3838 explicuerunt,
1122 3765 1160 3819 vt
1185 3756 1366 3820 videretur

142 3861 320 3926 Dominus
334 3872 453 3927 noster
468 3863 543 3927 eius
567 3864 763 3927 visceribus
787 3860 1000 3928 Societatem
1020 3863 1223 3926 inseruisse.
1247 3861 1366 3942 Quare

140 3969 266 4034 statim
280 3987 361 4034 cum
375 3970 427 4034 eis
441 3987 549 4051 agere
569 3971 697 4052 coepit,
721 3987 875 4051 quonam
897 3982 1002 4051 pacto
1025 3987 1108 4034 suas
1128 3969 1366 4050 amplissimas

139 4073 263 4153 aedes,
289 4092 379 4156 quas
402 4076 456 4140 bis
480 4074 696 4157 aedificarat,
723 4074 893 4141 Societati
913 4077 1087 4140 traderet:
1108 4076 1248 4140 fuerant
1270 4076 1366 4140 enim

134 4191 223 4263 post
237 4181 388 4263 primam
403 4185 703 4247 constructionem
719 4183 943 4262 combustae;
965 4183 1156 4246 constitere
1176 4193 1295 4247 autem
1316 4183 1368 4254 illi

181 4457 191 4492 ¹
217 4457 280 4514 8⁰⁸3
294 4460 410 4518 Patrem,
427 4461 535 4516 scilicet,
551 4428 719 4506 artensium
734 4463 766 4507 de
781 4461 951 4516 Vitianum,
967 4462 1071 4516 eiusque
1085 4461 1190 4518 socium,
1207 4463 1368 4518 Atpuonnm

134 4531 249 4647 Memfi.
260 4601 373 4656 Jeeuner
381 4603 413 4648 de
425 4603 512 4648 Aetia.

180 4671 194 4706 ⁸
221 4669 334 4727 sutton,
349 4674 515 4720 marstem.

181 4745 195 4778 ὅ
222 4743 323 4791 Domini
334 4745 441 4800 Decani,
451 4746 557 4801 Joannia
567 4749 598 4792 de
609 4747 735 4792 Corduba.

250 4835 288 4893 T.
306 4854 345 4896 ιν.
