3472 5528
609 1288 854 1374 ODXOVII

183 1687 216 1745 Ρ.
231 1689 349 1748 Petrus
362 1689 523 1750 Martinez

217 1787 303 1846 Patri
317 1787 445 1862 Ignatio
460 1787 501 1848 de
515 1789 565 1848 Lo
568 1791 658 1863 yola.

248 1885 441 1959 Methymna
454 1887 582 1961 Campi,
596 1887 633 1946 30
645 1887 773 1962 Aprilis
789 1887 857 1945 1556
872 1886 891 1942 ¹.

688 2227 787 2310 Jhus

189 2525 287 2593 Pater
302 2531 339 2593 in
354 2511 418 2594 X.⁰
433 2529 623 2593 admodum
636 2527 711 2592 R.de

189 2633 259 2700 Pax
274 2637 357 2718 Xpi.

189 2741 286 2821 Quod
301 2763 346 2808 ex
361 2745 416 2808 his
431 2745 541 2808 literis
556 2744 619 2807 tibi
642 2744 927 2824 cognoscendum
947 2763 985 2808 se
1007 2745 1118 2823 offert,
1143 2754 1197 2808 est
1217 2745 1349 2808 incolu-

136 2849 194 2911 mis
208 2851 309 2932 (Xpo.
325 2853 455 2932 gratia)
475 2852 622 2916 Patrum
641 2851 860 2933 fratrumque
883 2853 1061 2916 valetudo.
1082 2851 1181 2932 Quae
1201 2869 1287 2915 vero
1304 2851 1349 2914 ad

136 2951 194 3018 Dei
208 2959 337 3022 cultum
353 2968 526 3039 spectant,
553 2969 592 3023 vt
607 2958 858 3038 consessiones
885 2959 1033 3040 quaein
1059 2967 1179 3022 nostro
1206 2959 1347 3039 templo,

136 3063 355 3129 xenodochiis
379 3079 414 3129 et
439 3067 610 3131 custodiis
634 3066 784 3147 publicis
803 3065 900 3144 fiunt,
929 3075 1160 3144 caeteraeque
1186 3066 1221 3129 id
1236 3081 1350 3145 genus

135 3171 406 3252 exercitationes
424 3175 538 3254 magis
554 3174 737 3255 magisque
753 3174 788 3236 in
808 3173 882 3235 dies
908 3181 1082 3236 crescunt.
1108 3172 1186 3236 Huc
1210 3172 1348 3236 accedit

134 3275 413 3344 scholasticorum
430 3279 608 3360 profectus
623 3291 695 3344 tam
710 3280 831 3358 literis
847 3297 953 3360 quam
969 3297 1128 3358 numeru,
1142 3280 1271 3360 quippe
1284 3279 1348 3361 qui

138 3381 260 3450 uuest.

186 3491 305 3558 Frater
316 3495 557 3574 Hieronymus
569 3493 714 3572 Acusta‚
729 3494 875 3557 Antonii
889 3493 1042 3557 Acustae
1054 3493 1155 3572 filius
1168 3505 1201 3556 et
1211 3494 1241 3556 is
1252 3494 1349 3574 quin·

135 3613 195 3675 que
207 3599 367 3681 fratrum,
383 3602 443 3682 qui
467 3581 538 3665 vna
562 3619 643 3664 cum
668 3619 710 3665 eo
735 3619 773 3664 se
796 3600 852 3663 hic
879 3599 1046 3664 Societati
1068 3599 1247 3676 addixere,
1264 3612 1350 3666 natu

136 3708 309 3787 maximus
326 3709 436 3772 multa
452 3719 486 3772 et
500 3709 686 3788 praeclara
705 3706 825 3771 diuino
842 3696 937 3770 'cultu
958 3717 1063 3789 atque
1086 3708 1139 3770 sui
1162 3709 1349 3772 vocatione

136 3810 232 3892 digna
246 3815 393 3895 faciens,
409 3833 447 3879 se
462 3816 637 3895 insignem
651 3815 803 3878 exhibet.
820 3813 872 3878 Ita
887 3815 967 3877 huic
984 3824 1149 3895 parentes
1163 3813 1350 3879 affixerant

136 3924 256 4002 ocutos¹
273 3933 311 3986 vt
326 3933 421 3986 totus
436 3925 597 4004 populus,
614 3939 694 3984 cum
713 3901 879 4002 perspicit
905 3939 1012 4002 quam
1037 3920 1141 3984 hilari
1165 3920 1257 3985 facie
1272 3921 1348 3985 Deo

136 4025 223 4092 illum
236 4030 488 4108 dedicauerint‚
510 4029 715 4092 admiretur.
740 4029 841 4092 Alter
860 4028 970 4109 frater
993 4029 1097 4092 simul
1116 4045 1196 4092 cum
1217 4046 1272 4108 e0,
1290 4047 1349 4092 no-

136 4135 373 4218 mineGaspar
388 4135 541 4213 qurez,
564 4146 598 4199 et
623 4137 740 4198 latinis
767 4147 914 4217 vterque
939 4137 1049 4198 literis
1075 4137 1161 4200 satis
1177 4137 1348 4216 eruditus

136 4242 300 4308 admissus
322 4255 387 4308 est.
410 4243 557 4323 Doctor,
584 4261 687 4324 quem
711 4243 884 4323 proximis
906 4243 1016 4306 literis
1037 4241 1205 4307 Societati
1226 4245 1296 4308 iam
1312 4261 1349 4307 se

136 4347 310 4415 deuouisse
336 4350 595 4431 praedixeram,
623 4351 751 4414 missus
776 4367 796 4412 a
822 4348 924 4412 nobis
950 4359 1003 4411 est
1028 4349 1274 4429 Septimancas
1291 4353 1350 4415 vbi

136 4457 344 4534 probationis
356 4458 500 4522 domum
511 4458 605 4521 colit.
619 4457 685 4520 Hic
698 4457 878 4520 Bononiae
891 4473 1055 4536 supremo
1065 4475 1241 4521 canonum
1254 4459 1350 4522 fasti·

135 4563 189 4641 gio
199 4565 383 4646 insignitus
395 4575 459 4644 est,
477 4575 511 4628 et
536 4564 755 4645 Segobrigae
777 4575 887 4643 ortuS,
906 4564 963 4627 cui
978 4583 1023 4628 ex
1038 4566 1258 4644 regressibus
1274 4565 1349 4630 red·

172 4807 180 4841 ¹
207 4811 391 4866 autographae
401 4809 495 4865 duplici
507 4809 576 4863 solio,
587 4810 670 4864 primo
680 4820 704 4852 n.
715 4809 762 4864 374,
774 4810 857 4853 altero
867 4821 917 4854 non
928 4815 1072 4857 numerato.
