3504 5532
408 522 460 588 lot
789 523 961 590 errnnat
980 539 1251 598 ouaoanrssrnus

407 674 508 738 nobis
532 675 716 740 altitudine
740 675 883 740 circiter
907 676 1014 741 trium
1044 676 1207 740 ulnarum
1228 692 1309 739 cnm
1334 673 1489 739 dimidia.
1516 673 1630 738 Altari

407 797 556 862 summo,
572 790 611 846 ut
623 784 699 864 ipse
714 783 837 862 voluit,
853 783 1094 864 imposuimus,
1122 793 1158 849 et
1179 783 1350 864 parietem
1373 800 1395 846 a
1409 791 1513 862 tergo
1527 782 1629 860 nigro

406 890 580 954 uelamine
599 889 812 971 operuimus
833 889 926 954 unde
951 907 1119 972 magnam
1139 889 1355 954 intuentibus
1373 889 1507 953 excitat
1526 887 1630 951 deuo·

405 996 548 1060 tionem.
578 995 675 1060 Idem
704 1013 844 1079 quoque
875 996 919 1060 D.
946 997 1159 1062 Laurentius
1184 997 1329 1060 linteum
1352 1006 1511 1076 tegmen,
1537 995 1629 1077 quod

404 1106 649 1185 supracoelum
665 1115 805 1186 uocant,
821 1105 928 1182 dedit,
954 1105 1047 1188 quod
1071 1123 1165 1170 nunc
1187 1105 1253 1186 ipsi
1270 1105 1374 1169 altari
1400 1104 1559 1168 imminet
1574 1119 1628 1166 su·

403 1212 633 1293 prepositum.
650 1211 847 1278 Candidum
862 1213 947 1277 illud
968 1220 1032 1290 est,
1049 1213 1086 1277 in
1111 1213 1225 1277 medio
1244 1212 1378 1276 habens
1399 1227 1527 1275 nomen
1542 1211 1626 1294 Jesn

403 1318 641 1399 intertextum,
659 1337 729 1384 nna
744 1337 824 1384 cum
838 1320 989 1402 geminis
1004 1321 1167 1401 utrinque
1188 1319 1334 1399 angelis.
1358 1317 1473 1400 Quam
1493 1319 1629 1382 obrem

404 1442 498 1490 nunc
514 1428 623 1492 multo
638 1427 752 1492 maior
766 1436 820 1490 est
834 1429 870 1490 in
885 1428 1014 1508 templo
1026 1437 1149 1492 nostro
1161 1426 1359 1507 frequentia
1371 1443 1504 1504 eorum,
1518 1425 1629 1507 quise

402 1533 485 1597 illuc
499 1533 544 1598 ad
559 1534 772 1600 audiendum
788 1551 931 1599 sacrum
944 1551 1048 1599 mane
1064 1533 1260 1604 conferunt.
1281 1531 1628 1598 communicantium

402 1640 475 1704 illic
488 1657 654 1705 numerus
669 1639 887 1722 frequentius
901 1659 979 1706 esse
995 1641 1178 1705 consueuit
1199 1641 1326 1722 uiginti
1345 1651 1472 1705 octauo
1487 1657 1628 1721 quoqne

401 1747 469 1828 die,
485 1747 566 1812 licet
578 1749 763 1829 plusquam
779 1749 925 1828 triginta
941 1749 1152 1830 quandoque
1166 1748 1307 1812 suerint:
1321 1763 1505 1829 speramus
1515 1749 1628 1811 multo

400 1855 519 1934 plures
533 1855 604 1919 cito
616 1855 703 1934 fore,
720 1866 924 1936 praestante
938 1855 1102 1921 Domino.
1120 1853 1234 1920 Maior
1245 1855 1309 1919 luit
1321 1854 1389 1918 hoc
1400 1871 1493 1918 anno
1504 1855 1626 1935 populi

402 1959 448 2024 ad
463 1963 594 2043 templa
610 1963 727 2027 omnia
741 1963 779 2027 in
793 1963 862 2027 hac
874 1964 959 2027 urbe
975 1979 1179 2038 concursus,
1197 1979 1303 2044 quam
1318 1977 1473 2043 unquam
1487 1959 1626 2025 fuerita

399 2069 517 2132 multis
531 2070 644 2150 annis,
661 2078 698 2134 ut
713 2069 906 2149 dicebatur,
923 2079 1067 2151 propter
1091 2069 1281 2134 iubiiaeum
1306 2079 1389 2132 tunc
1414 2067 1587 2149 temporis
1603 2087 1624 2131 a

398 2173 542 2240 Summo
556 2174 750 2240 Pontifice¹
776 2176 858 2240 hnic
883 2177 962 2244 urbi
987 2193 1207 2241 concessum.
1231 2175 1352 2256 Neque
1376 2173 1483 2240 etiam
1497 2191 1626 2256 parum

397 2280 560 2346 uidentur
574 2282 755 2346 hominum
775 2283 833 2347 hic
852 2283 977 2347 mutati
1002 2301 1129 2363 mores,
1146 2293 1184 2346 ut
1208 2299 1424 2362 magnopere
1449 2280 1626 2345 Dominus

396 2389 595 2453 laudandus
610 2389 667 2453 sit:
683 2391 862 2454 nonenim
877 2390 1069 2454 audiuntur
1080 2391 1229 2471 amplius
1241 2399 1292 2454 tot
1306 2388 1557 2470 blasphemiae,
1571 2399 1625 2453 tot

396 2505 564 2562 sexcenta
580 2497 650 2560 alia
665 2497 769 2574 mala,
786 2515 876 2579 quae
901 2497 951 2577 (ut
976 2497 1149 2576 audimus)
1175 2497 1211 2561 in
1235 2497 1302 2560 hac
1327 2495 1413 2560 urbe
1432 2495 1624 2577 aliquando

395 2603 538 2669 inuenta
555 2613 646 2670 sunt.
664 2601 742 2669 Deo
767 2603 895 2668 iterum
918 2604 1066 2685 gratias,
1094 2605 1154 2686 qni
1168 2603 1306 2685 plebem
1330 2621 1431 2668 suam
1457 2603 1624 2668 uisitasse

395 2709 548 2775 uidetur.

453 2815 639 2900 Reliquum
653 2819 740 2884 illud
754 2827 818 2898 est,
836 2827 874 2883 ut
888 2819 931 2882 de
945 2817 987 2882 R.
1005 2816 1078 2882 1).ηΙ
1093 2817 1284 2899 Episcopi¹
1303 2817 1400 2882 urbis
1419 2818 1535 2897 huius,
1552 2835 1620 2882 nec

393 2935 515 2989 uomet
529 2925 824 2991 Excellentissimi
844 2925 1102 2991 Gubernatoris
1122 2923 1258 3010 ipsius⁸
1279 2941 1365 3005 erga
1385 2943 1451 2989 nos
1470 2942 1622 3006 propen-

393 3033 498 3097 sitate
512 3033 622 3096 animi
632 3033 798 3098 dicerem:
815 3033 877 3098 sed
892 3036 962 3098 iam
977 3043 1116 3114 tempus
1130 3044 1196 3113 est,
1210 3042 1248 3096 ut
1267 3032 1323 3096 his
1344 3032 1486 3096 modum
1510 3032 1621 3112 impo-

391 3156 486 3204 nam.
504 3138 621 3204 Unum
636 3150 754 3204 tamen
768 3121 837 3204 boc
852 3141 951 3221 prins
969 3139 1130 3216 dixerim,
1151 3156 1217 3203 nos
1235 3155 1317 3202 cum
1335 3139 1433 3220 ipsis,
1456 3149 1530 3202 tum
1546 3141 1620 3220 plu-

391 3245 489 3310 ribus
500 3246 580 3310 aliis
591 3247 746 3312 ciuitatis
757 3247 860 3312 huius
872 3247 1096 3328 primoribus
1110 3234 1464 3327 plurimnmprolecto
1476 3245 1618 3310 debere.

391 3351 489 3434 Quos
504 3365 627 3418 omnes
641 3352 682 3418 R.
700 3353 737 3418 P.
755 3353 864 3434 Tuae,
881 3372 1016 3436 nosque
1033 3353 1204 3434 imprimis
1215 3353 1385 3434 singulos,
1399 3369 1524 3436 meque
1535 3363 1621 3416 ante

390 3460 479 3524 alios
494 3462 603 3526 multo
618 3461 734 3542 magis
748 3461 941 3541 indigente,
959 3478 1066 3542 quam
1086 3462 1240 3525 maxime
1262 3460 1562 3540 commendamus,
1579 3475 1620 3525 vt

389 3567 464 3631 suis
475 3584 541 3632 nos
555 3568 648 3648 apud
663 3567 855 3633 Dominum
869 3568 1034 3649 precibus
1049 3568 1098 3632 ita
1113 3567 1180 3631 sibi
1194 3568 1460 3632 commendatos
1471 3568 1568 3644 uelit,
1579 3581 1620 3632 nt

389 3673 465 3738 lieri
479 3674 562 3739 inde
576 3675 647 3738 cito
662 3691 862 3740 mereamur
873 3677 973 3754 tales,
987 3675 1202 3756 qualesipsa
1213 3691 1279 3739 nos
1291 3675 1389 3757 cupit
1400 3675 1436 3738 in
1447 3673 1616 3754 Domino,

389 3781 448 3846 cui
463 3781 530 3846 soli
544 3783 632 3862 leue,
646 3782 760 3846 bonor
775 3791 810 3846 et
823 3781 937 3863 gloria
953 3798 1015 3862 per
1029 3781 1164 3846 infinita
1179 3783 1310 3846 secula.
1326 3780 1454 3847 Amen.

446 3886 594 3970 Tyburi,
610 3887 668 3953 die
681 3887 731 3953 Xl
746 3887 881 3970 Aprilis
900 3887 988 3952 1556.

447 3992 490 4059 R.
506 3993 544 4058 P.
561 3993 602 4060 T.
620 3995 885 4076 indignissimus
899 3996 935 4058 in
950 3993 1042 4076 Xpo.
1060 3993 1161 4076 filins,

447 4099 503 4166 Ex
513 4102 683 4166 mandato
698 4100 740 4167 R.
758 4101 795 4166 P.
813 4100 987 4167 Rectoris.

1233 4262 1454 4336 statamus.

425 4486 433 4520 ¹
462 4485 545 4530 Panlo
555 4483 601 4529 lv.

426 4559 436 4588 ¹
464 4557 571 4609 Joannl·
582 4557 701 4602 Andreae
712 4555 801 4602 Croce.
812 4557 879 4602 Vide
895 4556 1006 4603 Pouncr
1018 4557 1173 4613 Chronicon,
1182 4566 1201 4604 t.
1212 4571 1248 4613 rr,
1262 4571 1323 4616 pag.
1332 4561 1367 4616 25,
1377 4573 1402 4606 n.
1412 4560 1437 4606 81
1453 4567 1480 4606 et
1494 4569 1584 4608 annot.
1594 4565 1616 4608 8.

425 4629 436 4662 ³
463 4628 623 4686 Tybnrtlnae
635 4629 752 4674 civitatis
762 4629 950 4684 gubernatore·
960 4628 1008 4675 boc
1022 4641 1089 4676 anno
1106 4631 1185 4688 inere,
1196 4643 1213 4677 a
1223 4633 1321 4688 Populi
1335 4631 1454 4678 Romani
1467 4631 1615 4680 &merva-

383 4699 487 4744 toritus
497 4700 672 4756 electl,prlmo
683 4699 910 4756 angelmarum
919 4702 951 4745 de
963 4701 1105 4760 ¹ulbertonl,
1116 4710 1142 4748 et
1156 4705 1233 4760 paulo
1248 4711 1307 4760 post
1322 4704 1495 4764 Hieronymus
1505 4707 1614 4754 Altlerl.

384 4769 552 4825 Grnrnuurrr,
563 4769 612 4816 De·
628 4770 738 4817 vescovi
747 4776 773 4817 et
783 4773 825 4817 αι’
837 4773 1014 4818 Governatori
1024 4775 1054 4819 di
1068 4773 1162 4830 rivoli,
1171 4787 1231 4832 pag.
1242 4775 1338 4824 tal-1⁶⁶.
