<?xml version="1.0" encoding="UTF-8"?>
<!DOCTYPE html PUBLIC "-//W3C//DTD XHTML 1.0 Transitional//EN"
    "http://www.w3.org/TR/xhtml1/DTD/xhtml1-transitional.dtd">
<html xmlns="http://www.w3.org/1999/xhtml" xml:lang="en" lang="en">
 <head>
  <title>
</title>
<meta http-equiv="Content-Type" content="text/html;charset=utf-8" />
  <meta name='ocr-system' content='tesseract 3.04.00' />
  <meta name='ocr-capabilities' content='ocr_page ocr_carea ocr_par ocr_line ocrx_word'/>
</head>
<body>
  <div class='ocr_page' id='page_1' title='image "./litteraequadrim00jesugoog/litteraequadrim00jesugoog_0463.png"; bbox 0 0 3382 5528; ppageno 0'>
   <div class='ocr_carea' id='block_1_1' title="bbox 542 493 1339 602">
    <p class='ocr_par' dir='ltr' id='par_1_1' title="bbox 539 493 1339 602">
     <span class='ocr_line' id='line_1_1' title="bbox 542 493 1339 602; baseline 0 -8"><span class='ocrx_word' id='word_1_1' title='bbox 542 493 558 594; x_wconf 78' lang='grc'>;-’</span> <span class='ocrx_word' id='word_1_2' title='bbox 624 557 628 595; x_wconf 70' lang='lat'><em>2</em></span> <span class='ocrx_word' id='word_1_3' title='bbox 663 537 819 602; x_wconf 66' lang='lat' dir='ltr'>arr-„1556</span> <span class='ocrx_word' id='word_1_4' title='bbox 883 561 902 594; x_wconf 63' lang='lat' dir='ltr'>:r</span> <span class='ocrx_word' id='word_1_5' title='bbox 1269 529 1339 594; x_wconf 44' lang='lat' dir='ltr'>:aaa</span> 
     </span>
    </p>
   </div>
   <div class='ocr_carea' id='block_1_2' title="bbox 96 675 1334 4403">
    <p class='ocr_par' dir='ltr' id='par_1_2' title="bbox 96 675 1334 4403">
     <span class='ocr_line' id='line_1_2' title="bbox 98 675 1334 766; baseline -0.011 -16"><span class='ocrx_word' id='word_1_6' title='bbox 98 681 481 752; x_wconf 78' lang='lat' dir='ltr'>-mirilieedeleetantur</span> <span class='ocrx_word' id='word_1_7' title='bbox 496 702 540 748; x_wconf 89' lang='lat' dir='ltr'>ac</span> <span class='ocrx_word' id='word_1_8' title='bbox 554 684 770 762; x_wconf 85' lang='lat' dir='ltr'>excitantur;</span> <span class='ocrx_word' id='word_1_9' title='bbox 787 681 884 762; x_wconf 86' lang='lat' dir='ltr'>quod¹</span> <span class='ocrx_word' id='word_1_10' title='bbox 895 697 999 760; x_wconf 82' lang='lat' dir='ltr'>spero</span> <span class='ocrx_word' id='word_1_11' title='bbox 1010 679 1102 766; x_wconf 79' lang='lat' dir='ltr'>iore,</span> <span class='ocrx_word' id='word_1_12' title='bbox 1122 675 1334 741; x_wconf 76' lang='lat' dir='ltr'>scholastici</span> 
     </span>
     <span class='ocr_line' id='line_1_3' title="bbox 97 783 1334 873; baseline -0.011 -17"><span class='ocrx_word' id='word_1_13' title='bbox 97 793 243 873; x_wconf 74' lang='lat' dir='ltr'>‘primae</span> <span class='ocrx_word' id='word_1_14' title='bbox 252 788 290 856; x_wconf 82' lang='lat' dir='ltr'>&#39;et</span> <span class='ocrx_word' id='word_1_15' title='bbox 300 791 477 856; x_wconf 86' lang='lat' dir='ltr'>secundae</span> <span class='ocrx_word' id='word_1_16' title='bbox 492 789 766 855; x_wconf 84' lang='lat' dir='ltr'>classisfaciunt</span> <span class='ocrx_word' id='word_1_17' title='bbox 776 786 1055 869; x_wconf 82' lang='lat' dir='ltr'>quamplurimos</span> <span class='ocrx_word' id='word_1_18' title='bbox 1065 799 1191 856; x_wconf 85' lang='lat' dir='ltr'>uersus</span> <span class='ocrx_word' id='word_1_19' title='bbox 1199 783 1334 850; x_wconf 86' lang='lat' dir='ltr'>latinos</span> 
     </span>
     <span class='ocr_line' id='line_1_4' title="bbox 96 893 1271 979; baseline -0.007 -17"><span class='ocrx_word' id='word_1_20' title='bbox 96 907 141 962; x_wconf 82' lang='lat' dir='ltr'>et</span> <span class='ocrx_word' id='word_1_21' title='bbox 149 895 318 978; x_wconf 56' lang='lat' dir='ltr'>sgiraecoS,</span> <span class='ocrx_word' id='word_1_22' title='bbox 335 898 495 979; x_wconf 87' lang='lat' dir='ltr'>aliasque</span> <span class='ocrx_word' id='word_1_23' title='bbox 509 899 690 961; x_wconf 91' lang='lat' dir='ltr'>orationes</span> <span class='ocrx_word' id='word_1_24' title='bbox 703 905 738 960; x_wconf 93' lang='lat' dir='ltr'>et</span> <span class='ocrx_word' id='word_1_25' title='bbox 753 893 1030 960; x_wconf 79' lang='lat' dir='ltr'>declamationes</span> <span class='ocrx_word' id='word_1_26' title='bbox 1045 898 1271 971; x_wconf 72' lang='lat' dir='ltr'>componunt</span> 
     </span>
     <span class='ocr_line' id='line_1_5' title="bbox 140 994 1334 1085; baseline -0.013 -13"><span class='ocrx_word' id='word_1_27' title='bbox 140 1067 142 1072; x_wconf 89' lang='lat'><em>.</em></span> <span class='ocrx_word' id='word_1_28' title='bbox 166 1002 347 1080; x_wconf 81' lang='lat' dir='ltr'>Proximis</span> <span class='ocrx_word' id='word_1_29' title='bbox 357 1004 493 1083; x_wconf 90' lang='lat' dir='ltr'>diebus,</span> <span class='ocrx_word' id='word_1_30' title='bbox 509 1020 554 1068; x_wconf 84' lang='lat' dir='ltr'>ex</span> <span class='ocrx_word' id='word_1_31' title='bbox 568 1003 758 1085; x_wconf 87' lang='lat' dir='ltr'>primariis,</span> <span class='ocrx_word' id='word_1_32' title='bbox 775 1009 960 1083; x_wconf 88' lang='lat' dir='ltr'>parentum</span> <span class='ocrx_word' id='word_1_33' title='bbox 972 1015 1148 1066; x_wconf 88' lang='lat' dir='ltr'>consensu</span> <span class='ocrx_word' id='word_1_34' title='bbox 1164 997 1213 1074; x_wconf 91' lang='lat' dir='ltr'>(ut</span> <span class='ocrx_word' id='word_1_35' title='bbox 1224 994 1334 1070; x_wconf 85' lang='lat' dir='ltr'>moris</span> 
     </span>
     <span class='ocr_line' id='line_1_6' title="bbox 109 1106 1333 1192; baseline -0.007 -18"><span class='ocrx_word' id='word_1_36' title='bbox 109 1112 185 1190; x_wconf 88' lang='lat' dir='ltr'>est),</span> <span class='ocrx_word' id='word_1_37' title='bbox 199 1112 246 1183; x_wconf 85' lang='lat' dir='ltr'>ad</span> <span class='ocrx_word' id='word_1_38' title='bbox 260 1109 327 1176; x_wconf 85' lang='lat' dir='ltr'>nos</span> <span class='ocrx_word' id='word_1_39' title='bbox 340 1130 379 1176; x_wconf 89' lang='lat' dir='ltr'>se</span> <span class='ocrx_word' id='word_1_40' title='bbox 394 1121 616 1192; x_wconf 90' lang='lat' dir='ltr'>receperunt,</span> <span class='ocrx_word' id='word_1_41' title='bbox 625 1127 725 1174; x_wconf 62' lang='lat' dir='ltr'>,unus</span> <span class='ocrx_word' id='word_1_42' title='bbox 739 1127 784 1173; x_wconf 86' lang='lat' dir='ltr'>ex</span> <span class='ocrx_word' id='word_1_43' title='bbox 798 1106 1093 1182; x_wconf 70' lang='lat' dir='ltr'>ueteranisalter</span> <span class='ocrx_word' id='word_1_44' title='bbox 1107 1120 1195 1168; x_wconf 85' lang='lat' dir='ltr'>uero</span> <span class='ocrx_word' id='word_1_45' title='bbox 1207 1121 1252 1166; x_wconf 89' lang='lat' dir='ltr'>ex</span> <span class='ocrx_word' id='word_1_46' title='bbox 1263 1119 1333 1166; x_wconf 89' lang='lat' dir='ltr'>me·</span> 
     </span>
     <span class='ocr_line' id='line_1_7' title="bbox 109 1208 1332 1299; baseline -0.007 -20"><span class='ocrx_word' id='word_1_47' title='bbox 109 1217 296 1296; x_wconf 92' lang='lat' dir='ltr'>diocribus;</span> <span class='ocrx_word' id='word_1_48' title='bbox 314 1219 371 1283; x_wconf 93' lang='lat' dir='ltr'>hic</span> <span class='ocrx_word' id='word_1_49' title='bbox 386 1229 464 1283; x_wconf 92' lang='lat' dir='ltr'>erat</span> <span class='ocrx_word' id='word_1_50' title='bbox 477 1235 599 1299; x_wconf 89' lang='lat' dir='ltr'>nepos,</span> <span class='ocrx_word' id='word_1_51' title='bbox 615 1217 736 1280; x_wconf 90' lang='lat' dir='ltr'>nescio</span> <span class='ocrx_word' id='word_1_52' title='bbox 751 1233 798 1279; x_wconf 86' lang='lat' dir='ltr'>an</span> <span class='ocrx_word' id='word_1_53' title='bbox 813 1215 997 1286; x_wconf 79' lang='lat' dir='ltr'>exitatre.</span> <span class='ocrx_word' id='word_1_54' title='bbox 1016 1211 1187 1290; x_wconf 81' lang='lat' dir='ltr'>Magistri·</span> <span class='ocrx_word' id='word_1_55' title='bbox 1198 1208 1332 1287; x_wconf 87' lang='lat' dir='ltr'>Gaspa·</span> 
     </span>
     <span class='ocr_line' id='line_1_8' title="bbox 106 1319 1333 1406; baseline -0.007 -19"><span class='ocrx_word' id='word_1_56' title='bbox 106 1325 166 1402; x_wconf 87' lang='lat' dir='ltr'>ris,</span> <span class='ocrx_word' id='word_1_57' title='bbox 182 1325 375 1390; x_wconf 87' lang='lat' dir='ltr'>Eborensis</span> <span class='ocrx_word' id='word_1_58' title='bbox 387 1325 525 1389; x_wconf 89' lang='lat' dir='ltr'>Decani</span> <span class='ocrx_word' id='word_1_59' title='bbox 540 1335 645 1406; x_wconf 87' lang='lat' dir='ltr'>atque</span> <span class='ocrx_word' id='word_1_60' title='bbox 660 1321 930 1403; x_wconf 87' lang='lat' dir='ltr'>Archiepiscopi</span> <span class='ocrx_word' id='word_1_61' title='bbox 941 1319 1075 1395; x_wconf 60' lang='lat' dir='ltr'>Goael,</span> <span class='ocrx_word' id='word_1_62' title='bbox 1088 1326 1333 1399; x_wconf 63' lang='lat' dir='ltr'>quos&#39;sccutus</span> 
     </span>
     <span class='ocr_line' id='line_1_9' title="bbox 106 1421 1332 1512; baseline -0.008 -18"><span class='ocrx_word' id='word_1_63' title='bbox 106 1429 263 1496; x_wconf 77' lang='lat' dir='ltr'>estfalins</span> <span class='ocrx_word' id='word_1_64' title='bbox 277 1449 323 1496; x_wconf 84' lang='lat' dir='ltr'>ex</span> <span class='ocrx_word' id='word_1_65' title='bbox 336 1431 537 1512; x_wconf 82' lang='lat' dir='ltr'><strong>praecipuis</strong></span> <span class='ocrx_word' id='word_1_66' title='bbox 551 1430 729 1495; x_wconf 86' lang='lat' dir='ltr'>secundae</span> <span class='ocrx_word' id='word_1_67' title='bbox 751 1428 895 1494; x_wconf 87' lang='lat' dir='ltr'>classis:</span> <span class='ocrx_word' id='word_1_68' title='bbox 912 1426 968 1492; x_wconf 92' lang='lat' dir='ltr'>hic</span> <span class='ocrx_word' id='word_1_69' title='bbox 991 1436 1025 1499; x_wconf 86' lang='lat' dir='ltr'>et</span> <span class='ocrx_word' id='word_1_70' title='bbox 1040 1424 1263 1498; x_wconf 83' lang='lat' dir='ltr'>¹nobilissima</span> <span class='ocrx_word' id='word_1_71' title='bbox 1284 1421 1332 1484; x_wconf 84' lang='lat' dir='ltr'>sa·</span> 
     </span>
     <span class='ocr_line' id='line_1_10' title="bbox 107 1530 1331 1620; baseline -0.008 -18"><span class='ocrx_word' id='word_1_72' title='bbox 107 1538 201 1602; x_wconf 91' lang='lat' dir='ltr'>milia</span> <span class='ocrx_word' id='word_1_73' title='bbox 215 1550 333 1617; x_wconf 89' lang='lat' dir='ltr'>natus,</span> <span class='ocrx_word' id='word_1_74' title='bbox 350 1548 384 1602; x_wconf 91' lang='lat' dir='ltr'>et</span> <span class='ocrx_word' id='word_1_75' title='bbox 399 1539 532 1619; x_wconf 91' lang='lat' dir='ltr'>optimo</span> <span class='ocrx_word' id='word_1_76' title='bbox 548 1537 730 1618; x_wconf 84' lang='lat' dir='ltr'>praeditus</span> <span class='ocrx_word' id='word_1_77' title='bbox 744 1545 797 1602; x_wconf 88' lang='lat' dir='ltr'>est</span> <span class='ocrx_word' id='word_1_78' title='bbox 811 1535 965 1617; x_wconf 78' lang='lat' dir='ltr'>iugenio.</span> <span class='ocrx_word' id='word_1_79' title='bbox 982 1534 1100 1615; x_wconf 84' lang='lat' dir='ltr'><strong>Atque</strong></span> <span class='ocrx_word' id='word_1_80' title='bbox 1115 1532 1176 1606; x_wconf 86' lang='lat' dir='ltr'>alii</span> <span class='ocrx_word' id='word_1_81' title='bbox 1190 1547 1260 1594; x_wconf 90' lang='lat' dir='ltr'>non</span> <span class='ocrx_word' id='word_1_82' title='bbox 1275 1530 1331 1620; x_wconf 84' lang='lat' dir='ltr'>de·</span> 
     </span>
     <span class='ocr_line' id='line_1_11' title="bbox 106 1642 1251 1724; baseline -0.003 -17"><span class='ocrx_word' id='word_1_83' title='bbox 106 1644 243 1709; x_wconf 89' lang='lat' dir='ltr'>terioris</span> <span class='ocrx_word' id='word_1_84' title='bbox 256 1645 473 1710; x_wconf 88' lang='lat' dir='ltr'>conditionis</span> <span class='ocrx_word' id='word_1_85' title='bbox 487 1645 581 1709; x_wconf 90' lang='lat' dir='ltr'>idem</span> <span class='ocrx_word' id='word_1_86' title='bbox 594 1645 770 1724; x_wconf 84' lang='lat' dir='ltr'>facerent„</span> <span class='ocrx_word' id='word_1_87' title='bbox 782 1642 1156 1724; x_wconf 78' lang='lat' dir='ltr'>si&#39;potestasdaretur.</span> <span class='ocrx_word' id='word_1_88' title='bbox 1248 1655 1251 1674; x_wconf 88' lang='grc'><em>·</em></span> 
     </span>
     <span class='ocr_line' id='line_1_12' title="bbox 165 1746 1333 1830; baseline -0.006 -15"><span class='ocrx_word' id='word_1_89' title='bbox 165 1751 237 1816; x_wconf 86' lang='lat' dir='ltr'>Nec</span> <span class='ocrx_word' id='word_1_90' title='bbox 252 1753 319 1816; x_wconf 91' lang='lat' dir='ltr'>hos</span> <span class='ocrx_word' id='word_1_91' title='bbox 333 1753 449 1819; x_wconf 90' lang='lat' dir='ltr'>solum</span> <span class='ocrx_word' id='word_1_92' title='bbox 463 1752 599 1816; x_wconf 83' lang='lat' dir='ltr'>fructus</span> <span class='ocrx_word' id='word_1_93' title='bbox 613 1760 774 1816; x_wconf 89' lang='lat' dir='ltr'>nostrum</span> <span class='ocrx_word' id='word_1_94' title='bbox 788 1751 857 1815; x_wconf 89' lang='lat' dir='ltr'>hoc</span> <span class='ocrx_word' id='word_1_95' title='bbox 876 1750 1064 1830; x_wconf 71' lang='lat' dir='ltr'>collegium</span> <span class='ocrx_word' id='word_1_96' title='bbox 1075 1746 1216 1816; x_wconf 76' lang='lat' dir='ltr'>TChristi</span> <span class='ocrx_word' id='word_1_97' title='bbox 1231 1748 1333 1820; x_wconf 77' lang='lat' dir='ltr'>bene·</span> 
     </span>
     <span class='ocr_line' id='line_1_13' title="bbox 106 1853 1332 1936; baseline -0.006 -16"><span class='ocrx_word' id='word_1_98' title='bbox 106 1857 184 1922; x_wconf 90' lang='lat' dir='ltr'>ficio</span> <span class='ocrx_word' id='word_1_99' title='bbox 203 1859 299 1936; x_wconf 87' lang='lat' dir='ltr'>tulit;</span> <span class='ocrx_word' id='word_1_100' title='bbox 322 1860 383 1924; x_wconf 87' lang='lat' dir='ltr'>alii</span> <span class='ocrx_word' id='word_1_101' title='bbox 402 1860 494 1924; x_wconf 85' lang='lat' dir='ltr'>enim</span> <span class='ocrx_word' id='word_1_102' title='bbox 518 1859 617 1922; x_wconf 89' lang='lat' dir='ltr'>multi</span> <span class='ocrx_word' id='word_1_103' title='bbox 629 1857 681 1920; x_wconf 88' lang='lat' dir='ltr'>ad</span> <span class='ocrx_word' id='word_1_104' title='bbox 699 1857 770 1922; x_wconf 89' lang='lat' dir='ltr'>alia</span> <span class='ocrx_word' id='word_1_105' title='bbox 789 1876 828 1922; x_wconf 89' lang='lat' dir='ltr'>se</span> <span class='ocrx_word' id='word_1_106' title='bbox 848 1857 1071 1924; x_wconf 85' lang='lat' dir='ltr'>contulerunt</span> <span class='ocrx_word' id='word_1_107' title='bbox 1089 1853 1272 1932; x_wconf 83' lang='lat' dir='ltr'>coenobia,</span> <span class='ocrx_word' id='word_1_108' title='bbox 1296 1859 1332 1914; x_wconf 92' lang='lat' dir='ltr'>et</span> 
     </span>
     <span class='ocr_line' id='line_1_14' title="bbox 106 1960 1331 2047; baseline -0.007 -19"><span class='ocrx_word' id='word_1_109' title='bbox 106 1967 355 2047; x_wconf 86' lang='lat' dir='ltr'>quamplurimi</span> <span class='ocrx_word' id='word_1_110' title='bbox 365 1967 427 2030; x_wconf 86' lang='lat' dir='ltr'>alii</span> <span class='ocrx_word' id='word_1_111' title='bbox 441 1976 522 2030; x_wconf 90' lang='lat' dir='ltr'>sunt</span> <span class='ocrx_word' id='word_1_112' title='bbox 533 1975 607 2032; x_wconf 88' lang='lat' dir='ltr'>tam</span> <span class='ocrx_word' id='word_1_113' title='bbox 618 1964 770 2030; x_wconf 84' lang='lat' dir='ltr'>modesti</span> <span class='ocrx_word' id='word_1_114' title='bbox 781 1975 924 2047; x_wconf 87' lang='lat' dir='ltr'>tamque</span> <span class='ocrx_word' id='word_1_115' title='bbox 936 1971 1118 2044; x_wconf 84' lang='lat' dir='ltr'>spectatae</span> <span class='ocrx_word' id='word_1_116' title='bbox 1130 1960 1331 2024; x_wconf 88' lang='lat' dir='ltr'>adolescen-</span> 
     </span>
     <span class='ocr_line' id='line_1_15' title="bbox 107 2063 1331 2154; baseline -0.004 -21"><span class='ocrx_word' id='word_1_117' title='bbox 107 2072 187 2146; x_wconf 87' lang='lat' dir='ltr'>tiae,</span> <span class='ocrx_word' id='word_1_118' title='bbox 203 2083 242 2136; x_wconf 89' lang='lat' dir='ltr'>ut</span> <span class='ocrx_word' id='word_1_119' title='bbox 256 2073 343 2137; x_wconf 89' lang='lat' dir='ltr'>nihil</span> <span class='ocrx_word' id='word_1_120' title='bbox 358 2090 478 2154; x_wconf 87' lang='lat' dir='ltr'>supra.</span> <span class='ocrx_word' id='word_1_121' title='bbox 496 2072 599 2154; x_wconf 91' lang='lat' dir='ltr'>Quod</span> <span class='ocrx_word' id='word_1_122' title='bbox 614 2063 756 2154; x_wconf 88' lang='lat' dir='ltr'>quidem</span> <span class='ocrx_word' id='word_1_123' title='bbox 770 2073 832 2136; x_wconf 86' lang='lat' dir='ltr'>uix</span> <span class='ocrx_word' id='word_1_124' title='bbox 846 2072 922 2134; x_wconf 90' lang='lat' dir='ltr'>sine</span> <span class='ocrx_word' id='word_1_125' title='bbox 936 2085 1068 2148; x_wconf 83' lang='lat' dir='ltr'>magna</span> <span class='ocrx_word' id='word_1_126' title='bbox 1088 2066 1331 2132; x_wconf 82' lang='lat' dir='ltr'>consolatione</span> 
     </span>
     <span class='ocr_line' id='line_1_16' title="bbox 105 2173 1330 2261; baseline -0.003 -21"><span class='ocrx_word' id='word_1_127' title='bbox 105 2177 236 2244; x_wconf 79' lang='lat' dir='ltr'>referre</span> <span class='ocrx_word' id='word_1_128' title='bbox 251 2187 407 2260; x_wconf 72' lang='lat' dir='ltr'>possum.</span> <span class='ocrx_word' id='word_1_129' title='bbox 424 2179 535 2244; x_wconf 89' lang='lat' dir='ltr'>Multa</span> <span class='ocrx_word' id='word_1_130' title='bbox 556 2179 760 2261; x_wconf 84' lang='lat' dir='ltr'>quidemde</span> <span class='ocrx_word' id='word_1_131' title='bbox 778 2178 906 2242; x_wconf 91' lang='lat' dir='ltr'>horum</span> <span class='ocrx_word' id='word_1_132' title='bbox 927 2175 1099 2241; x_wconf 90' lang='lat' dir='ltr'>modestia</span> <span class='ocrx_word' id='word_1_133' title='bbox 1120 2173 1330 2255; x_wconf 89' lang='lat' dir='ltr'>optimisque</span> 
     </span>
     <span class='ocr_line' id='line_1_17' title="bbox 104 2281 1329 2368; baseline -0.003 -21"><span class='ocrx_word' id='word_1_134' title='bbox 104 2286 260 2350; x_wconf 89' lang='lat' dir='ltr'>moribus</span> <span class='ocrx_word' id='word_1_135' title='bbox 275 2284 483 2350; x_wconf 85' lang='lat' dir='ltr'>Paternitati</span> <span class='ocrx_word' id='word_1_136' title='bbox 499 2297 581 2351; x_wconf 89' lang='lat' dir='ltr'>tuae</span> <span class='ocrx_word' id='word_1_137' title='bbox 595 2303 737 2368; x_wconf 90' lang='lat' dir='ltr'>possem</span> <span class='ocrx_word' id='word_1_138' title='bbox 758 2285 934 2350; x_wconf 90' lang='lat' dir='ltr'>scribere:</span> <span class='ocrx_word' id='word_1_139' title='bbox 952 2293 1070 2347; x_wconf 88' lang='lat' dir='ltr'>tamen</span> <span class='ocrx_word' id='word_1_140' title='bbox 1084 2282 1168 2363; x_wconf 88' lang='lat' dir='ltr'>quia</span> <span class='ocrx_word' id='word_1_141' title='bbox 1187 2281 1329 2360; x_wconf 81' lang='lat' dir='ltr'>longius</span> 
     </span>
     <span class='ocr_line' id='line_1_18' title="bbox 104 2387 1331 2475; baseline -0.005 -19"><span class='ocrx_word' id='word_1_142' title='bbox 104 2409 209 2471; x_wconf 92' lang='lat' dir='ltr'>quam</span> <span class='ocrx_word' id='word_1_143' title='bbox 223 2403 389 2475; x_wconf 90' lang='lat' dir='ltr'>putaram</span> <span class='ocrx_word' id='word_1_144' title='bbox 404 2395 556 2474; x_wconf 88' lang='lat' dir='ltr'>produxi</span> <span class='ocrx_word' id='word_1_145' title='bbox 571 2411 781 2472; x_wconf 91' lang='lat' dir='ltr'>sermonem,</span> <span class='ocrx_word' id='word_1_146' title='bbox 799 2402 936 2456; x_wconf 91' lang='lat' dir='ltr'>tantum</span> <span class='ocrx_word' id='word_1_147' title='bbox 950 2391 1104 2455; x_wconf 90' lang='lat' dir='ltr'>scribam</span> <span class='ocrx_word' id='word_1_148' title='bbox 1127 2387 1221 2470; x_wconf 92' lang='lat' dir='ltr'>quod</span> <span class='ocrx_word' id='word_1_149' title='bbox 1242 2387 1331 2452; x_wconf 90' lang='lat' dir='ltr'>mihi</span> 
     </span>
     <span class='ocr_line' id='line_1_19' title="bbox 105 2497 1329 2584; baseline -0.002 -22"><span class='ocrx_word' id='word_1_150' title='bbox 105 2501 275 2578; x_wconf 84' lang='lat' dir='ltr'>proximis</span> <span class='ocrx_word' id='word_1_151' title='bbox 298 2500 421 2564; x_wconf 90' lang='lat' dir='ltr'>diebus</span> <span class='ocrx_word' id='word_1_152' title='bbox 440 2501 585 2582; x_wconf 85' lang='lat' dir='ltr'>quidam</span> <span class='ocrx_word' id='word_1_153' title='bbox 606 2500 651 2565; x_wconf 91' lang='lat' dir='ltr'>de</span> <span class='ocrx_word' id='word_1_154' title='bbox 669 2501 800 2564; x_wconf 88' lang='lat' dir='ltr'>nostris</span> <span class='ocrx_word' id='word_1_155' title='bbox 815 2499 1001 2580; x_wconf 84' lang='lat' dir='ltr'>discipulis</span> <span class='ocrx_word' id='word_1_156' title='bbox 1026 2497 1203 2584; x_wconf 77' lang='lat' dir='ltr'>narrauit,</span> <span class='ocrx_word' id='word_1_157' title='bbox 1219 2513 1329 2578; x_wconf 87' lang='lat' dir='ltr'>quem</span> 
     </span>
     <span class='ocr_line' id='line_1_20' title="bbox 105 2602 1331 2687; baseline -0.002 -19"><span class='ocrx_word' id='word_1_158' title='bbox 105 2611 182 2670; x_wconf 83' lang='lat' dir='ltr'>cum</span> <span class='ocrx_word' id='word_1_159' title='bbox 198 2606 353 2687; x_wconf 88' lang='lat' dir='ltr'>quodam</span> <span class='ocrx_word' id='word_1_160' title='bbox 368 2608 425 2672; x_wconf 91' lang='lat' dir='ltr'>die</span> <span class='ocrx_word' id='word_1_161' title='bbox 438 2607 578 2672; x_wconf 66' lang='lat' dir='ltr'>laetitio</span> <span class='ocrx_word' id='word_1_162' title='bbox 594 2608 731 2672; x_wconf 79' lang='lat' dir='ltr'>elatum</span> <span class='ocrx_word' id='word_1_163' title='bbox 751 2607 763 2682; x_wconf 61' lang='lat'>‚⁸</span> <span class='ocrx_word' id='word_1_164' title='bbox 780 2608 953 2686; x_wconf 84' lang='lat' dir='ltr'>intuerer,</span> <span class='ocrx_word' id='word_1_165' title='bbox 970 2606 1113 2674; x_wconf 88' lang='lat' dir='ltr'>nouitas</span> <span class='ocrx_word' id='word_1_166' title='bbox 1134 2605 1186 2668; x_wconf 88' lang='lat' dir='ltr'>rei</span> <span class='ocrx_word' id='word_1_167' title='bbox 1206 2621 1263 2668; x_wconf 86' lang='lat' dir='ltr'>me</span> <span class='ocrx_word' id='word_1_168' title='bbox 1284 2602 1331 2666; x_wconf 88' lang='lat' dir='ltr'>ad</span> 
     </span>
     <span class='ocr_line' id='line_1_21' title="bbox 104 2712 1330 2795; baseline 0 -21"><span class='ocrx_word' id='word_1_169' title='bbox 104 2713 358 2795; x_wconf 86' lang='lat' dir='ltr'>exquirendam</span> <span class='ocrx_word' id='word_1_170' title='bbox 383 2715 538 2780; x_wconf 86' lang='lat' dir='ltr'>laetitiae</span> <span class='ocrx_word' id='word_1_171' title='bbox 563 2733 709 2781; x_wconf 88' lang='lat' dir='ltr'>causam</span> <span class='ocrx_word' id='word_1_172' title='bbox 734 2715 920 2786; x_wconf 88' lang='lat' dir='ltr'>excitauit:</span> <span class='ocrx_word' id='word_1_173' title='bbox 941 2715 971 2778; x_wconf 79' lang='lat' dir='ltr'>is</span> <span class='ocrx_word' id='word_1_174' title='bbox 992 2712 1175 2794; x_wconf 83' lang='lat' dir='ltr'>respondit</span> <span class='ocrx_word' id='word_1_175' title='bbox 1197 2729 1236 2776; x_wconf 87' lang='lat' dir='ltr'>se</span> <span class='ocrx_word' id='word_1_176' title='bbox 1255 2728 1330 2776; x_wconf 88' lang='lat' dir='ltr'>non</span> 
     </span>
     <span class='ocr_line' id='line_1_22' title="bbox 106 2820 1327 2903; baseline -0.002 -19"><span class='ocrx_word' id='word_1_177' title='bbox 106 2825 211 2898; x_wconf 74' lang='lat' dir='ltr'>pos&#39;se¹</span> <span class='ocrx_word' id='word_1_178' title='bbox 221 2822 505 2890; x_wconf 86' lang='lat' dir='ltr'>nonincredibili</span> <span class='ocrx_word' id='word_1_179' title='bbox 518 2822 652 2902; x_wconf 81' lang='lat' dir='ltr'>gaudio</span> <span class='ocrx_word' id='word_1_180' title='bbox 663 2822 885 2903; x_wconf 71' lang='lat' dir='ltr'>perfunditea</span> <span class='ocrx_word' id='word_1_181' title='bbox 898 2821 1122 2903; x_wconf 87' lang='lat' dir='ltr'>potissimum</span> <span class='ocrx_word' id='word_1_182' title='bbox 1141 2820 1185 2885; x_wconf 91' lang='lat' dir='ltr'>de</span> <span class='ocrx_word' id='word_1_183' title='bbox 1206 2833 1327 2899; x_wconf 82' lang='lat' dir='ltr'>causa,</span> 
     </span>
     <span class='ocr_line' id='line_1_23' title="bbox 105 2926 1326 3014; baseline -0.003 -23"><span class='ocrx_word' id='word_1_184' title='bbox 105 2928 197 3007; x_wconf 92' lang='lat' dir='ltr'>quod</span> <span class='ocrx_word' id='word_1_185' title='bbox 211 2946 253 2992; x_wconf 93' lang='lat' dir='ltr'>eo</span> <span class='ocrx_word' id='word_1_186' title='bbox 269 2929 421 3010; x_wconf 91' lang='lat' dir='ltr'>primum</span> <span class='ocrx_word' id='word_1_187' title='bbox 436 2929 493 2994; x_wconf 92' lang='lat' dir='ltr'>die</span> <span class='ocrx_word' id='word_1_188' title='bbox 507 2930 627 2994; x_wconf 91' lang='lat' dir='ltr'>diuino</span> <span class='ocrx_word' id='word_1_189' title='bbox 642 2947 685 2994; x_wconf 92' lang='lat' dir='ltr'>ac</span> <span class='ocrx_word' id='word_1_190' title='bbox 697 2929 980 3010; x_wconf 88' lang='lat' dir='ltr'>splendidissimo</span> <span class='ocrx_word' id='word_1_191' title='bbox 991 2928 1125 2993; x_wconf 86' lang='lat' dir='ltr'>Christi</span> <span class='ocrx_word' id='word_1_192' title='bbox 1136 2926 1218 3008; x_wconf 80' lang='lat' dir='ltr'>Opi,</span> <span class='ocrx_word' id='word_1_193' title='bbox 1231 2926 1326 3014; x_wconf 72' lang='lat' dir='ltr'>Max.</span> 
     </span>
     <span class='ocr_line' id='line_1_24' title="bbox 103 3026 1327 3118; baseline 0.002 -22"><span class='ocrx_word' id='word_1_194' title='bbox 103 3036 267 3099; x_wconf 91' lang='lat' dir='ltr'>conuiuio</span> <span class='ocrx_word' id='word_1_195' title='bbox 282 3035 508 3117; x_wconf 78' lang='lat' dir='ltr'>interfuisset,</span> <span class='ocrx_word' id='word_1_196' title='bbox 525 3026 565 3100; x_wconf 86' lang='lat' dir='ltr'>et&#39;</span> <span class='ocrx_word' id='word_1_197' title='bbox 575 3038 656 3118; x_wconf 86' lang='lat' dir='ltr'>quia</span> <span class='ocrx_word' id='word_1_198' title='bbox 672 3046 857 3118; x_wconf 89' lang='lat' dir='ltr'>praeterea</span> <span class='ocrx_word' id='word_1_199' title='bbox 872 3053 953 3100; x_wconf 92' lang='lat' dir='ltr'>cum</span> <span class='ocrx_word' id='word_1_200' title='bbox 974 3037 1100 3100; x_wconf 88' lang='lat' dir='ltr'>eodem</span> <span class='ocrx_word' id='word_1_201' title='bbox 1113 3033 1170 3098; x_wconf 90' lang='lat' dir='ltr'>die</span> <span class='ocrx_word' id='word_1_202' title='bbox 1184 3035 1327 3099; x_wconf 91' lang='lat' dir='ltr'>domum</span> 
     </span>
     <span class='ocr_line' id='line_1_25' title="bbox 105 3143 1330 3226; baseline 0 -22"><span class='ocrx_word' id='word_1_203' title='bbox 105 3152 199 3206; x_wconf 89' lang='lat' dir='ltr'>recta</span> <span class='ocrx_word' id='word_1_204' title='bbox 213 3144 384 3224; x_wconf 87' lang='lat' dir='ltr'>tenderet,</span> <span class='ocrx_word' id='word_1_205' title='bbox 401 3144 658 3226; x_wconf 86' lang='lat' dir='ltr'>quemdamque</span> <span class='ocrx_word' id='word_1_206' title='bbox 678 3145 786 3210; x_wconf 91' lang='lat' dir='ltr'>alium</span> <span class='ocrx_word' id='word_1_207' title='bbox 805 3143 1001 3208; x_wconf 88' lang='lat' dir='ltr'>maledictis</span> <span class='ocrx_word' id='word_1_208' title='bbox 1023 3143 1267 3223; x_wconf 85' lang='lat' dir='ltr'>lapidibusque</span> <span class='ocrx_word' id='word_1_209' title='bbox 1289 3159 1330 3205; x_wconf 93' lang='lat' dir='ltr'>se</span> 
     </span>
     <span class='ocr_line' id='line_1_26' title="bbox 104 3248 1327 3333; baseline 0.001 -22"><span class='ocrx_word' id='word_1_210' title='bbox 104 3248 333 3314; x_wconf 89' lang='lat' dir='ltr'>insectantem</span> <span class='ocrx_word' id='word_1_211' title='bbox 347 3253 461 3316; x_wconf 87' lang='lat' dir='ltr'>amice</span> <span class='ocrx_word' id='word_1_212' title='bbox 475 3253 693 3333; x_wconf 89' lang='lat' dir='ltr'>increparet,</span> <span class='ocrx_word' id='word_1_213' title='bbox 709 3261 922 3332; x_wconf 84' lang='lat' dir='ltr'>rogaretque</span> <span class='ocrx_word' id='word_1_214' title='bbox 938 3261 976 3314; x_wconf 94' lang='lat' dir='ltr'>ut</span> <span class='ocrx_word' id='word_1_215' title='bbox 996 3267 1040 3314; x_wconf 89' lang='lat' dir='ltr'>ne</span> <span class='ocrx_word' id='word_1_216' title='bbox 1059 3250 1095 3314; x_wconf 91' lang='lat' dir='ltr'>id</span> <span class='ocrx_word' id='word_1_217' title='bbox 1113 3249 1260 3330; x_wconf 86' lang='lat' dir='ltr'>faceret,</span> <span class='ocrx_word' id='word_1_218' title='bbox 1283 3249 1327 3312; x_wconf 87' lang='lat' dir='ltr'>ab</span> 
     </span>
     <span class='ocr_line' id='line_1_27' title="bbox 104 3356 1329 3440; baseline 0.002 -22"><span class='ocrx_word' id='word_1_219' title='bbox 104 3356 226 3421; x_wconf 91' lang='lat' dir='ltr'>eodem</span> <span class='ocrx_word' id='word_1_220' title='bbox 245 3366 299 3421; x_wconf 87' lang='lat' dir='ltr'>est</span> <span class='ocrx_word' id='word_1_221' title='bbox 321 3358 358 3422; x_wconf 93' lang='lat' dir='ltr'>in</span> <span class='ocrx_word' id='word_1_222' title='bbox 377 3358 469 3424; x_wconf 83' lang='lat' dir='ltr'>facie</span> <span class='ocrx_word' id='word_1_223' title='bbox 488 3359 620 3424; x_wconf 89' lang='lat' dir='ltr'>acriter</span> <span class='ocrx_word' id='word_1_224' title='bbox 639 3375 846 3440; x_wconf 78' lang='lat' dir='ltr'>percussuS,</span> <span class='ocrx_word' id='word_1_225' title='bbox 862 3367 963 3423; x_wconf 90' lang='lat' dir='ltr'>tanto</span> <span class='ocrx_word' id='word_1_226' title='bbox 982 3358 1114 3438; x_wconf 82' lang='lat' dir='ltr'>gaudio</span> <span class='ocrx_word' id='word_1_227' title='bbox 1133 3357 1220 3421; x_wconf 87' lang='lat' dir='ltr'>mihi</span> <span class='ocrx_word' id='word_1_228' title='bbox 1240 3357 1329 3422; x_wconf 83' lang='lat' dir='ltr'>rese·</span> 
     </span>
     <span class='ocr_line' id='line_1_28' title="bbox 105 3463 1329 3546; baseline 0.003 -22"><span class='ocrx_word' id='word_1_229' title='bbox 105 3464 201 3527; x_wconf 88' lang='lat' dir='ltr'>rebat</span> <span class='ocrx_word' id='word_1_230' title='bbox 215 3483 254 3528; x_wconf 90' lang='lat' dir='ltr'>se</span> <span class='ocrx_word' id='word_1_231' title='bbox 269 3464 338 3529; x_wconf 88' lang='lat' dir='ltr'>Dei</span> <span class='ocrx_word' id='word_1_232' title='bbox 352 3482 496 3530; x_wconf 89' lang='lat' dir='ltr'>munere</span> <span class='ocrx_word' id='word_1_233' title='bbox 510 3466 658 3546; x_wconf 86' lang='lat' dir='ltr'>patienti</span> <span class='ocrx_word' id='word_1_234' title='bbox 673 3467 791 3529; x_wconf 89' lang='lat' dir='ltr'>animo</span> <span class='ocrx_word' id='word_1_235' title='bbox 806 3465 891 3528; x_wconf 90' lang='lat' dir='ltr'>illud</span> <span class='ocrx_word' id='word_1_236' title='bbox 905 3466 1038 3544; x_wconf 91' lang='lat' dir='ltr'>tulisse,</span> <span class='ocrx_word' id='word_1_237' title='bbox 1052 3473 1091 3529; x_wconf 90' lang='lat' dir='ltr'>ut</span> <span class='ocrx_word' id='word_1_238' title='bbox 1101 3463 1177 3545; x_wconf 88' lang='lat' dir='ltr'>ejus</span> <span class='ocrx_word' id='word_1_239' title='bbox 1189 3465 1329 3530; x_wconf 90' lang='lat' dir='ltr'>animus</span> 
     </span>
     <span class='ocr_line' id='line_1_29' title="bbox 104 3570 1328 3663; baseline 0.002 -31"><span class='ocrx_word' id='word_1_240' title='bbox 104 3570 233 3635; x_wconf 83' lang='lat' dir='ltr'>laetitia</span> <span class='ocrx_word' id='word_1_241' title='bbox 248 3581 284 3636; x_wconf 89' lang='lat' dir='ltr'>et</span> <span class='ocrx_word' id='word_1_242' title='bbox 296 3572 428 3652; x_wconf 82' lang='lat' dir='ltr'>gaudio</span> <span class='ocrx_word' id='word_1_243' title='bbox 443 3573 603 3638; x_wconf 88' lang='lat' dir='ltr'>exultare</span> <span class='ocrx_word' id='word_1_244' title='bbox 617 3582 653 3636; x_wconf 93' lang='lat' dir='ltr'>et</span> <span class='ocrx_word' id='word_1_245' title='bbox 665 3572 837 3654; x_wconf 88' lang='lat' dir='ltr'>liquefieri</span> <span class='ocrx_word' id='word_1_246' title='bbox 851 3574 1040 3663; x_wconf 91' lang='lat' dir='ltr'>uideretur.</span> <span class='ocrx_word' id='word_1_247' title='bbox 1057 3572 1167 3637; x_wconf 89' lang='lat' dir='ltr'>Multa</span> <span class='ocrx_word' id='word_1_248' title='bbox 1182 3572 1253 3635; x_wconf 87' lang='lat' dir='ltr'>alia</span> <span class='ocrx_word' id='word_1_249' title='bbox 1265 3572 1328 3635; x_wconf 92' lang='lat' dir='ltr'>hu-</span> 
     </span>
     <span class='ocr_line' id='line_1_30' title="bbox 99 3675 1326 3760; baseline 0.001 -19"><span class='ocrx_word' id='word_1_250' title='bbox 99 3675 261 3758; x_wconf 76' lang='lat' dir='ltr'>iusmodi,</span> <span class='ocrx_word' id='word_1_251' title='bbox 278 3695 323 3743; x_wconf 89' lang='lat' dir='ltr'>ne</span> <span class='ocrx_word' id='word_1_252' title='bbox 338 3679 477 3760; x_wconf 88' lang='lat' dir='ltr'>longior</span> <span class='ocrx_word' id='word_1_253' title='bbox 490 3679 569 3758; x_wconf 93' lang='lat' dir='ltr'>sim,</span> <span class='ocrx_word' id='word_1_254' title='bbox 585 3681 629 3744; x_wconf 93' lang='lat' dir='ltr'>de</span> <span class='ocrx_word' id='word_1_255' title='bbox 644 3680 817 3744; x_wconf 89' lang='lat' dir='ltr'>industria</span> <span class='ocrx_word' id='word_1_256' title='bbox 830 3680 1083 3760; x_wconf 87' lang='lat' dir='ltr'>praetermitto.</span> <span class='ocrx_word' id='word_1_257' title='bbox 1097 3679 1203 3744; x_wconf 85' lang='lat' dir='ltr'>Faxit</span> <span class='ocrx_word' id='word_1_258' title='bbox 1214 3678 1326 3759; x_wconf 91' lang='lat' dir='ltr'>Deus,</span> 
     </span>
     <span class='ocr_line' id='line_1_31' title="bbox 106 3785 1329 3867; baseline 0 -19"><span class='ocrx_word' id='word_1_259' title='bbox 106 3785 162 3863; x_wconf 92' lang='lat' dir='ltr'>qui</span> <span class='ocrx_word' id='word_1_260' title='bbox 176 3786 289 3866; x_wconf 87' lang='lat' dir='ltr'>prima</span> <span class='ocrx_word' id='word_1_261' title='bbox 305 3786 394 3850; x_wconf 89' lang='lat' dir='ltr'>haec</span> <span class='ocrx_word' id='word_1_262' title='bbox 408 3786 551 3850; x_wconf 91' lang='lat' dir='ltr'>uirtutis</span> <span class='ocrx_word' id='word_1_263' title='bbox 565 3787 794 3851; x_wconf 85' lang='lat' dir='ltr'>fundamenta</span> <span class='ocrx_word' id='word_1_264' title='bbox 808 3787 844 3850; x_wconf 93' lang='lat' dir='ltr'>in</span> <span class='ocrx_word' id='word_1_265' title='bbox 858 3786 925 3866; x_wconf 92' lang='lat' dir='ltr'>his,</span> <span class='ocrx_word' id='word_1_266' title='bbox 939 3802 1028 3866; x_wconf 90' lang='lat' dir='ltr'>quos</span> <span class='ocrx_word' id='word_1_267' title='bbox 1041 3804 1106 3850; x_wconf 90' lang='lat' dir='ltr'>suo</span> <span class='ocrx_word' id='word_1_268' title='bbox 1117 3786 1329 3867; x_wconf 88' lang='lat' dir='ltr'>pretiosissi-</span> 
     </span>
     <span class='ocr_line' id='line_1_32' title="bbox 107 3891 1328 3974; baseline 0.001 -21"><span class='ocrx_word' id='word_1_269' title='bbox 107 3907 160 3954; x_wconf 90' lang='lat' dir='ltr'>mo</span> <span class='ocrx_word' id='word_1_270' title='bbox 174 3893 349 3972; x_wconf 85' lang='lat' dir='ltr'>sanguine</span> <span class='ocrx_word' id='word_1_271' title='bbox 363 3892 529 3972; x_wconf 86' lang='lat' dir='ltr'>redemit,</span> <span class='ocrx_word' id='word_1_272' title='bbox 546 3893 713 3973; x_wconf 85' lang='lat' dir='ltr'>dignatus</span> <span class='ocrx_word' id='word_1_273' title='bbox 732 3903 784 3958; x_wconf 86' lang='lat' dir='ltr'>est</span> <span class='ocrx_word' id='word_1_274' title='bbox 803 3892 938 3974; x_wconf 75' lang='lat' dir='ltr'>iacere,</span> <span class='ocrx_word' id='word_1_275' title='bbox 959 3893 1143 3956; x_wconf 88' lang='lat' dir='ltr'>absoluere</span> <span class='ocrx_word' id='word_1_276' title='bbox 1164 3909 1207 3957; x_wconf 88' lang='lat' dir='ltr'>ac</span> <span class='ocrx_word' id='word_1_277' title='bbox 1226 3891 1328 3972; x_wconf 88' lang='lat' dir='ltr'>perli-</span> 
     </span>
     <span class='ocr_line' id='line_1_33' title="bbox 104 3999 337 4063; baseline 0.021 -5"><span class='ocrx_word' id='word_1_278' title='bbox 104 4012 192 4062; x_wconf 92' lang='lat' dir='ltr'>cere.</span> <span class='ocrx_word' id='word_1_279' title='bbox 210 3999 337 4063; x_wconf 87' lang='lat' dir='ltr'>Amen.</span> 
     </span>
     <span class='ocr_line' id='line_1_34' title="bbox 161 4104 1328 4189; baseline -0.001 -19"><span class='ocrx_word' id='word_1_280' title='bbox 161 4104 238 4170; x_wconf 91' lang='lat' dir='ltr'>Non</span> <span class='ocrx_word' id='word_1_281' title='bbox 254 4107 340 4170; x_wconf 90' lang='lat' dir='ltr'>mihi</span> <span class='ocrx_word' id='word_1_282' title='bbox 354 4107 494 4170; x_wconf 90' lang='lat' dir='ltr'>silentio</span> <span class='ocrx_word' id='word_1_283' title='bbox 517 4107 813 4189; x_wconf 88' lang='lat' dir='ltr'>praetereundum</span> <span class='ocrx_word' id='word_1_284' title='bbox 834 4125 962 4171; x_wconf 89' lang='lat' dir='ltr'>censeo</span> <span class='ocrx_word' id='word_1_285' title='bbox 986 4108 1080 4188; x_wconf 90' lang='lat' dir='ltr'>quod</span> <span class='ocrx_word' id='word_1_286' title='bbox 1098 4106 1173 4187; x_wconf 82' lang='lat' dir='ltr'>J&#39;am</span> <span class='ocrx_word' id='word_1_287' title='bbox 1193 4107 1268 4172; x_wconf 86' lang='lat' dir='ltr'>sere</span> <span class='ocrx_word' id='word_1_288' title='bbox 1282 4124 1328 4169; x_wconf 87' lang='lat' dir='ltr'>ex</span> 
     </span>
     <span class='ocr_line' id='line_1_35' title="bbox 104 4214 1328 4296; baseline 0.003 -22"><span class='ocrx_word' id='word_1_289' title='bbox 104 4214 271 4277; x_wconf 89' lang='lat' dir='ltr'>memoria</span> <span class='ocrx_word' id='word_1_290' title='bbox 285 4214 480 4278; x_wconf 85' lang='lat' dir='ltr'>exciderat:</span> <span class='ocrx_word' id='word_1_291' title='bbox 496 4232 622 4296; x_wconf 92' lang='lat' dir='ltr'>nempe</span> <span class='ocrx_word' id='word_1_292' title='bbox 636 4215 794 4293; x_wconf 88' lang='lat' dir='ltr'>antliam,</span> <span class='ocrx_word' id='word_1_293' title='bbox 810 4216 885 4278; x_wconf 91' lang='lat' dir='ltr'>siue</span> <span class='ocrx_word' id='word_1_294' title='bbox 900 4225 1060 4295; x_wconf 90' lang='lat' dir='ltr'>puteum,</span> <span class='ocrx_word' id='word_1_295' title='bbox 1082 4215 1237 4296; x_wconf 84' lang='lat' dir='ltr'>ingentis</span> <span class='ocrx_word' id='word_1_296' title='bbox 1251 4216 1328 4278; x_wconf 85' lang='lat' dir='ltr'>alti·</span> 
     </span>
     <span class='ocr_line' id='line_1_36' title="bbox 104 4319 1327 4403; baseline 0.002 -21"><span class='ocrx_word' id='word_1_297' title='bbox 104 4319 232 4385; x_wconf 90' lang='lat' dir='ltr'>tudinis</span> <span class='ocrx_word' id='word_1_298' title='bbox 245 4321 282 4384; x_wconf 92' lang='lat' dir='ltr'>in</span> <span class='ocrx_word' id='word_1_299' title='bbox 300 4322 433 4386; x_wconf 91' lang='lat' dir='ltr'>nostris</span> <span class='ocrx_word' id='word_1_300' title='bbox 453 4321 566 4386; x_wconf 91' lang='lat' dir='ltr'>hortis</span> <span class='ocrx_word' id='word_1_301' title='bbox 585 4338 664 4386; x_wconf 91' lang='lat' dir='ltr'>esse</span> <span class='ocrx_word' id='word_1_302' title='bbox 683 4332 845 4403; x_wconf 88' lang='lat' dir='ltr'>apertum</span> <span class='ocrx_word' id='word_1_303' title='bbox 863 4323 1113 4402; x_wconf 88' lang='lat' dir='ltr'>inuentamque</span> <span class='ocrx_word' id='word_1_304' title='bbox 1133 4322 1327 4386; x_wconf 88' lang='lat' dir='ltr'>maximam</span> 
     </span>
    </p>
   </div>
   <div class='ocr_carea' id='block_1_3' title="bbox 103 4561 1328 4822">
    <p class='ocr_par' dir='ltr' id='par_1_3' title="bbox 103 4561 1328 4822">
     <span class='ocr_line' id='line_1_37' title="bbox 142 4561 1328 4620; baseline 0.003 -13"><span class='ocrx_word' id='word_1_305' title='bbox 142 4561 150 4594; x_wconf 85' lang='lat'><strong>¹</strong></span> <span class='ocrx_word' id='word_1_306' title='bbox 177 4561 240 4608; x_wconf 71' lang='lat' dir='ltr'>Post</span> <span class='ocrx_word' id='word_1_307' title='bbox 248 4562 375 4616; x_wconf 73' lang='lat' dir='ltr'>Journern</span> <span class='ocrx_word' id='word_1_308' title='bbox 389 4565 420 4608; x_wconf 81' lang='lat' dir='ltr'>de</span> <span class='ocrx_word' id='word_1_309' title='bbox 431 4565 629 4620; x_wconf 79' lang='lat' dir='ltr'>Alburquerqne</span> <span class='ocrx_word' id='word_1_310' title='bbox 643 4563 669 4618; x_wconf 88' lang='lat'>(†</span> <span class='ocrx_word' id='word_1_311' title='bbox 685 4562 746 4618; x_wconf 73' lang='lat'>1558)</span> <span class='ocrx_word' id='word_1_312' title='bbox 756 4565 855 4609; x_wconf 74' lang='lat' dir='ltr'>electus</span> <span class='ocrx_word' id='word_1_313' title='bbox 868 4572 909 4608; x_wconf 77' lang='lat' dir='ltr'>est</span> <span class='ocrx_word' id='word_1_314' title='bbox 919 4565 944 4608; x_wconf 92' lang='lat' dir='ltr'>ln</span> <span class='ocrx_word' id='word_1_315' title='bbox 954 4563 1082 4608; x_wconf 79' lang='lat' dir='ltr'>Goensenr</span> <span class='ocrx_word' id='word_1_316' title='bbox 1097 4564 1328 4620; x_wconf 72' lang='lat' dir='ltr'>archiepiscopum</span> 
     </span>
     <span class='ocr_line' id='line_1_38' title="bbox 103 4629 1326 4745; baseline 0.002 -66"><span class='ocrx_word' id='word_1_317' title='bbox 103 4629 203 4745; x_wconf 63' lang='lat' dir='ltr'>gum</span> <span class='ocrx_word' id='word_1_318' title='bbox 212 4631 294 4680; x_wconf 68' lang='lat' dir='ltr'>uum</span> <span class='ocrx_word' id='word_1_319' title='bbox 309 4634 341 4680; x_wconf 78' lang='lat' dir='ltr'>de</span> <span class='ocrx_word' id='word_1_320' title='bbox 355 4635 470 4688; x_wconf 80' lang='lat' dir='ltr'>Perelrn,</span> <span class='ocrx_word' id='word_1_321' title='bbox 482 4635 525 4690; x_wconf 88' lang='lat' dir='ltr'>qui</span> <span class='ocrx_word' id='word_1_322' title='bbox 536 4644 622 4680; x_wconf 80' lang='lat' dir='ltr'>tumen</span> <span class='ocrx_word' id='word_1_323' title='bbox 632 4634 702 4679; x_wconf 70' lang='lat' dir='ltr'>tedio</span> <span class='ocrx_word' id='word_1_324' title='bbox 715 4635 902 4689; x_wconf 74' lang='lat' dir='ltr'>possessionem</span> <span class='ocrx_word' id='word_1_325' title='bbox 916 4647 966 4679; x_wconf 85' lang='lat' dir='ltr'>non</span> <span class='ocrx_word' id='word_1_326' title='bbox 981 4635 1064 4680; x_wconf 81' lang='lat' dir='ltr'>udlvlt</span> <span class='ocrx_word' id='word_1_327' title='bbox 1078 4642 1139 4680; x_wconf 74' lang='lat' dir='ltr'>anre</span> <span class='ocrx_word' id='word_1_328' title='bbox 1157 4647 1252 4681; x_wconf 75' lang='lat' dir='ltr'>annum</span> <span class='ocrx_word' id='word_1_329' title='bbox 1263 4636 1326 4682; x_wconf 77' lang='lat'><strong>15⁶⁰.</strong></span> 
     </span>
     <span class='ocr_line' id='line_1_39' title="bbox 127 4713 420 4822; baseline 0 0"><span class='ocrx_word' id='word_1_330' title='bbox 127 4713 299 4822; x_wconf 39' lang='lat' dir='ltr'>¹¹¹⁸&#39;triturante</span> <span class='ocrx_word' id='word_1_331' title='bbox 308 4777 420 4822; x_wconf 79' lang='lat' dir='ltr'>laetum.</span> 
     </span>
    </p>
   </div>
   <div class='ocr_carea' id='block_1_4' title="bbox 0 0 1696 5528">
    <p class='ocr_par' dir='ltr' id='par_1_4' title="bbox 0 0 1696 5528">
     <span class='ocr_line' id='line_1_40' title="bbox 0 0 1696 5528; baseline 0 1"><span class='ocrx_word' id='word_1_332' title='bbox 0 0 1696 5528; x_wconf 95' lang='lat' dir='ltr'> </span> 
     </span>
    </p>
   </div>
  </div>
 </body>
</html>
