3472 5528
636 547 699 610 ΑΝ.
722 550 792 610 1556
1271 547 1325 608 235

19 757 20 768 ,
104 705 252 776 crarunt,
268 705 374 778 prout
389 697 559 778 cuiusque
584 699 738 762 mentem
759 697 897 778 impulit
922 694 1063 761 diuinus
1088 696 1146 760 ille
1165 695 1321 776 spiritus

104 805 159 884 qui
171 804 228 868 ubi
242 806 317 868 uult
332 804 454 885 spirat.
472 803 529 868 Ad
544 822 609 868 nos
625 821 753 868 uenere
764 805 934 883 nonnulli,
946 805 1006 898 qui
1019 813 1091 868 tam
1103 803 1322 867 inflammato

104 911 211 975 studio
226 911 362 976 aditum
377 912 443 976 sihi
457 912 536 977 dari
551 923 686 994 petunt,
703 921 741 976 ut
756 913 791 976 in
811 913 931 976 uarias
950 921 1071 994 partes
1091 911 1200 991 missi,
1217 912 1325 975 liben-

19 1017 20 1108 ]
103 1019 228 1082 tissime
243 1019 311 1082 iter
326 1019 509 1100 arripiant.
526 1017 630 1084 Vnus
644 1019 738 1100 apud
750 1037 814 1083 nos
830 1020 969 1097 mansit,
987 1019 1097 1100 quiin
1112 1019 1179 1082 hac
1199 1027 1324 1082 nostra

19 1163 20 1166 =
105 1125 217 1190 schola
234 1125 426 1203 institutus
443 1127 493 1190 ita
508 1137 733 1208 promouerat
750 1127 785 1190 in
799 1137 945 1208 utraque
957 1127 1090 1206 lingua,
1103 1127 1212 1189 latina
1225 1143 1323 1206 prae-

19 1253 20 1260 *
104 1233 231 1308 sertim,
248 1243 286 1296 ut
302 1233 463 1296 uideatur
479 1232 559 1297 aliis
573 1250 712 1314 quoque
727 1232 897 1297 docendis
913 1233 1138 1296 suffecturus.

157 1339 272 1403 Venio
287 1340 333 1403 ad
348 1341 549 1418 conciones,
567 1357 657 1420 quae
675 1341 743 1404 hoc
763 1351 921 1422 tempore
941 1339 1095 1404 fructum
1120 1357 1190 1404 non
1213 1340 1326 1402 leuem

104 1454 321 1527 pepererunt.
338 1446 401 1510 Est
416 1425 569 1527 namqu'e
583 1447 679 1511 domi
693 1446 811 1526 Pater,
828 1446 992 1510 Ramirez
1007 1447 1161 1522 nomine,
1178 1446 1238 1527 qui
1250 1462 1325 1510 eru·

103 1554 233 1618 diendis
245 1553 470 1618 scholasticis
480 1552 694 1618 indefessam
708 1564 743 1617 et
764 1553 944 1617 assiduam
965 1570 1110 1635 operam
1128 1553 1200 1630 dat,
1222 1569 1326 1634 quem

19 1663 20 1682 ¹
104 1660 270 1724 Dominus
285 1677 430 1724 munere
444 1661 679 1726 concionandi
703 1649 856 1724 donasse
881 1661 978 1724 uisus
1002 1669 1067 1724 est.
1084 1661 1175 1724 Nam
1198 1660 1257 1724 uix
1273 1667 1326 1722 est

19 1779 20 1800 ¹
67 1800 72 1821 ι
103 1767 264 1833 credibile
279 1785 385 1848 quam
400 1769 445 1832 sit
465 1768 633 1832 uniuersa
659 1768 785 1832 ciuitas
812 1769 857 1832 ad
882 1769 1038 1832 studium
1063 1786 1169 1832 uerae
1183 1767 1327 1848 pietatis

103 1877 241 1940 incensa
258 1875 333 1939 eius
348 1874 589 1954 concionibus
607 1876 654 1939 ita
671 1877 707 1940 in
723 1878 853 1956 templo
869 1876 1025 1940 maximo
1040 1876 1105 1940 suit
1125 1875 1158 1938 ei
1174 1875 1325 1938 facultas

103 1999 271 2046 concessa
286 1990 324 2044 ut
339 1982 385 2046 ad
400 1983 569 2064 populum
594 1983 703 2046 uerba
728 1982 863 2046 fuceret
887 1983 1011 2047 diebus
1038 1984 1142 2046 lunae
1168 1999 1230 2062 per
1244 1997 1327 2061 qua·

104 2088 339 2169 dragesimam
355 2107 398 2152 ac
417 2088 454 2152 Ρ.
473 2087 619 2153 Doctori
646 2089 752 2167 Placa
775 2089 898 2152 diebus
923 2087 1105 2163 mercurii,
1128 2106 1234 2168 quam
1245 2105 1326 2168 gra·

103 2197 183 2260 tiam
198 2213 220 2258 a
235 2195 323 2258 R.mo
337 2195 514 2276 Episcopo
531 2213 600 2260 non
619 2205 808 2276 potuerunt
820 2197 1010 2277 impetrare
1022 2196 1112 2259 aliae
1124 2195 1326 2276 religiones.

107 2301 189 2367 Sunt
204 2303 325 2384 itaque
351 2303 503 2384 praelati
524 2303 640 2367 Patris
664 2304 854 2367 conciones
879 2303 1105 2390 grat‘gssimae
1125 2321 1167 2366 ac
1189 2302 1328 2367 utilissi-

106 2427 190 2490 mae,
207 2410 338 2491 quippe
352 2411 484 2474 scimus
499 2409 632 2474 Christi
645 2410 763 2490 gratia
779 2411 979 2490 complures
995 2410 1200 2487 recurrisse,
1221 2425 1328 2490 quam

106 2527 292 2597 coeperant
308 2517 398 2580 male
414 2517 510 2581 uiam
530 2533 675 2580 currere
695 2517 823 2581 multos
843 2534 966 2580 annos.
990 2515 1178 2580 Praeterea
1200 2515 1329 2581 diuites

106 2623 145 2686 ad
159 2624 429 2687 subuentionem
444 2640 638 2704 pauperum
653 2624 763 2687 multo
778 2641 884 2704 quam
900 2635 981 2686 unte
997 2623 1112 2703 magis
1133 2622 1323 2702 animatos,

19 2735 20 2750 ¹
107 2747 222 2794 omnes
237 2730 389 2811 denique
409 2731 454 2794 ad
477 2729 689 2794 audiendam
710 2728 841 2796 Christi
862 2731 1058 2794 doctrinam
1079 2729 1326 2808 inflammatos,

108 2837 202 2900 cuius
216 2837 373 2903 uelillud
387 2838 475 2902 satis
498 2845 550 2900 est
576 2848 835 2917 argumentum,
862 2837 955 2917 quod
976 2853 1057 2900 cum
1072 2846 1125 2900 est
1140 2835 1326 2900 habiturus

107 2945 317 3023 concionem,
335 2961 380 3008 ex
395 2945 490 3008 omni
504 2927 626 3008 ordine
641 2961 829 3008 numerosa
845 2944 949 3008 turba
965 2943 1163 3022 conueniat,
1183 2943 1271 3006 adeo
1288 2950 1327 3006 ut

19 3071 20 3074 ¹
108 3052 277 3131 templum,
294 3050 568 3132 capacissimum
582 3051 649 3114 etsi
663 3051 719 3128 sit,
741 3067 821 3114 cum
841 3050 1021 3114 auditores
1041 3067 1112 3114 non
1131 3051 1260 3130 capiat,
1278 3049 1327 3112 so-

109 3156 152 3218 ris
165 3167 313 3237 cogatur
328 3175 348 3220 e
363 3167 534 3237 suggesto
555 3158 773 3232 concionari;
792 3157 841 3220 ita
860 3157 990 3238 templa
1006 3167 1040 3220 et
1061 3174 1151 3236 quae
1167 3164 1250 3221 sunt
1263 3174 1328 3237 pro

110 3265 239 3344 templis
257 3266 397 3345 plateae
419 3264 638 3328 auditoribus
660 3272 741 3328 sunt
759 3265 900 3328 referta.
925 3264 1018 3344 Quin
1037 3275 1071 3327 et
1086 3265 1259 3344 proximis
1274 3263 1329 3326 his

110 3367 255 3433 diebuse
276 3371 381 3457 tectis
406 3371 493 3452 ipsis
515 3371 667 3436 uidimus
691 3372 892 3452 complures
917 3369 1111 3434 audientes.
1136 3369 1278 3434 Publice
1294 3371 1328 3433 in

113 3474 183 3539 foro
194 3477 426 3542 concionatus
440 3485 495 3540 est
510 3488 544 3542 et
558 3495 639 3541 cum
659 3495 722 3558 pro
742 3477 840 3558 Rege
859 3488 981 3542 nostro
1002 3477 1162 3558 Philippo
1182 3477 1329 3540 sublatis

111 3584 249 3664 uexilliS,
262 3583 338 3650 Rex
349 3585 551 3649 declaratus
563 3593 626 3648 est.
636 3584 805 3649 Caeteros
817 3584 942 3648 Patres
953 3585 1051 3648 audit
1062 3585 1168 3647 etiam
1180 3586 1330 3664 populus

111 3689 342 3769 libentissime,
360 3709 404 3754 ex
419 3708 569 3772 quorum
584 3692 813 3756 concionibus
834 3693 943 3755 multa
962 3707 1100 3771 quoque
1120 3690 1156 3752 in
1176 3691 1242 3754 Dei
1256 3692 1329 3770 glo·

111 3795 193 3860 riam
207 3798 359 3862 cessisse
378 3809 714 3863 commemorantur.
730 3797 882 3862 Tantam
897 3799 939 3861 de
954 3796 1130 3860 Societate
1151 3797 1328 3860 existima·

110 3901 234 3968 tionem
248 3913 489 3994 conceperunt
504 3921 637 3984 omnes,
652 3905 708 3968 cui
724 3905 858 3968 utinam
873 3902 1161 3984 respondeamus
1175 3913 1329 3983 praeste-

110 4025 248 4091 musque
262 4029 328 4076 nos
342 4029 428 4076 uere
442 4009 572 4076 Christi
587 4013 778 4076 ministros.

161 4116 239 4198 Jam
254 4118 340 4183 illud
355 4135 426 4182 non
441 4127 493 4182 est
513 4119 714 4198 tacendum,
730 4119 824 4199 quod
841 4135 919 4182 cum
936 4120 971 4196 ii,
995 4119 1055 4198 qui
1070 4135 1193 4182 earum
1208 4135 1329 4184 curam

106 4233 237 4304 gerunt,
255 4242 347 4307 quae
362 4225 399 4289 in
413 4225 539 4290 melius
553 4235 689 4304 mutare
705 4226 816 4289 uitam
830 4235 968 4306 parant,
987 4226 1159 4288 hactenus
1172 4242 1328 4306 conque·

107 4341 271 4410 rerentur,
299 4342 360 4395 aut
387 4331 501 4396 nullas
526 4342 587 4395 aut
606 4350 668 4396 eas
693 4349 798 4412 quam
824 4332 1057 4412 paucissimas
1077 4332 1166 4394 uelle
1189 4341 1328 4412 turpem

108 4435 242 4502 uiuendi
262 4435 501 4501 conditionem
526 4439 699 4514 deserere,
727 4422 831 4502 modo
857 4439 1018 4502 certatim
1043 4438 1163 4502 dicant
1183 4455 1329 4502 concur-

110 4557 195 4620 rcre,
211 4545 339 4609 auditis
355 4545 596 4624 concionibus
614 4546 936 4624 collachrymantes
952 4562 1067 4620 orare,
1086 4546 1274 4608 obsecrare
1293 4557 1330 4608 ut

111 4651 330 4729 recipiantur,
344 4669 458 4732 neque
470 4653 539 4715 ullo
554 4652 674 4717 labore
690 4651 859 4718 deterreri
876 4661 912 4717 ut
929 4652 972 4714 ab
990 4651 1129 4734 incepto
1145 4651 1327 4719 desistant.

112 4749 204 4820 Haec
224 4757 407 4829 haetenus,
