3578 5534
689 1213 941 1298 CDLXVII

251 1525 449 1588 Franciscus
461 1527 573 1604 Scipio
584 1528 756 1604 (Bardon)

289 1625 381 1685 Patri
394 1626 524 1702 Ignatio
538 1625 579 1686 de
592 1627 735 1702 Loyola.

323 1724 485 1791 Bononia,
501 1725 536 1783 li
547 1724 699 1798 Januarii
714 1725 784 1786 1556
798 1728 817 1782 ¹.

799 2017 820 2082 †

256 2279 472 2344 Franciscus
486 2281 627 2346 Bordon
639 2281 786 2361 Ignati0‚
805 2299 976 2363 perquam
994 2281 1141 2345 colendo
1154 2279 1250 2344 Patri
1269 2297 1312 2343 ac
1323 2297 1427 2359 prae·

197 2389 294 2450 lecto
308 2384 498 2451 Societatis
512 2387 608 2469 Jesu.
626 2387 663 2452 S.

256 2491 417 2558 Scribam
432 2496 598 2575 breuiter,
615 2497 824 2560 charissime
838 2496 963 2571 Pater,
984 2495 1068 2577 quid
1087 2495 1212 2560 Patres
1232 2513 1275 2558 ac
1297 2493 1428 2558 fratres

192 2599 351 2676 (Christo
372 2601 459 2684 Jesu
478 2605 684 2684 opitulante)
706 2606 760 2668 his
775 2605 947 2686 proximis
961 2604 1139 2668 mensibus
1154 2603 1335 2667 Bononiae
1350 2618 1428 2681 ges-

190 2719 328 2772 serunt.
355 2707 425 2773 Sed
449 2711 616 2791 quoniam
641 2711 729 2775 ordo
755 2712 891 2775 cunctis
915 2712 1096 2791 probatur,
1122 2719 1157 2774 et
1179 2711 1311 2774 rectius
1336 2725 1427 2790 quae

192 2825 388 2879 narrantur
402 2817 656 2897 percipiuntur,
672 2818 807 2883 docebo
822 2830 856 2881 te
872 2818 1024 2898 primum
1035 2817 1078 2880 de
1094 2817 1144 2880 rei
1159 2817 1337 2880 literariae
1348 2831 1427 2895 pro·

191 2939 336 3002 gressu,
353 2923 481 2987 deinde
496 2925 539 2988 de
554 2935 860 2988 sacramentorum
875 2942 917 2987 ac
940 2926 1192 3005 mysteriorum
1205 2923 1337 3000 fructu,
1353 2931 1428 2986 turn

192 3047 284 3093 uero
298 3030 343 3094 de
356 3029 395 3094 Ρ.
411 3029 576 3095 Rectoris
590 3029 601 3062 ’
617 3033 868 3112 peragratione
883 3033 919 3095 in
935 3031 1089 3095 dioecesi
1103 3029 1327 3094 Bononiensi.

256 3135 435 3218 Principio
450 3146 701 3218 praeceptores
716 3138 902 3218 diligenter
917 3147 1153 3202 exercuerunt
1172 3137 1364 3201 iuuentutis
1378 3136 1429 3198 in·

191 3244 433 3324 stitutionem,
451 3253 485 3308 et
503 3246 541 3308 in
561 3243 598 3307 id
617 3247 770 3309 maxime
793 3261 938 3325 operam
963 3246 1152 3324 dederunt,
1174 3256 1212 3307 ut
1233 3261 1303 3307 nou
1324 3243 1429 3307 modo

191 3353 366 3416 docerent
380 3351 493 3416 bonas
507 3353 640 3430 literas
658 3369 783 3416 uerum
797 3363 832 3415 et
849 3353 962 3416 bonos
982 3369 1117 3430 moreS,
1138 3360 1172 3415 et
1192 3369 1257 3432 pro
1278 3368 1316 3414 se
1336 3352 1429 3431 quis-

190 3477 263 3540 que
278 3458 487 3523 informaret
501 3477 585 3524 suos
601 3458 793 3540 discipulos
808 3461 853 3523 ad
867 3461 1047 3541 pietatem,
1060 3460 1267 3523 munditiem
1278 3467 1312 3521 et
1325 3459 1428 3522 casti·

192 3575 317 3629 tatem.

255 3673 296 3736 In
310 3671 540 3738 Pentecostes
554 3674 653 3738 feriis
663 3676 733 3740 duo
745 3675 908 3755 discipuli
919 3675 1118 3738 habuerunt
1129 3674 1165 3736 in
1177 3673 1327 3751 collegio
1339 3671 1429 3733 duas

193 3783 391 3859 orationes²
408 3781 557 3844 alteram
572 3797 752 3861 graecam,
769 3784 919 3846 alteram
933 3783 1091 3858 latinam,
1108 3798 1198 3861 quae
1214 3779 1355 3860 quidem
1370 3794 1428 3839 au·

194 3887 372 3952 ditoribus
391 3896 426 3950 et
446 3889 621 3968 uoluptati
640 3898 674 3953 et
695 3890 832 3970 stupori
855 3889 1009 3952 suerunt.
1029 3887 1167 3952 Deinde
1189 3886 1302 3949 nostri
1321 3884 1430 3948 etiam

194 3993 363 4074 discipuli
376 4005 525 4074 egerunt
542 3993 685 4059 Domini
699 3997 784 4079 Jesu
799 3995 1056 4059 Ascensionem
1074 3995 1111 4058 in
1126 3994 1280 4070 coelum,
1305 3989 1431 4056 Sancti

196 4100 352 4182 Spiritus
366 4101 559 4165 aduentum
574 4103 610 4165 in
626 4103 834 4183 discipuIOS,
851 4103 1052 4182 linguarum
1067 4101 1290 4178 uarietatem,
1307 4109 1342 4162 et
1357 4100 1431 4162 dis-

197 4207 426 4272 tributionem
446 4208 699 4289 Apostolorum
719 4211 754 4272 in
776 4211 898 4274 mundi
913 4220 1044 4290 partes
1068 4209 1166 4272 Haec
1190 4207 1359 4287 mysteria
1375 4223 1429 4270 sa·

195 4315 280 4378 lutis
299 4325 444 4378 nostrae
463 4317 574 4380 irater
589 4327 710 4380 noster
725 4315 955 4382 Sebastianus
970 4315 981 4347 ⁸
997 4317 1154 4379 carmine
1169 4315 1341 4378 ediderat.
1359 4312 1430 4376 Ve-

243 4627 252 4658 ¹
279 4627 471 4682 Aurompuae
482 4637 594 4683 quatuor
605 4630 683 4682 foliis,
694 4641 736 4672 nn.
747 4629 818 4672 ott-83.

242 4699 253 4729 ¹
279 4699 369 4743 Patris
379 4699 514 4744 Franclsri
526 4701 625 4746 Palmll.

241 4769 253 4801 ὅ
280 4771 348 4816 Vide
359 4778 379 4815 t.
389 4782 426 4824 ru,
436 4783 497 4826 pap.
507 4775 556 4826 lis.
566 4783 654 4819 annot.
667 4779 685 4820 l.
