3590 5542
640 571 705 630 At.
729 571 798 631 rau
1296 551 1335 630 27'

150 728 237 780 suaet
256 717 537 782 aedificationem
563 719 681 799 populi
701 719 949 783 honestissime
977 729 1200 798 exornatum,
1226 718 1332 781 simili

150 823 219 886 etiam
231 824 412 888 deuotione
427 836 460 888 et
477 837 605 890 ornatu
620 835 781 905 portatur
796 826 842 890 ad
864 825 1023 890 infirmos
1044 835 1117 888 tota
1138 826 1330 889 comitante

155 929 257 1004 ricinia,
272 931 307 992 in
323 949 393 1011 qua
407 931 567 996 infirmus
581 932 788 996 visitandus
804 934 909 997 iacet.

187 1035 317 1115 Quidam
340 1055 386 1101 ex
399 1039 508 1102 nobili
522 1055 653 1118 genere
674 1041 780 1104 huius
798 1041 964 1117 ciuitatiS,
981 1042 1126 1120 propria
1146 1037 1331 1119 repudiata

152 1159 234 1220 uxore,
248 1163 290 1207 ex
304 1163 375 1226 qua
391 1158 463 1209 tres
486 1135 677 1210 s'usct'tam't
694 1147 833 1226 proles,
860 1158 912 1211 tot
934 1165 1047 1211 annos
1072 1163 1152 1209 cum
1171 1145 1331 1209 adultera

152 1252 249 1330 mansit,
262 1252 359 1331 quod
369 1259 403 1316 et
423 1252 491 1315 iila
510 1260 588 1317 tres
607 1254 748 1334 peperit
763 1254 904 1334 proles,
929 1255 1126 1318 adulteram
1147 1251 1281 1331 reiecit,
1297 1260 1331 1312 et

149 1355 267 1432 noiibus
284 1360 431 1424 honeste
446 1360 648 1440 dt'spost'tz'5‚
663 1362 845 1425 confessus
859 1379 924 1441 est,
939 1374 1066 1424 etcum
1077 1377 1188 1424 vxore
1200 1370 1330 1422 manet.

153 1461 193 1524 Vir
202 1465 331 1543 quidam
346 1485 416 1530 vna
432 1485 511 1530 cum
526 1485 653 1546 vxore,
668 1467 776 1532 filiam
790 1486 897 1548 quam
912 1468 1044 1530 habent
1056 1467 1199 1530 vnicam
1209 1465 1331 1543 (horri-

151 1569 194 1632 bie
203 1571 296 1650 dictu)
312 1574 348 1636 in
365 1575 598 1638 concubinam
614 1575 784 1639 dederant
809 1575 952 1639 cuidam
975 1573 1152 1652 Praelam,
1173 1574 1234 1653 qui
1249 1571 1331 1634 libe-

151 1677 232 1740 raliter
243 1681 379 1758 puellae
393 1697 473 1744 cum
488 1682 694 1761 parentibus
709 1682 803 1744 vitae
823 1681 1026 1744 necessaria
1045 1679 1279 1757 ministrabat,
1295 1680 1332 1740 in

151 1785 331 1864 semetipsum
347 1787 455 1850 totius
469 1788 613 1850 sceleris
628 1787 807 1868 accipiens
818 1788 996 1865 delictum,
1012 1787 1091 1850 illos
1099 1801 1246 1848 securos
1259 1798 1296 1847 et
1310 1804 1331 1847 a

152 1902 255 1963 peccato
271 1892 406 1956 alienos
424 1894 636 1957 affirmabat:
664 1894 784 1959 audito
801 1912 887 1957 vero
902 1894 938 1958 in
953 1894 1124 1956 concione
1138 1893 1331 1967 contrariu,

153 1993 181 2054 ad
191 1997 426 2062 consessionem
437 2013 622 2079 uenerunt;
635 2003 762 2082 puella,
783 2001 924 2066 reiectis
936 2001 1098 2064 omnibus
1109 1999 1223 2074 donis,
1238 1999 1274 2062 in
1286 2000 1332 2061 la·

152 2103 266 2182 cirymis
279 2119 314 2170 et
328 2108 454 2187 spiritu
469 2110 562 2172 bono
577 2109 726 2189 proficit.
747 2109 829 2172 Duo
848 2109 908 2172 alii
932 2109 1025 2172 vltra
1047 2118 1198 2188 quatuor
1220 2123 1333 2170 annos

154 2209 176 2270 in
182 2211 400 2288 fornicatione
410 2232 483 2278 vna
497 2217 675 2295 vixerunt;
699 2217 758 2280 alii
783 2217 851 2278 duo
877 2214 1063 2278 duodecim
1089 2221 1150 2277 aut
1165 2213 1334 2276 tredecim

153 2320 284 2383 anuosad
296 2321 504 2385 scandalum
528 2325 718 2387 multorum
736 2328 776 2386 ut
798 2323 955 2385 maritus
976 2327 1010 2386 et
1031 2337 1130 2384 vxor
1149 2319 1259 2383 simul
1276 2337 1334 2382 su·

155 2430 250 2487 menies
271 2427 498 2507 domicilium,
512 2430 643 2508 statim,
670 2429 911 2493 ecclesiastico
936 2438 1118 2492 transacto
1133 2427 1331 2506 interdicto,

154 2531 334 2597 matrimonia
349 2535 571 2612 contrahent,
587 2535 682 2616 quod
700 2536 874 2600 Dominus
889 2534 936 2598 ad
954 2552 1056 2598 suam
1076 2535 1229 2615 gloriam
1243 2535 1334 2616 ipso·

153 2651 263 2716 rumque
272 2642 418 2705 salutem
432 2643 618 2704 concedere
629 2642 805 2722 dignetur,
818 2643 876 2706 cui
886 2660 953 2720 me,
963 2658 1035 2704 vna
1047 2658 1128 2705 cum
1141 2651 1215 2704 toto
1230 2641 1336 2704 huius

153 2753 261 2806 nostrae
274 2745 455 2811 Societatis
470 2759 584 2825 coetu,
600 2749 677 2813 R.‘¹e
697 2748 814 2826 Pater,
830 2750 934 2812 vnice
950 2749 1197 2812 commendare
1216 2746 1335 2828 digne-

154 2847 199 2925 ris,
212 2868 340 2930 quaeso·

199 2953 390 3040 Culenborgi
405 2962 450 3025 ad
465 2961 609 3026 Calend.
625 2961 771 3044 ⁸ianuar.
793 2963 871 3026 155
875 2964 899 3023 6
905 3011 911 3024 .

372 3067 418 3130 V.
437 3069 474 3132 P.
491 3085 615 3132 seruus
631 3069 810 3149 indignus,

835 3285 1027 3348 Aauonnus
1048 3285 1192 3348 Hazius.

199 3593 241 3655 ln
250 3609 372 3676 quarta
379 3607 523 3684 pagina
535 3607 620 3668 hoec
630 3613 772 3671 tantum
783 3608 974 3687 leguntur:
988 3605 1031 3669 R.
1046 3604 1084 3667 P.
1102 3603 1250 3683 Ignatio.

144 3794 166 3856 Ε
197 3698 239 3762 Et
261 3705 329 3769 ulra
349 3727 471 3773 manu:
499 3712 575 3774 1556
598 3712 623 3791 †
647 3713 819 3779 Louanio.
846 3714 1111 3793 Quadrimestre
1136 3711 1192 3774 del
1214 3709 1344 3775 Genn.⁰

155 3807 267 3867 mend.
