3504 5532
360 513 412 574 122
744 513 916 574 Luranius
933 527 1204 581 ooanmunsruns

354 659 444 722 dore
460 657 595 738 primas
609 659 646 722 in
660 660 728 722 hac
743 658 886 722 ciuitate
905 657 1073 735 obtinent,
1097 657 1243 720 insuetis
1261 665 1424 720 nostram
1444 655 1589 722 Acade-

355 766 463 828 miam
478 764 641 828 laudibus
666 766 865 828 extulerint.
892 764 979 827 Erat
1003 763 1095 827 inter
1116 772 1279 826 caeteros
1302 763 1448 844 quidam
1459 772 1588 848 tantae

355 871 410 934 uir
425 870 663 950 authoritatis
677 882 830 952 quantae
844 872 962 934 nullus
975 879 1030 934 est
1043 869 1111 933 hac
1127 870 1163 932 in
1184 869 1329 934 ciuitate
1351 869 1392 948 (is
1407 881 1492 934 tunc
1506 871 1586 952 qui·

351 979 435 1042 dem
448 977 601 1056 uiuebat,
619 995 711 1041 nunc
725 995 811 1042 uero
823 979 894 1041 iam
909 977 1030 1040 euiuis
1045 977 1221 1056 excessit),
1236 977 1306 1056 qui,
1319 977 1450 1057 templo
1462 994 1584 1056 egres-

353 1101 425 1163 suS,
443 1085 527 1164 quid
541 1085 686 1148 sentiret
701 1085 787 1148 satis
807 1085 862 1148 his
875 1083 994 1147 verbis
1013 1083 1201 1164 quemdam
1226 1101 1271 1146 ex
1297 1083 1428 1146 nostris
1448 1083 1585 1163 profes·

352 1191 688 1272 soribusalloquens
697 1191 903 1268 decimauit:
922 1190 964 1252 “ii
975 1189 1111 1270 (inquit)
1125 1199 1207 1252 sunt
1218 1191 1365 1269 fructus,
1380 1206 1469 1269 quos
1479 1207 1584 1270 prae-

352 1301 453 1362 clara
477 1299 567 1361 haec
597 1308 717 1361 vestra
741 1295 877 1378 profert
902 1296 1116 1372 academia„
1143 1293 1302 1358 Prorex¹
1326 1312 1412 1358 vero
1439 1295 1585 1359 fabulae

354 1405 532 1485 grauitate
548 1404 706 1467 simulac
721 1403 858 1467 facetiis
873 1403 922 1465 ita
936 1402 1169 1471 detinebatur.
1187 1412 1225 1464 ut
1242 1420 1262 1464 a
1279 1402 1475 1482 lachrymis
1495 1419 1585 1466 non·

354 1529 535 1592 nunquam
552 1512 615 1574 vix
630 1511 832 1574 abstineret.

412 1619 492 1700 Jam
507 1635 593 1680 vero
610 1616 830 1697 quantumin
849 1616 995 1679 huiusce
1011 1616 1165 1679 ciuitatis
1188 1615 1388 1680 homiuibus
1411 1615 1588 1694 spiritalis

353 1725 532 1805 profectus
543 1742 607 1805 per
618 1723 749 1787 Christi
759 1723 910 1786 famulos
921 1723 1130 1801 excreuerit,
1145 1732 1317 1802 quantum
1328 1722 1455 1802 pietas,
1469 1739 1583 1802 quan·

352 1841 428 1894 tum
442 1832 591 1910 relligio,
607 1830 794 1894 dicendum
808 1840 872 1892 est.
888 1829 1031 1893 Nobiles
1046 1832 1189 1909 multae,
1209 1828 1383 1908 imprimis
1405 1829 1582 1908 virgineS,

352 1957 399 2000 ex
418 1938 572 2016 assidua,
599 1948 674 2001 tum
696 1937 942 2016 confessioniS,
970 1946 1044 2000 tum
1064 1937 1164 1999 verbi
1188 1935 1254 1998 Dei
1280 1935 1581 2016 frequentatione,

353 2045 553 2108 mundanos
583 2045 764 2124 negligere
793 2060 1042 2125 nunquamque
1068 2044 1238 2106 morituro
1269 2059 1400 2123 sponso
1432 2041 1584 2106 Christo

351 2152 548 2214 adhaerere
569 2152 777 2214 didicerunt.
803 2151 898 2213 luter
920 2168 1008 2230 quas
1034 2150 1207 2230 quaedam
1234 2151 1341 2212 etiam
1368 2150 1445 2230 ipsa
1468 2149 1581 2213 nobili

351 2259 519 2338 prosapia
534 2257 731 2338 progenita,
753 2272 883 2335 sponso
903 2258 1037 2334 relicto,
1061 2256 1303 2334 virginitatem
1323 2255 1427 2318 simul
1446 2265 1481 2318 et
1500 2255 1583 2318 reli·

351 2364 494 2442 gionem
508 2365 616 2428 uouit.
634 2363 691 2427 Ad
710 2364 800 2426 haec
825 2363 1031 2443 quammulti
1055 2363 1270 2425 laboriosum
1295 2378 1477 2443 graueque
1497 2361 1583 2425 dae·

352 2471 466 2534 monis
482 2471 603 2550 iugum
615 2471 840 2550 deponentes
858 2470 935 2534 leue
950 2487 1128 2549 suaueque
1149 2469 1282 2533 Christi
1294 2487 1383 2532 onus
1405 2468 1581 2532 sustinere

351 2588 556 2658 coeperunt.
574 2577 684 2641 Multa
699 2577 837 2657 quidem
854 2588 934 2639 sunt
948 2577 1153 2657 quotidiana
1172 2578 1345 2657 exempla,
1365 2593 1455 2656 quae
1475 2593 1585 2656 aper·

352 2685 397 2748 tis
411 2685 447 2748 id
461 2685 600 2748 indiciis
615 2694 800 2748 testantur:
817 2683 880 2746 sed
893 2684 976 2747 dum
987 2700 1097 2746 vnum
1108 2683 1262 2746 breuiter
1274 2701 1425 2763 expon0,
1439 2683 1579 2759 audire,

350 2809 496 2871 quaeso,
512 2810 557 2854 ne
572 2808 734 2871 grauere,
753 2789 831 2853 Rfl‘
851 2789 967 2853 Pater.
984 2790 1166 2853 Venerant
1180 2807 1250 2853 non
1271 2789 1389 2853 multis
1408 2800 1491 2864 ante
1505 2789 1581 2854 die-

347 2899 415 2961 bus
429 2899 635 2962 concionem
651 2897 835 2961 auditurae
847 2896 1045 2977 impudicae
1065 2897 1239 2976 quaedam
1257 2896 1434 2966 mulieres:
1452 2906 1488 2960 at
1503 2913 1579 2976 quo

345 3007 478 3086 animo,
495 3015 533 3069 tu
549 3007 623 3086 ipse
647 3005 790 3069 uideris
816 3004 1043 3068 Accedebant
1068 3005 1160 3067 enim
1187 3003 1345 3066 vestibus
1371 3020 1459 3066 auro
1477 3019 1580 3082 gem·

348 3111 484 3191 misque
499 3113 674 3176 distinctis
688 3112 903 3190 succinctae,
921 3129 963 3174 ac
984 3111 1168 3190 torquibus
1183 3111 1274 3174 mira
1297 3119 1373 3173 arte
1389 3110 1517 3173 dolatis
1532 3127 1576 3174 ac

346 3217 552 3282 fabrefactis
578 3229 740 3292 ornatae:
768 3218 954 3298 cognoscis
978 3234 1100 3280 earum
1125 3213 1327 3294 accessum
1354 3226 1391 3278 at
1416 3216 1532 3296 qualis
1558 3233 1580 3279 e

347 3327 478 3404 templo
499 3326 681 3388 recessus?
707 3343 813 3405 quam
837 3340 1002 3404 egressus
1026 3323 1070 3386 ab
1095 3324 1261 3402 ingressu
1286 3322 1460 3386 diuersus!
1486 3333 1575 3402 quot

347 3448 518 3510 operuere
534 3433 670 3495 vultum
685 3432 888 3512 lachrymisl
912 3441 997 3512 quot
1016 3430 1164 3493 emisere
1182 3429 1335 3508 gemitus
1354 3440 1388 3493 et
1404 3429 1570 3509 suspiria!

344 3538 484 3617 quoties
499 3537 735 3602 admissorum
756 3541 930 3602 scelerum
950 3554 1125 3601 memores
1140 3547 1284 3614 pectora
1306 3535 1480 3600 tutuderel
1502 3553 1575 3617 quo

344 3644 540 3708 studiosius
556 3654 659 3708 antea
672 3662 810 3708 comam
831 3643 1099 3724 componebant,
1126 3660 1168 3705 eo
1194 3653 1278 3706 tunc
1299 3643 1464 3706 libentius
1478 3660 1578 3706 eam·

345 3751 427 3813 dem
442 3751 668 3814 vellicabant:
684 3751 768 3832 quid
779 3752 867 3814 tum?
881 3760 920 3814 vt
933 3750 1072 3830 publice
1084 3749 1250 3813 merendo
1270 3751 1461 3814 multorum
1476 3765 1575 3814 men·

347 3865 401 3920 tes
412 3859 591 3937 uitiarant,
609 3858 658 3920 ita
673 3858 813 3937 publica
824 3857 1040 3938 poenitentia
1061 3859 1191 3920 multos
1208 3857 1296 3920 aiios
1321 3866 1402 3920 suut
1417 3856 1463 3920 ad
1477 3873 1573 3936 eam·

345 3964 428 4027 dem
442 3964 661 4028 adhortatae.
677 3961 841 4028 Nondum
854 3965 973 4044 itaque
988 3965 1149 4028 concioni
1171 3963 1250 4026 finis
1269 3963 1454 4043 impositus
1478 3971 1569 4042 erat,

346 4069 487 4150 iamque
500 4070 567 4133 sibi
581 4079 724 4151 torques
739 4070 979 4134 detraxerant:
994 4088 1085 4151 quae
1100 4088 1157 4134 res
1172 4071 1238 4148 his,
1253 4071 1313 4150 qui
1325 4068 1485 4148 aderant,
1499 4087 1571 4133 non

348 4176 563 4258 mediocrem
576 4177 692 4241 attulit
707 4176 987 4256 admirationem,
1004 4195 1047 4242 ac
1061 4178 1163 4241 nobis
1177 4194 1352 4241 summam
1367 4178 1403 4240 in
1417 4175 1570 4240 Domino

344 4283 526 4363 laetitiam,
548 4283 640 4364 quod
654 4283 836 4347 uideamus
856 4299 1000 4347 manum
1019 4283 1161 4348 Domini
1187 4301 1259 4347 non
1285 4301 1364 4348 esse
1390 4283 1573 4348 abbreuia·

343 4399 429 4465 tam,
456 4390 526 4452 imo
552 4407 637 4454 uero
662 4408 727 4454 sua
756 4391 793 4454 in
818 4407 940 4454 omnes
963 4389 1146 4456 affluenter
1171 4392 1392 4478 benigneque
1416 4407 1581 4464 munera,

345 4495 521 4560 conferre.

350 4647 560 4669 h*

387 4733 394 4766 Ι
423 4735 535 4788 Jonnnes
546 4736 577 4780 de
592 4735 675 4790 Vaga.
