3368 5528
750 508 921 569 erruantt
940 525 1211 578 ouanntnssrass

422 1550 455 1607 Ρ.
471 1550 637 1610 Robertus
652 1549 870 1626 Clayssonius

455 1645 506 1706 Ex
518 1649 761 1708 commissione
777 1651 884 1710 Patris
898 1653 1035 1724 Joannis
1049 1653 1219 1726 Baptistae
1234 1651 1341 1719 Viola,

492 1747 583 1806 Patri
596 1747 715 1819 Joanni
730 1747 885 1809 Polanco.

524 1845 673 1916 Billomo,
689 1845 872 1906 20ctobris
889 1849 956 1906 1556
970 1849 989 1904 ¹.

424 2159 499 2224 Par
515 2159 656 2224 Domini
672 2161 737 2240 Dei
753 2161 864 2224 nostri
875 2162 958 2244 Jesu
974 2161 1105 2226 Christi
1117 2162 1273 2243 perlecta
1289 2179 1353 2226 nos
1369 2161 1477 2226 donet
1491 2160 1584 2224 liber·

369 2276 452 2330 tate.
466 2267 592 2331 Amen.

424 2374 523 2454 Quae
549 2394 568 2437 a
596 2376 767 2454 proximis
786 2375 897 2439 literis
918 2376 1244 2458 quadrimestribuS,
1267 2385 1396 2456 quarto
1416 2373 1586 2438 Caleudas

362 2480 487 2560 Junias
506 2483 658 2562 scriptis,
681 2499 744 2561 pro
764 2483 986 2561 negotiorum
1009 2483 1192 2558 varietate,
1212 2482 1339 2563 quibus
1358 2480 1586 2560 undequaque

363 2588 566 2668 premimur,
595 2587 821 2652 Reuerendue
843 2587 879 2652 P.
902 2600 982 2653 tuae
1007 2589 1300 2654 communicanda
1320 2587 1446 2652 suadet
1468 2601 1585 2650 sacrae

362 2695 581 2758 obedientiae
597 2695 731 2776 religio,
743 2687 902 2761 'breuiter
917 2713 959 2760 ac
975 2697 1177 2761 summatim
1195 2712 1443 2777 proponemus:
1463 2693 1586 2774 qur'ppr

363 2809 560 2880 quaranta
597 2803 797 2866 menstruis
826 2803 942 2866 lr'terr's
971 2803 1187 2884 praemissis
1209 2805 1294 2883 sere
1322 2801 1443 2865 omnia
1461 2799 1585 2880 fusius

361 2911 666 2973 enarrauerr'mus

419 3017 532 3096 Igitur
546 3028 583 3079 vt
600 3037 619 3079 a
635 3030 938 3082 sacramentorum
954 3029 1058 3099 atque
1079 3021 1167 3083 adeo
1187 3019 1297 3082 diuini
1316 3021 1417 3084 verbi
1437 3019 1585 3084 ministe-
1672 3055 1673 3058 =

360 3125 413 3188 rio
426 3126 610 3188 exordium
626 3143 817 3201 sumamus
835 3125 926 3188 ΒΨ
942 3125 1169 3206 Praepositus
1185 3135 1306 3190 noster
1326 3124 1506 3190 Dominus
1529 3127 1586 3190 Ba·

361 3231 466 3311 ptista
489 3231 681 3308 Violaeu5‚
704 3231 884 3295 Dominus
903 3232 914 3262 '
936 3232 1175 3314 Hieronymus
1197 3231 1341 3296 Bassius
1363 3231 1389 3314 ¹,
1411 3250 1479 3312 ego
1498 3231 1587 3296 deni·

361 3357 439 3418 que,
455 3339 534 3402 licet
550 3339 716 3418 indignus
731 3341 961 3420 (quamquam
975 3345 1008 3404 ct
1025 3339 1204 3402 Dominus
1216 3339 1404 3418 Nicotaus,
1417 3343 1587 3420 qnantum

358 3454 425 3529 per
447 3445 632 3508 lr'terarr'ae
651 3447 896 3526 professionis
916 3447 1163 3526 occupationes
1181 3446 1275 3524 licet,
1294 3445 1587 3510 scholasticorum

361 3553 648 3630 confessionibus
662 3553 852 3615 audiendis
868 3561 1014 3632 operam
1025 3569 1129 3616 suam
1140 3553 1351 3634 impertiat),
1366 3563 1587 3617 sacramento

361 3671 434 3726 tum
450 3659 689 3724 poenitentiae
704 3671 778 3722 tum
791 3659 1034 3724 Eucharistiae
1050 3659 1330 3724 administrando
1346 3660 1584 3740 inuigilamus;

362 3767 537 3847 plerisque
572 3767 730 3846 primarii
759 3766 893 3829 ordinis
924 3767 1117 3842 matronis,
1151 3767 1331 3832 mensibus
1360 3767 1510 3846 singulis
1534 3784 1584 3828 sa·

362 3883 580 3937 crumentum
608 3873 842 3936 consessionis
869 3873 1124 3954 repetentibus,
1152 3873 1375 3937 scholasticis
1400 3873 1584 3942 uniuersis,

362 3998 507 4046 numero
533 3979 636 4042 facile
663 3980 883 4060 qtringentiS‚
912 3979 1003 4043 idem
1030 3999 1074 4044 ex
1100 3997 1197 4043 more
1223 3979 1444 4056 iacientibus,
1472 3991 1584 4062 poten·

362 4088 510 4152 tioribus
526 4088 658 4169 aliquot
676 4087 814 4151 ciuibus
830 4088 933 4150 solito
952 4087 1094 4167 saepius
1106 4088 1172 4152 hoc
1184 4087 1454 4152 saluberrimum
1468 4087 1584 4152 aduer-

363 4213 422 4259 sus
443 4212 546 4259 omne
568 4195 735 4258 vitiorum
756 4211 930 4258 venenum
951 4195 1058 4258 animi
1078 4194 1405 4276 alexipharmucum
1426 4193 1574 4259 sumenti

362 4303 437 4366 bus.
455 4303 527 4366 Nee
544 4304 668 4366 desunt
685 4302 743 4382 qui
760 4301 937 4364 dominico
952 4319 1091 4382 quoque
1107 4302 1174 4378 die,
1198 4302 1395 4381 defaecatis
1417 4299 1583 4364 conscr'en

403 4476 409 4506 ¹
441 4475 629 4530 Autographae
641 4475 735 4528 duplici
747 4474 816 4520 lullo.
828 4484 868 4518 nn.
879 4473 918 4516 284
929 4481 953 4516 et
965 4473 1006 4516 2⁸5
1025 4473 1094 4527 Quae
1105 4473 1192 4517 deleta
1203 4474 1245 4518 vel
1255 4479 1380 4518 mutatu
1389 4472 1500 4518 Potaneo
1510 4471 1585 4520 luere.

362 4547 392 4590 de
404 4558 482 4600 more,
494 4547 595 4592 italicis
605 4547 802 4590 characteribus
813 4547 996 4599 exscribemun
1007 4546 1198 4590 emendationes
1208 4545 1306 4590 veroin
1316 4543 1578 4590 annotationtbmmu
1608 4547 1611 4553 ·

361 4619 490 4673 liclemus.

403 4692 413 4722 ²
445 4692 713 4748 Pg‘alcrld’otnttcus.

402 4763 413 4792 l
441 4769 466 4812 et
477 4765 604 4816 Nicotaus
616 4764 714 4808 addidit
727 4763 861 4807 Polaticus.
874 4759 920 4809 liic
931 4769 989 4809 erat
1000 4763 1028 4806 P.
1041 4760 1162 4808 Nicolaus
1171 4761 1303 4811 Bellehlle.
1314 4759 1507 4816 Lothtrlnglut.
