3472 5528
377 508 433 578 tto
763 519 934 581 Limus
954 525 1224 590 Q'tmnsntsstntts

377 666 578 746 doctrinae,
599 667 760 748 quamuis
782 666 838 730 die
859 668 1000 732 veneris
1021 666 1091 732 illis
1112 667 1157 732 sit
1182 668 1253 732 iam
1274 683 1296 730 a
1317 661 1610 748 praeceptoribus

377 772 568 854 explicata.

439 879 551 946 Multa
572 882 643 946 alia
663 891 761 962 sunt,
785 899 876 964 quae
898 883 942 948 de
963 861 1136 949 indistria
1157 883 1419 964 praetermitto,
1442 881 1525 964 quia
1545 883 1610 946 uix
1728 936 1729 974 3

376 1006 530 1074 possem,
546 989 577 1052 si
591 990 711 1054 omnia
725 990 852 1054 uellem
866 991 1042 1073 persequi,
1058 990 1163 1056 finem
1178 991 1368 1072 imponere.
1385 989 1485 1054 Haec
1497 988 1611 1054 habui

377 1099 421 1164 de
435 1107 559 1162 nostro
573 1097 723 1177 collegio
738 1114 829 1178 quae
843 1097 1009 1163 dicerem.

437 1204 622 1286 Reliquum
646 1215 699 1268 est
720 1214 759 1269 ut
780 1222 846 1269 nos
869 1223 993 1270 omnes
1014 1204 1215 1271 Paternitas
1236 1205 1314 1270 Tua
1339 1205 1611 1270 commendatos

377 1313 519 1393 habeat,
534 1320 574 1377 ut
587 1311 694 1378 credo
709 1321 743 1377 te
757 1313 900 1380 habere.
915 1315 1020 1398 Jesus
1033 1313 1195 1380 Christus
1209 1313 1302 1378 adsit
1318 1313 1446 1378 animis
1461 1313 1608 1378 nostris

378 1420 507 1485 Amen.

440 1526 680 1609 Olysipponae
694 1526 805 1592 Nonis
819 1527 914 1594 Maii.

540 1635 595 1700 Ex
608 1636 857 1702 commissione
872 1637 989 1702 Patris
1002 1638 1242 1704 Emmanuelis
1254 1637 1412 1718 Godino,

958 1853 1177 1920 Fnssmscus
1191 1871 1240 1921 ns
1259 1852 1403 1920 Vates.
1419 1852 1443 1933 †

446 2281 712 2366 Superscnptio
732 2285 770 2348 t'n
791 2291 922 2365 quarta
942 2285 1103 2366 pagina:
1122 2227 1206 2348 lsiS.
1228 2283 1274 2347 Al
1293 2299 1379 2364 muy
1396 2281 1474 2346 R.⁶⁰
1491 2282 1614 2350 Padre

379 2407 525 2462 nuestro
539 2411 584 2458 en
598 2392 740 2457 Christo
755 2393 787 2458 el
802 2391 840 2456 P.
856 2391 923 2456 M.⁰
935 2391 1074 2473 ignatio
1089 2392 1132 2457 de
1146 2391 1293 2471 Loyola,
1308 2389 1490 2472 Prepesito
1501 2407 1615 2471 gene·

273 2515 275 2522 '
380 2504 435 2570 ral
449 2503 492 2568 de
506 2504 542 2566 la
564 2500 761 2582 Compania
776 2500 820 2565 de
834 2499 941 2580 Ibus,
959 2498 1082 2564 Roma.

441 2610 525 2674 Alia
536 2624 661 2672 manu:
678 2605 766 2670 1556.
783 2606 974 2686 Olisopona
989 2605 1086 2686 (sic).
1102 2606 1419 2687 Quadrimestres7
1435 2605 1531 2672 Maii.
1546 2607 1569 2680 †

432 2717 487 2808 ¹In
502 2715 618 2780 altero
633 2713 867 2794 autographo
882 2714 968 2778 haec
980 2718 1123 2778 tantum
1136 2714 1176 2776 in
1186 2713 1468 2794 quartapagma
1479 2713 1615 2793 legun·
1731 2769 1732 2808 Τ

381 2831 457 2890 tur:
471 2824 563 2888 Ihus.
581 2820 845 2902 Quadrimestre
860 2819 903 2885 de
918 2819 984 2886 S.²⁰
999 2821 1131 2901 Anton,
1146 2819 1195 2883 2⁸
1211 2819 1295 2901 [via]
1312 2838 1333 2884 a
1347 2820 1471 2885 Roma.

441 2932 490 2996 Et
511 2929 585 2992 alia
609 2945 739 2992 manu:
764 2931 785 3001 †
810 2926 919 2993 Iesus.
942 2927 1109 2993 Lisbona.
1129 2927 1396 3006 Quadrimestre
1421 2927 1502 2994 delli
1523 2927 1543 2990 7
1574 2929 1616 2994 di

382 3039 526 3119 Maggio
542 3036 672 3116 (credo)
688 3034 744 3098 del
758 3035 808 3098 56.
