3510 5526
529 541 695 602 Annuus
716 557 748 602 nt
765 555 855 600 rouo
877 555 1025 600 sncuuno
1328 537 1381 598 idi

148 685 338 749 mentariis
353 685 525 750 Catonem
543 685 562 764 ¹,
578 688 729 752 selectas
744 687 913 768 epistolas
933 684 1105 766 quasdam
1126 693 1160 748 et
1177 683 1381 750 rudituenta

142 793 405 872 grammatices
420 795 472 858 eis
485 802 560 858 toto
574 794 632 861 die
646 795 851 874 ingeminat.
869 793 1002 858 Diebus
1016 793 1172 858 saturnis
1187 791 1380 858 thesesde·

152 897 355 978 tenduntur,
370 900 408 963 in
422 899 549 980 quibus
563 909 598 964 et
613 901 656 964 de
670 902 906 980 grammatica
916 909 955 968 et
965 899 1159 964 christiana
1170 898 1333 966 doctrina
1344 906 1380 962 et

142 1005 384 1070 concionibus
399 1017 567 1072 certatur.
584 1007 759 1072 Mirantur
773 1017 941 1088 parentes
951 1021 1031 1070 cum
1046 1015 1119 1070 tam
1130 1005 1282 1070 subitum
1292 1003 1379 1070 filio·

152 1127 234 1174 rum
256 1108 488 1178 mutationem
507 1113 666 1191 uideant,
687 1115 819 1178 abolita
832 1113 909 1178 sint
926 1113 1141 1191 iuramenta,
1168 1111 1378 1178 euauuerint

153 1217 238 1294 ludi.
253 1219 453 1286 doctrinam
466 1221 625 1286 audiant:
640 1221 783 1303 quaein
797 1220 946 1300 singuiis
957 1219 1130 1284 classibus
1140 1218 1263 1286 diebus
1274 1233 1378 1282 vene-

151 1325 203 1388 ris
228 1327 413 1406 enodabit,
438 1338 475 1391 et
497 1329 535 1392 in
554 1329 678 1392 diebus
697 1328 882 1392 dominicis
901 1329 943 1392 in
968 1337 1090 1392 nostro
1108 1328 1253 1390 sacello.
1274 1324 1378 1395 Hanc

141 1431 303 1510 primum
318 1433 499 1514 inceperat
510 1435 652 1516 aperire
666 1434 705 1498 Ρ.
719 1434 950 1510 Franciscns‚
966 1431 1144 1498 deindeP.
1167 1432 1377 1496 Bustaman·

148 1537 234 1618 tius,
249 1538 416 1620 deinceps
430 1539 468 1604 P.
489 1541 701 1606 Benedictus
722 1559 803 1606 cum
821 1557 958 1606 summo
975 1541 1119 1622 quidem
1139 1539 1295 1604 omnium
1316 1554 1376 1618 ap·

149 1645 291 1724 plausu.
308 1644 548 1712 Contionatus
569 1659 622 1712 est
637 1647 675 1711 P.
691 1647 906 1714 Franciscus
925 1647 1089 1728 precibus
1114 1645 1280 1726 Episcopi
1300 1643 1323 1723 ³,
1339 1647 1375 1710 in

150 1754 283 1832 templo
299 1754 453 1817 maximo
469 1755 554 1818 etin
569 1755 647 1818 aliis
662 1755 812 1836 templis,
825 1765 860 1818 et
870 1753 1136 1818 Bustamantius
1147 1767 1376 1818 comsumma

148 1858 308 1922 omnium
322 1859 557 1924 admiratione
573 1871 611 1938 vt
626 1861 738 1940 plenis
754 1861 907 1942 undique
921 1859 989 1924 uiis
1004 1859 1050 1924 ad
1064 1876 1125 1924 eos
1139 1859 1261 1922 iretur.
1276 1857 1375 1922 Post·

147 1981 193 2027 ca
207 1981 246 2028 se
259 1966 409 2030 contulit
420 1965 596 2047 Hispalim
607 1976 643 2030 et
654 1965 700 2030 ad
711 1965 822 2030 Astee
834 1965 1051 2032 aestuarium
1061 1963 1074 1995 ⁸
1085 1963 1202 2042 Pater,
1214 1963 1371 2044 inquam,

149 2069 376 2136 Franciscus.

208 2175 395 2244 Remansit
409 2179 465 2243 hic
479 2178 584 2244 Pater
599 2179 737 2244 Natalis
751 2178 797 2242 ad
811 2177 1090 2244 confirmandum
1104 2177 1258 2242 ciuitatis
1265 2185 1304 2240 et
1314 2176 1373 2240 do-

148 2283 236 2348 mini
249 2283 399 2368 Jonnnis
412 2297 529 2367 pacta,
547 2297 580 2350 et
595 2286 782 2364 scripturis
796 2299 830 2350 et
851 2285 946 2350 notis
964 2284 1177 2350 mandanda.
1199 2283 1373 2350 Dominus

147 2390 257 2454 marn
280 2391 435 2474 Joannes
460 2403 647 2474 postquam
672 2409 734 2456 aes
758 2393 913 2456 alienum
936 2391 1157 2470 disseruerit,
1180 2390 1373 2472 quotannis

145 2497 244 2562 mille
257 2496 407 2564 ducatos
420 2517 484 2580 per
498 2509 611 2564 totum
624 2515 711 2564 suae
726 2499 822 2564 vitae
844 2509 983 2580 tompus
995 2498 1098 2564 nobis
1111 2507 1166 2564 est
1184 2497 1373 2578 pollicitus,

147 2621 405 2686 speramusque
421 2608 466 2670 ab
480 2625 523 2672 eo
538 2607 628 2670 alias
642 2605 760 2686 aedes,
777 2607 955 2688 inquibus
970 2605 1127 2686 religiosi
1140 2604 1292 2686 professi
1307 2605 1372 2668 ¹ha·

144 2711 262 2776 bitare
273 2713 413 2792 possint
426 2711 452 2776 ¹⁴.
469 2711 539 2779 Sed
553 2731 666 2796 parua
680 2717 769 2780 haec
783 2715 894 2792 dices,
908 2715 941 2778 si
956 2731 998 2778 ea
1013 2712 1281 2793 comparaueris
1292 2728 1374 2776 curn

147 2819 222 2882 nita
235 2818 360 2899 ipsius:
370 2831 549 2886 mutatum
564 2839 643 2886 eum
660 2821 810 2901 uideres,
822 2821 1039 2886 christianae
1050 2818 1233 2900 religionis
1243 2818 1374 2884 sollici·

145 2935 235 3003 tum,
247 2935 287 2988 -et
301 2943 470 3007 magnum
485 2929 627 3009 quidem
642 2929 880 2993 continentiae
903 2939 939 2992 et
955 2927 1052 2993 uitae
1072 2927 1272 3006 exemplum
1294 2924 1374 2988 aliis

144 3031 306 3110 praebet.
321 3033 420 3097 Bone
433 3034 543 3113 Deus,
560 3035 697 3116 quoties
710 3043 853 3100 nostras
874 3036 981 3098 aedes
998 3033 1215 3114 frequentat,
1237 3030 1374 3112 quoties

146 3155 217 3203 nos
235 3139 279 3204 de
300 3139 378 3204 Deo
397 3143 581 3222 loquentes
598 3141 708 3221 andiu
728 3142 869 3224 quoties
888 3141 1073 3208 nobiscum
1090 3139 1292 3217 discumbit,
1317 3155 1374 3202 co·

146 3245 370 3310 medentibus
384 3248 572 3328 ministrat,
588 3250 791 3330 pauimenta
803 3250 928 3314 domus
939 3249 1061 3324 uertit,
1075 3248 1245 3310 sacellum
1257 3255 1372 3324 ornat,

143 3369 166 3414 e
191 3353 371 3432 tapetibus
381 3357 567 3435 puluerem
581 3357 728 3420 excutit!
751 3355 874 3420 Nonum
888 3356 977 3420 baec
999 3355 1126 3418 durum
1138 3352 1287 3418 fratrem
1302 3367 1373 3416 mo·
1461 3413 1467 3428 ,

147 3476 231 3523 uere
246 3461 426 3540 poterunt?
441 3479 557 3526 nonne
566 3463 709 3544 tepidos
719 3463 897 3536 excitare,
919 3473 953 3526 et
972 3459 1194 3526 currentibus
1210 3457 1374 3523 calcaria

146 3565 293 3631 addere?
309 3566 397 3647 Quis
410 3578 483 3634 tam
497 3568 712 3644 incredulus,
728 3570 788 3650 qui
800 3587 872 3632 non
886 3569 1010 3634 credat
1023 3569 1117 3632 hanc
1131 3566 1340 3646 religionem
1363 3561 1374 3593 ⁵

144 3690 166 3735 e
181 3674 281 3736 coelo
297 3690 375 3737 esse
390 3676 586 3756 delapsam?
600 3675 667 3740 Hic
683 3693 777 3740 nunc
792 3677 882 3739 nites
897 3675 1031 3754 inserit,
1047 3675 1210 3755 palmites
1224 3673 1260 3737 in
1275 3672 1374 3738 India

148 3789 404 3860 propagantur,
425 3790 459 3850 et
474 3781 615 3862 ignotos
624 3783 779 3864 populos
794 3794 900 3864 atque
915 3791 1056 3846 exteras
1069 3791 1194 3862 gentes
1209 3780 1255 3843 ad
1276 3778 1374 3844 Chri·

148 3887 192 3950 sti
203 3887 443 3968 cognitionem
455 3889 562 3953 ducit.
574 3887 685 3970 Spero
694 3898 728 3952 et
740 3888 905 3954 Sinarum
916 3892 1066 3970 populos
1078 3898 1111 3951 ct
1123 3887 1375 3968 Hyperboreas

146 4003 272 4074 gentes
286 4004 321 4058 et
335 3991 495 4060 Molucas
510 3995 643 4062 insulas
659 4004 693 4058 et
709 3995 859 4076 denique
875 3995 1094 4075 Americam‚
1117 3992 1293 4075 quaejam
1314 4011 1370 4057 no·

183 4275 194 4308 l
221 4273 334 4319 Carenis
343 4275 467 4326 distairi.
478 4277 509 4318 dc
520 4277 611 4330 qulbus
621 4275 724 4330 saepius
732 4275 757 4319 ln
769 4275 810 4319 bii
819 4275 1071 4329 Quadrimeembus
1079 4275 1180 4320 litteris
1187 4281 1213 4319 et
1223 4275 1250 4319 in
1260 4273 1374 4320 humet

145 4345 282 4392 attonito.

181 4417 195 4450 ⁸
221 4417 517 4472 Leupoldideitnstrls.

183 4491 196 4524 ⁸
219 4489 265 4536 Sic
275 4493 309 4536 eb
319 4491 590 4547 antiquisqulbusdarn
599 4495 762 4550 appellarem
770 4494 856 4538 terunt
865 4496 962 4547 urbem,
972 4505 1039 4550 qnae
1048 4503 1116 4538 nunc
1131 4491 1370 4538 Mmfflssa·

145 4562 273 4607 mmm
284 4563 388 4616 dicitur,
398 4571 475 4619 qnam
484 4563 632 4619 siguificare
642 4573 714 4610 certo
723 4567 780 4610 vult
791 4565 939 4611 litterarum
949 4567 1041 4610 barum
1048 4571 1150 4610 auctor.

178 4633 196 4668 ¹⁴
223 4634 317 4685 Aedes.
328 4633 436 4689 scilieet,
448 4647 515 4691 quae
526 4633 628 4681 Domus
636 4637 772 4695 professa,
781 4637 824 4682 vel
832 4637 1018 4694 professorem
1029 4637 1157 4692 appellari
1167 4647 1337 4684 comburere.

185 4704 197 4738 ⁸
225 4705 339 4751 Vocibus
348 4707 389 4751 bis
398 4707 468 4752 hanc
478 4709 645 4766 religionem,
654 4711 675 4755 el
686 4719 744 4755 enm
754 4709 919 4766 sequentibus
928 4711 1106 4762 couterentur,
1114 4709 1254 4756 societatis
1261 4709 1373 4764 Jeme·

141 4777 208 4830 italo
220 4779 388 4834 intelligenda
398 4779 509 4825 videtur.
