3436 5526
483 493 654 556 Annnuoa
673 511 706 558 ru
725 509 813 554 rouo
832 509 980 554 secunao
1284 493 1339 553 aba

106 655 192 704 men
206 639 458 720 impraesentia
478 640 677 720 scribimus,
693 638 937 721 proculdubio
951 647 1187 721 perventuras
1205 637 1337 717 cogito:

107 746 280 826 quoniam
294 764 418 811 earum
432 747 609 812 tabellarii
623 747 753 812 fratres
763 747 876 811 nostri
887 745 1088 811 charissimi
1097 739 1340 829 Joannes'Gu·

108 863 229 934 tanus,
242 853 369 918 Petrus
382 853 547 934 Canales,
563 855 728 919 dominus
741 853 937 918 Teutonius
948 863 1042 934 sunt,
1059 852 1120 934 qui
1132 853 1239 917 modo
1253 853 1343 934 Bar·¹

107 961 256 1024 chinoni
270 969 507 1038 remorantur,
524 963 696 1026 transitus
711 962 777 1025 iter
792 968 906 1025 tutum
917 961 1189 1041 praestolantes,
1203 969 1238 1024 et
1252 976 1338 1041 quo·

106 1084 188 1131 rum
199 1068 353 1149 loquela,
365 1077 467 1149 pater
479 1084 702 1150 summopere
712 1067 871 1145 colende,
885 1083 1003 1132 rerum
1013 1084 1149 1147 earum,
1162 1082 1252 1147 quas
1262 1066 1338 1132 sere

106 1191 251 1255 semper
264 1191 464 1255 operamur,
480 1176 612 1240 certior
626 1174 765 1240 abunde
778 1175 852 1254 lies,
865 1175 962 1255 quod
972 1175 1078 1238 vivae
1092 1191 1164 1238 non
1175 1183 1338 1238 mortuae

105 1282 233 1346 literae
248 1282 329 1358 sint;
345 1283 487 1348 interim
505 1299 592 1346 vero
608 1283 883 1358 exercitationes
896 1282 1034 1361 solitae,
1051 1281 1160 1346 ueluti
1174 1290 1337 1363 peccato-

106 1405 188 1452 rum
215 1398 347 1468 reatus,
375 1389 497 1453 audire
522 1389 802 1454 sacratissimum
822 1396 1128 1460 sacramentorum
1153 1387 1335 1453 hominum

105 1495 189 1559 filiis
208 1495 395 1577 impartiri,
418 1495 743 1562 confabulationum
765 1495 913 1575 solatiis,
932 1513 1027 1559 nunc
1046 1495 1123 1574 hos,
1147 1512 1242 1559 nune
1256 1494 1337 1559 illos

104 1601 266 1682 reficere,
289 1621 335 1667 ex
348 1602 417 1667 bac
439 1604 570 1668 misera
592 1605 666 1668 vita
689 1601 965 1684 proficiscentes,
989 1612 1028 1666 vt
1043 1603 1080 1667 in
1094 1601 1248 1668 Domino
1263 1617 1334 1665 mo·

106 1709 258 1788 riantur,
273 1709 410 1788 iuvare,
431 1727 497 1791 pro
515 1709 646 1774 virium
667 1719 870 1775 nostrarum
890 1709 1073 1788 facultate,
1101 1718 1141 1772 vt
1155 1709 1266 1772 moris
1280 1720 1335 1772 est

107 1825 254 1880 nostrae
268 1815 468 1896 Societatis,
495 1816 588 1898 apud
610 1833 675 1894 nos
699 1816 797 1881 fiunt.
823 1815 1012 1881 Sermones
1031 1825 1229 1897 praeterea,
1244 1832 1336 1897 quos

106 1921 164 1984 hic
180 1923 357 2004 colloquia
371 1923 614 2003 pomeridiana
634 1923 868 2004 nominamus,
891 1933 1049 2004 tempore
1073 1923 1143 1987 diei
1165 1921 1334 1988 dominici

106 2039 216 2109 atque
229 2029 445 2110 reliquarum
466 2031 727 2095 solemnitatum
746 2032 782 2094 in
804 2031 873 2094 hac
892 2039 1014 2094 nostra
1033 2030 1139 2094 domo
1163 2039 1333 2111 perpetuo

106 2135 296 2216 habentur,
316 2137 611 2218 quadragesimae
635 2148 794 2219 tempore
813 2138 1074 2219 praetermisso,
1094 2146 1169 2202 tum
1187 2137 1272 2218 quia
1291 2153 1333 2200 eo

105 2252 267 2322 tempore
281 2243 502 2310 abundamus
513 2245 550 2309 in
564 2244 633 2309 hac
648 2245 793 2310 civitate
807 2245 1048 2322 concionibus
1064 2253 1138 2306 tum
1160 2244 1245 2324 quia
1258 2261 1331 2307 cre·

105 2348 172 2412 bra
187 2350 451 2415 confessionum
466 2353 652 2417 multitudo
667 2352 703 2416 id
717 2353 792 2433 pati
807 2367 877 2415 non
897 2360 1025 2430 potest.
1048 2350 1185 2415 Crescit
1204 2351 1241 2414 in
1256 2351 1332 2414 dies

105 2457 269 2536 populna,
300 2458 360 2538 qui
388 2459 519 2522 adens
546 2459 742 2523 audiendos
770 2459 948 2538 convenit;
973 2465 1113 2522 crescat
1137 2459 1275 2522 vtinam
1295 2456 1332 2519 in

105 2563 265 2626 omnium
279 2564 406 2628 animis
426 2565 572 2646 spiritus
596 2565 654 2630 ille
672 2566 846 2644 veritatis,
868 2565 926 2647 qui
941 2566 1066 2630 doctor
1086 2573 1140 2628 est
1163 2563 1329 2628 omnium.

166 2669 237 2749 Qui
250 2671 450 2736 detinentur
465 2673 502 2736 in
517 2674 677 2737 custodia
692 2673 832 2754 publica
851 2673 993 2737 cuidam
1007 2691 1052 2736 ex
1072 2672 1203 2736 uostris
1223 2669 1332 2750 patri·

106 2777 184 2854 bus,
201 2777 261 2858 qui
275 2795 337 2842 eos
350 2778 450 2843 adire
463 2778 662 2861 docereque
677 2781 778 2858 solet,
795 2796 860 2843 sua
875 2779 1023 2843 crimina
1038 2779 1275 2842 declararunt.

167 2881 277 2948 Domi
301 2903 423 2950 omnes
437 2887 551 2950 salute
576 2888 766 2968 corporali,
789 2885 881 2968 Xpo.
904 2885 1055 2967 gratiae,
1077 2886 1250 2962 valemus,
1263 2883 1331 2946 nisi

104 2990 217 3054 frater
228 2991 371 3072 quidam
380 2992 523 3057 nomine
535 2993 643 3058 Nosre
654 2993 829 3074 Caballer,
842 2995 900 3074 qui
911 3011 1006 3058 nunc
1021 2985 1332 3056 aSalmantica'ad

103 3115 170 3162 nos
185 3099 407 3178 aegerrimus
420 3099 593 3166 deductus
611 3111 677 3180 est,
699 3103 780 3165 licet
799 3101 927 3165 cotidie
952 3110 1139 3182 postquam
1166 3098 1329 3177 accessit,

103 3205 227 3285 magis,
235 3209 474 3272 convalescat:
490 3217 544 3272 est
558 3209 651 3272 enim
666 3209 878 3287 valentinus;
895 3225 1006 3289 quare
1018 3225 1060 3270 eo
1073 3207 1140 3270 huc
1156 3205 1285 3270 missus
1296 3213 1332 3267 et

102 3313 182 3375 ideo
199 3313 324 3377 melius
339 3331 419 3378 cum
434 3315 493 3378 illo
505 3317 635 3396 agitur;
647 3316 750 3381 dulce
762 3333 914 3396 namque
924 3325 1053 3378 nomen
1064 3314 1213 3395 patriae,
1229 3311 1331 3375 dulce

104 3419 227 3482 videre
240 3435 335 3483 suos.
353 3419 456 3485 Pater
472 3420 674 3498 Caravaial,
691 3424 762 3504 qui,
779 3423 872 3486 hunc
883 3439 947 3503 per
960 3422 1058 3485 viam
1069 3431 1269 3498 curaturus,
1285 3420 1329 3481 si·

104 3527 175 3589 mul
190 3525 302 3606 venit,
317 3545 364 3592 ex
384 3527 483 3592 iussu
508 3528 545 3592 P.
573 3525 686 3593 nostri
707 3528 827 3594 Araoz
841 3529 899 3593 hic
925 3530 1108 3608 remansit,
1134 3525 1333 3590 infirmatus

105 3633 235 3714 quippe
260 3642 365 3698 antea
389 3633 516 3714 iuerat,
542 3636 736 3717 morboque
752 3635 890 3717 capitia,
907 3635 967 3716 qui
981 3635 1115 3715 passim
1126 3642 1268 3697 nostros
1282 3633 1330 3696 in·

104 3739 222 3818 festat,
238 3739 433 3806 laborarat:
456 3741 519 3807 sed
538 3743 626 3806 vrbs
644 3743 732 3806 baec
751 3743 904 3823 propitia
924 3742 1017 3806 illius
1033 3740 1139 3805 saluti
1150 3749 1215 3818 est,
1239 3738 1333 3802 vnde

104 3846 196 3910 sieut
211 3856 247 3910 et
261 3849 363 3926 alter,
377 3849 413 3912 in
428 3849 504 3913 dies
518 3850 669 3914 salutem
684 3851 881 3930 recuperat.

163 3951 272 4018 Pater
285 3953 503 4034 Emmanuel,
517 3957 780 4038 complutensis,
793 3957 911 4020 iussus
925 3973 947 4018 a
967 3954 1073 4020 Patre
1092 3956 1198 4019 huius
1217 3955 1332 4034 regio·

103 4061 159 4124 nis
169 4060 352 4141 praelecto
363 4063 460 4126 venit
473 4063 543 4127 huc
552 4079 676 4144 nuper,
687 4072 726 4128 vt
741 4071 775 4126 et
785 4064 854 4128 hoc
865 4073 900 4127 et
911 4063 1099 4144 collegium
1112 4061 1332 4142 guandiense

102 4165 283 4233 inviseret:
301 4169 361 4249 qui
379 4169 463 4234 dum
484 4170 579 4251 apud
593 4187 659 4233 nos
679 4170 894 4251 diversatur,
916 4171 1100 4251 egregiam
1122 4170 1333 4234 concionem

102 4274 139 4337 in
151 4275 310 4356 principe
324 4276 602 4356 parrochialium
613 4275 803 4342 Valentiae
814 4287 962 4358 rogatus
973 4277 1107 4342 habuit.

164 4380 277 4446 Hodie
303 4383 341 4446 in
360 4393 522 4456 nostram
543 4383 686 4448 domum
707 4401 745 4448 se
760 4386 986 4450 contulerunt
999 4385 1142 4468 quidam
1157 4385 1332 4464 imprimis

102 4488 329 4553 venerandus
340 4489 521 4568 sacerdOS,
533 4491 595 4572 qui
606 4491 677 4554 iam
688 4492 826 4571 publice
837 4493 1081 4572 concionatur,
1091 4509 1229 4555 necnon
1240 4491 1332 4554 alter

103 4594 241 4658 iuvenis
256 4596 455 4676 theologus,
472 4606 506 4661 et
520 4597 623 4674 alius,
647 4599 705 4662 cui
727 4599 798 4662 iam
819 4599 951 4663 artium
977 4616 1101 4663 cursus
1124 4598 1254 4677 finitur,
1271 4615 1331 4679 pe·

102 4707 219 4765 tentes
232 4701 343 4784 recipi
358 4711 465 4783 atque
479 4704 570 4768 mitti
584 4721 655 4784 quo
670 4706 853 4786 vellemus;
868 4705 974 4770 valde
996 4705 1169 4788 siquidem
1183 4705 1331 4787 cupiunt
