3578 5534
393 473 430 534 82
777 474 948 535 erranna
967 493 1238 546 ouanarnssraas

393 627 468 688 stra
484 621 566 684 aula
580 621 805 700 bruxellensi,
823 621 968 702 cupiunt
983 639 1022 686 se
1036 621 1207 686 Societati
1222 623 1429 702 adiungere,
1453 639 1541 703 quos
1560 622 1623 686 ad-

395 733 534 796 mittere
559 730 746 793 statuimus
771 745 878 810 quam
905 730 1058 810 primum
1082 740 1319 810 opportunum
1348 730 1538 794 videbitur.
1568 730 1621 796 In·

393 855 499 919 super
514 836 683 901 sacerdos
697 835 850 916 quidam,
861 835 996 915 sortis,
1010 836 1147 914 doctus,
1163 842 1444 916 repraesentans
1453 837 1575 900 virum
1585 843 1619 901 et

395 960 566 1008 sonoram
592 943 725 1007 hahens
753 959 890 1022 vorm,
918 943 1026 1006 etrhm
1055 944 1178 1007 statuit
1211 961 1250 1007 se
1283 944 1386 1008 nobis
1414 944 1618 1025 adiungere.

394 1051 498 1116 Alius
511 1051 518 1082 ¹
531 1051 640 1114 etiam
650 1051 789 1113 iuuenis
801 1050 1002 1114 leodiensis,
1016 1049 1097 1113 Duo
1110 1050 1217 1113 eti'am
1229 1049 1240 1081 ¹
1253 1061 1314 1115 aut
1330 1060 1403 1114 tres
1414 1049 1475 1114 filii
1486 1050 1620 1115 confes·

396 1158 506 1224 sionis
521 1164 648 1222 nostro
662 1157 843 1221 adiutorio
858 1155 870 1187 ⁸
886 1157 1038 1237 ingressi
1053 1167 1135 1221 sunt
1154 1158 1362 1238 religionem
1383 1157 1620 1222 franciscano-

396 1283 485 1346 rum,
503 1282 593 1346 quae
608 1281 666 1328 res
680 1283 751 1328 non
765 1281 914 1345 paruam
929 1265 1025 1328 fouet
1041 1265 1251 1329 charitatem
1267 1265 1358 1328 inter
1377 1265 1622 1329 franciscanos

396 1381 431 1436 et
445 1383 604 1436 nostram
618 1369 849 1452 Societatem,
865 1371 942 1435 heri
956 1387 1112 1451 quoque,
1128 1381 1274 1451 propter
1288 1372 1549 1436 inuestitionem
1564 1389 1622 1436 cu·

397 1479 535 1543 iusdam
560 1477 622 1541 filii
642 1477 877 1541 confessionis
896 1479 1021 1558 nostri,
1043 1477 1230 1557 prandium
1252 1478 1388 1559 sumpsi
1410 1495 1491 1542 cum
1513 1478 1564 1542 eis
1586 1479 1623 1543 in

398 1584 773 1665 refector-impransum
789 1601 875 1646 vero
893 1583 903 1612 ⁸
923 1583 1033 1664 finito,
1057 1593 1246 1664 antequam
1264 1583 1303 1648 P.
1326 1584 1553 1649 Guardianus
1572 1586 1622 1649 in-

395 1693 540 1755 choaret
554 1691 702 1772 gratias,
719 1690 858 1771 publice
871 1689 1131 1755 commendauit
1142 1707 1209 1754 nos
1221 1691 1441 1755 orationibus
1452 1692 1620 1772 omniurn,

396 1800 530 1863 addens
556 1808 678 1862 nostro
703 1798 852 1862 consilio
873 1809 1097 1878 praesentem
1121 1797 1293 1862 nouitium
1317 1797 1518 1878 ingressum
1543 1799 1621 1864 reli-

396 1906 551 1986 gionem.

460 2011 561 2091 Quod
577 2013 622 2076 ad
636 2029 703 2075 nos
718 2012 854 2090 attinet,
879 2011 1008 2092 singuli
1022 2028 1206 2075 manemus
1229 2011 1264 2075 in
1287 2012 1467 2076 consuetis
1485 2011 1622 2093 officiis;

398 2118 504 2183 Pater
518 2138 606 2182 vero
621 2118 802 2182 Arnoldus
817 2117 828 2148 ⁵
843 2128 962 2182 manet
976 2118 1012 2180 in
1028 2117 1258 2182 Culemberch
1274 2116 1286 2149 ⁶
1307 2136 1380 2182 non
1398 2119 1531 2200 absque
1550 2137 1623 2183 ma·

400 2242 471 2306 gno
491 2226 619 2290 fructu.
642 2223 865 2305 Scripseram
884 2197 917 2287 ei
936 2235 974 2287 vt
995 2225 1244 2305 compendiose
1265 2223 1439 2288 rationem
1460 2226 1624 2289 redderet

399 2349 535 2411 eorum,
553 2349 643 2413 quae
660 2331 788 2394 ibidem
803 2332 888 2410 egit,
907 2331 1001 2411 quod
1016 2331 1098 2411 quia
1110 2331 1192 2394 iecit
1207 2337 1241 2394 et
1251 2330 1381 2411 justae
1395 2337 1484 2395 sunt
1498 2331 1625 2395 literne

395 2446 465 2519 per
480 2458 531 2519 se,
546 2440 655 2504 statui
669 2440 766 2520 ipsas
780 2439 891 2519 ipsius
905 2439 1026 2502 literas
1040 2437 1078 2502 P.
1097 2437 1143 2501 V.
1159 2440 1400 2502 transmittere
1415 2445 1436 2502 ².

457 2547 511 2609 De
526 2546 621 2610 ΜΒ
639 2547 678 2609 in
693 2546 752 2608 X.⁰
769 2545 946 2609 Patribus
962 2546 1008 2610 P.
1025 2545 1138 2608 Petro
1153 2545 1404 2624 Rrhadeneyra
1418 2551 1453 2609 et
1467 2547 1514 2609 P.
1534 2545 1625 2610 Ber·

402 2655 518 2716 nardo
533 2651 545 2684 ⁸
559 2653 650 2716 nihii
663 2654 792 2726 dicam,
808 2652 892 2732 quia
912 2668 983 2715 non
1002 2651 1122 2715 dubito
1143 2652 1229 2732 quin
1249 2651 1529 2732 diligentissime
1552 2653 1625 2716 siu·

399 2761 492 2840 guia
507 2762 552 2824 P.
579 2761 615 2824 V.
632 2760 896 2824 transcribant:
910 2759 976 2821 hoc
988 2759 1106 2822 solum
1121 2759 1213 2837 di'co,
1227 2760 1322 2839 quod
1337 2760 1465 2822 honum
1490 2759 1631 2823 Christi

398 2875 433 2932 et
447 2868 637 2931 societatis
650 2869 795 2929 odorem
814 2865 1032 2946 sparserint.
1055 2865 1112 2929 Sit
1131 2865 1310 2929 Dominus
1331 2865 1370 2928 in
1388 2866 1551 2929 omnihus
1573 2867 1625 2929 be·

401 2975 573 3038 nedictus.

457 3081 502 3145 D.
520 3081 702 3162 Philippus
718 3079 936 3159 Knobbaert,
958 3085 1216 3142 conterraneus
1235 3096 1336 3142 meus
1350 3077 1374 3159 ⁰,
1390 3078 1428 3144 P.
1448 3080 1495 3145 V.
1516 3081 1625 3145 etiam

399 3197 516 3267 notuS,
532 3189 593 3268 qui
606 3187 666 3250 diu
681 3187 815 3251 Romae
832 3186 916 3265 egit,
933 3194 968 3248 et
983 3195 1144 3266 exparte
1159 3195 1213 3249 est
1228 3186 1354 3250 haeres
1369 3186 1506 3266 domus,
1520 3205 1627 3268 quam

398 3295 648 3374 inhabitamus
665 3294 741 3357 heri
755 3293 843 3356 dixit
859 3292 945 3356 mihi
961 3309 998 3355 se
1013 3290 1186 3372 proximis
1200 3290 1325 3356 diebus
1340 3294 1430 3358 velle
1445 3293 1498 3357 ire
1513 3294 1549 3356 in
1564 3311 1626 3375 pa-

398 3402 504 3465 triam
519 3411 554 3464 et
568 3417 677 3480 agere
691 3416 772 3462 cum
787 3399 931 3480 reliquis
946 3397 1157 3461 haeredibus
1172 3406 1212 3460 vt
1225 3398 1434 3478 simpliciter
1447 3400 1549 3463 detur
1563 3397 1627 3465 So·

401 3507 520 3572 cietati
533 3508 658 3570 eadem
673 3507 811 3585 domuS,
826 3515 866 3569 vt
881 3504 1042 3570 Societas
1056 3507 1266 3584 memoriam
1282 3522 1368 3570 suae
1385 3507 1570 3587 progeniei
1590 3508 1629 3571 in

397 3622 604 3696 perpetuum
619 3613 748 3676 habeat
765 3610 800 3672 ¹⁰.

398 3808 610 3819 ————

440 3928 448 3961 ¹
477 3928 627 3982 adiungere,
639 3929 667 3969 ut
678 3929 704 3969 et
715 3925 790 3969 allus.
803 3925 945 3969 Poenicus.

439 3999 451 4031 ἱ
475 4001 630 4055 praeterea.
641 3997 680 4042 Io.

440 4069 453 4103 ⁸
479 4068 786 4114 nohtsiuuantibus.lu.

438 4143 450 4175 ⁴
478 4154 536 4196 qno.
548 4141 587 4188 10.

440 4214 451 4248 ὓ
479 4214 508 4258 Ρ.
521 4214 652 4268 Arnoldus
662 4223 714 4256 van
725 4211 792 4256 Hees
802 4210 923 4264 (Heceus,
934 4209 1049 4261 Herius).

441 4281 454 4313 ⁸
480 4285 638 4338 Culenborg.
647 4282 714 4327 Vlde
727 4282 838 4326 Potnuct
849 4281 1032 4335 curvationi.
1043 4297 1069 4337 v,
1080 4295 1140 4338 pag.
1150 4283 1197 4334 2⁹2.
1208 4290 1303 4328 annot.
1314 4285 1335 4329 5.

444 4357 455 4388 ²
481 4357 536 4402 Eas
546 4356 661 4400 dedimus
671 4365 758 4410 supra,
769 4365 832 4409 pag.
848 4353 883 4397 21.

437 4425 449 4456 ⁸
484 4427 659 4472 P.Bernardo
672 4426 795 4472 oliverio.

440 4499 453 4532 ⁰
480 4497 845 4555 antuerpiensisPouancus.

428 4571 449 4606 ¹⁰
476 4572 670 4626 Corrigendane
681 4570 721 4614 his
736 4577 820 4624 erunt,
835 4582 869 4615 en
880 4575 982 4616 tantum
991 4571 1150 4628 complenda,
1160 4581 1226 4626 quae
1245 4582 1277 4615 ex
1291 4569 1441 4622 Dmauucn,
1459 4569 1636 4614 L'etabiisse·

400 4647 474 4690 ment
484 4645 517 4688 de
527 4642 554 4687 ta
566 4642 727 4697 Comparate
737 4643 770 4686 de
782 4641 866 4697 jesus
876 4643 945 4686 dans
956 4642 995 4686 ies
1006 4641 1154 4698 Pars-Bas,
1165 4653 1226 4697 pag.
1240 4641 1261 4695 8,
1272 4647 1360 4686 annot.
1371 4641 1391 4694 8,
1409 4643 1592 4687 transtulimus
1606 4643 1633 4688 in

401 4719 513 4762 Pounxcr
524 4714 680 4767 Chronicon,
689 4720 708 4759 t.
719 4725 745 4767 v,
755 4725 816 4768 pag.
826 4713 874 4770 292,
885 4719 974 4758 annot.
984 4714 1015 4758 5?
