3410 5528
390 535 445 598 332
763 533 1222 607 erraaaaoosomtmsraas

452 682 575 750 Obiter
589 693 707 750 tamen
722 684 839 750 dicam
853 684 937 766 quid
950 685 1154 766 requirebat
1168 683 1246 749 Rex
1260 703 1282 750 a
1296 685 1413 750 nobis:
1434 695 1473 749 ut
1493 682 1604 750 uideli-

391 801 459 870 cet,
486 791 641 856 eiusdem
665 791 872 856 monasterii
896 792 996 856 bonis
1024 790 1182 873 Collegio
1209 791 1384 872 Pragensi
1412 791 1604 874 applicatis,

391 897 582 979 Pragensis
608 897 737 964 Rector
762 909 904 964 curaret
929 899 1066 965 uisitari
1090 902 1157 965 hoc
1182 901 1437 966 monasterium
1463 899 1606 980 singulis

391 1005 495 1070 annis
509 1005 575 1085 bis,
591 1006 622 1069 si
636 1014 709 1071 tres
723 1016 784 1070 aut
798 1017 951 1087 quatuor
963 1006 1166 1072 sacerdotes
1177 1007 1306 1073 ibidem
1316 1005 1471 1072 officium
1481 1007 1605 1088 persol-

392 1121 527 1189 uentes,
543 1122 578 1178 et
592 1130 614 1176 a
628 1113 882 1177 citauiensibus
897 1111 905 1144 ¹
922 1113 1031 1178 oblati
1044 1122 1080 1177 et
1094 1113 1310 1195 praesentati
1320 1113 1367 1178 ad
1378 1113 1446 1178 hoc
1457 1113 1606 1178 ministe-

391 1219 483 1284 rium
496 1219 750 1300 peragendum,
766 1221 838 1284 sint
852 1220 980 1299 idonei,
997 1219 1150 1286 officium
1163 1230 1384 1301 exequantur
1399 1220 1527 1296 debite,
1548 1220 1605 1284 eis·

391 1327 541 1408 demque
556 1326 688 1408 aliquid
703 1326 796 1393 idem
811 1325 942 1392 Rector
956 1327 1002 1392 ad
1017 1326 1258 1409 quotidianum
1272 1327 1407 1392 uictum
1424 1327 1608 1408 quotannis

392 1433 605 1498 contribuat.
622 1431 658 1499 Si
670 1443 763 1498 tecta
777 1435 982 1500 monasterii
993 1433 1170 1515 deficiant,
1183 1450 1247 1515 per
1257 1435 1471 1500 citauienses
1480 1445 1608 1499 restau-

392 1541 465 1605 rari
485 1541 559 1604 suis
579 1541 745 1622 expensis
765 1558 929 1607 curemus
950 1540 1080 1606 Rector
1102 1551 1137 1606 et
1160 1539 1375 1624 colle[gium]
1396 1540 1425 1606 ¹:
1447 1542 1479 1606 si
1498 1541 1609 1622 paries

391 1649 520 1730 aliquis
535 1659 678 1714 corruat
699 1649 735 1712 in
758 1651 985 1728 monasterio,
1007 1648 1138 1715 Rector
1160 1647 1307 1730 Collegii
1329 1647 1522 1730 Pragensis
1542 1647 1610 1712 suis

392 1757 556 1837 expensis
570 1765 756 1821 restauret.

451 1862 576 1943 Quoad
583 1863 672 1944 illos,
682 1865 743 1945 qui
753 1865 940 1930 ecclesiam
949 1874 1109 1931 nostram
1120 1866 1276 1945 uisitant,
1286 1864 1418 1929 diuersi
1426 1861 1608 1929 admodum

392 1980 474 2035 sunt
488 1971 659 2052 religione
674 1981 709 2036 et
722 1970 791 2036 fide
807 1983 841 2035 et
856 1973 1029 2037 moribus:
1045 1973 1158 2052 multi,
1174 1971 1278 2037 ualde
1292 1971 1412 2053 quieti,
1434 1969 1561 2036 deuote
1579 1979 1611 2034 et

391 2078 550 2143 modeste
563 2095 602 2142 se
614 2087 757 2158 gerunt;
774 2079 918 2160 quidam
932 2096 1018 2144 uero
1033 2080 1225 2144 insolenter
1239 2089 1275 2143 et
1289 2095 1369 2143 cum
1384 2078 1540 2144 maximo
1553 2093 1610 2142 no·

395 2193 469 2250 stro
485 2186 654 2266 periculo.
671 2183 786 2251 Semel
802 2186 933 2252 accidit
946 2185 1043 2251 Patri
1062 2186 1217 2265 Canisio,
1237 2185 1430 2251 celebranti
1450 2186 1487 2250 in
1505 2185 1611 2251 choro

394 2292 526 2372 templi,
543 2302 582 2357 ut
595 2292 688 2356 inter
702 2292 974 2357 sacrificandum
990 2293 1165 2374 lapidibus
1175 2302 1354 2374 peteretur
1363 2309 1427 2374 per
1442 2291 1612 2360 fenestras

394 2399 439 2462 ab
464 2399 656 2464 extraneis.
683 2399 789 2464 Aliud
814 2401 944 2465 accidit
969 2399 1071 2464 Mtro.
1099 2400 1264 2465 Cornelio
1288 2397 1316 2463 ⁸:
1347 2417 1427 2464 cum
1452 2399 1533 2480 ipso
1560 2397 1612 2462 die
1695 2385 1696 2424 ³

392 2503 624 2570 Ascensionis
638 2507 834 2571 celebraret
849 2508 1009 2572 ultimum
1024 2523 1177 2586 sacrum,
1195 2507 1338 2589 quidam
1351 2522 1524 2587 praesens
1537 2509 1614 2570 eoe·'

395 2612 445 2692 pit
459 2613 619 2678 boemice
633 2614 805 2678 clamare:
821 2613 930 2694 “Quid
942 2630 1024 2678 oras
1036 2623 1184 2694 tantum,
1198 2599 1281 2694 quffi
1292 2630 1388 2690 oras,
1400 2629 1481 2678 cum
1494 2613 1612 2678 uideas

396 2730 431 2783 te
445 2720 497 2783 ire
512 2720 557 2784 ad
571 2720 779 2797 infernumi„
796 2719 884 2785 Cum
899 2731 1017 2785 autem
1033 2719 1045 2753 ⁴
1060 2731 1224 2803 pergeret
1236 2721 1406 2801 Magister
1417 2719 1610 2793 Comedus,

395 2843 462 2892 nec
477 2827 717 2908 responderet,
735 2828 873 2894 accedit
894 2829 951 2892 ille
971 2828 1015 2893 ad
1037 2831 1161 2905 altare,
1181 2829 1319 2893 eleuato
1338 2843 1458 2909 pugno
1477 2827 1614 2892 uolebat

396 2951 479 2999 eum
497 2943 629 3014 petere,
655 2935 791 3000 dicens:
820 2935 916 3000 “Non
937 2935 1022 3000 mihi
1048 2935 1273 3016 respondesi,
1296 2935 1453 3016 Cumque
1475 2934 1614 3016 quidam

396 3032 567 3122 nostrum,
583 3044 645 3124 qui
659 3044 789 3107 missae
803 3044 1037 3121 ministrabat,
1054 3042 1195 3124 Gaspar
1209 3041 1365 3122 Grigher
1380 3040 1402 3122 ⁸,
1419 3058 1501 3107 eum
1520 3042 1614 3106 redu·

396 3167 477 3214 cere
493 3159 694 3229 conaretur,
711 3151 824 3233 inquit
838 3151 914 3214 ille:
941 3151 1014 3214 “uis
1032 3168 1111 3215 eum
1130 3149 1351 3228 defenderet,
1373 3129 1614 3230 nitebaturque

396 3258 558 3323 eumdem
571 3257 769 3340 Gasparem
783 3256 796 3290 ⁸
810 3269 1006 3340 percutere.
1028 3257 1164 3324 Verum
1183 3267 1271 3324 nutu
1289 3257 1408 3322 diuino
1428 3257 1519 3322 alius
1539 3271 1614 3320 eum

397 3365 547 3429 retraxit
562 3365 710 3430 inuitum
726 3375 826 3430 extra
845 3367 1026 3446 templum.
1051 3365 1162 3446 Haec,
1185 3365 1292 3430 Pater
1312 3366 1371 3445 mi,
1394 3363 1494 3444 fiunt,
1518 3379 1613 3445 prae·
1694 3409 1695 3428 r

398 3482 497 3537 sente
512 3483 629 3536 tamen
651 3471 760 3552 Rege,
784 3474 818 3536 in
841 3473 996 3537 ciuitate.
1021 3472 1131 3552 Haec,
1155 3473 1309 3553 inquam,
1333 3481 1414 3536 sunt
1431 3469 1613 3552 principia.

398 3578 504 3643 Faxit
519 3577 616 3644 Deus
631 3596 693 3660 per
708 3597 809 3644 suam
825 3579 1104 3644 misericordiam
1124 3589 1173 3658 ut,
1197 3581 1327 3660 spretis
1348 3577 1556 3644 huiusmodi
1568 3575 1614 3640 in·

436 3929 444 3962 t
474 3927 657 3975 Monaterlum
667 3931 806 3988 cybinense
818 3941 896 3985 prope
907 3929 1027 3984 oppidum
1037 3929 1126 3974 thtau
1135 3930 1214 3974 eitum
1224 3936 1290 3974 erat.

435 4001 446 4034 ¹
474 3999 562 4046 Verba
571 4002 635 4046 haec
647 4001 743 4046 Rector
753 4003 779 4047 et
789 4001 944 4056 collelqium]
956 4002 1035 4046 tertia
1045 4001 1172 4056 quaedam
1182 4012 1273 4047 manus
1282 3999 1469 4058 superaddidit.

436 4071 448 4106 ¹
478 4073 503 4118 Ρ.
513 4072 647 4117 Cornelius
657 4072 852 4128 Broghelmans.

438 4149 449 4180 ⁴
477 4145 551 4191 Prius
567 4147 692 4200 scriptum
707 4151 764 4189 erat
781 4145 844 4188 Cum
860 4145 976 4198 aue[em],
993 4145 1038 4189 sed
1054 4144 1217 4189 emendatum
1232 4152 1272 4190 est
1292 4147 1325 4190 ab
1343 4145 1407 4200 ipso,
1422 4151 1450 4190 ut
1465 4145 1577 4200 videtur,
1591 4143 1615 4186 li·

397 4220 496 4264 brarlo.

438 4291 449 4324 ⁵
475 4291 526 4344 διες
537 4291 604 4335 hunc
615 4288 858 4345 tamenGasparum
869 4289 1102 4346 Kengerappellet
1113 4289 1232 4335 Borauln
1246 4285 1498 4334 viterclanum
1508 4286 1618 4333 canisio.
1693 4325 1694 4344 ,

398 4364 442 4408 llb.
453 4375 480 4414 u,
490 4363 505 4420 8
515 4373 589 4416 κιιιις
600 4370 626 4407 et
637 4363 741 4408 videtur
751 4363 795 4407 llle
804 4374 869 4414 esse,
883 4364 925 4418 qul
935 4375 951 4407 e
963 4361 1084 4414 Scauros.
1096 4363 1112 4406 l.
1123 4373 1154 4416 c.,
1166 4374 1190 4406 n.
1200 4361 1234 4414 D,
1246 4361 1341 4406 dicitnr
1352 4361 1493 4416 Gaspam
1508 4359 1620 4411 Koager,

399 4435 538 4480 Carniolus
548 4434 841 4480 Laterensis-Eritne
851 4436 955 4479 tandem
965 4437 1007 4478 hic
1018 4436 1060 4479 llle
1073 4435 1211 4490 Gasparus
1222 4433 1339 4488 mrem
1350 4433 1525 4485 uberem,
1533 4431 1564 4476 de
1573 4439 1618 4484 quo

399 4508 611 4557 Baaursasaosa.
623 4509 680 4561 1.c.,
690 4519 750 4562 pap.
760 4507 808 4560 ⁴57,
819 4507 938 4560 annuali,
953 4513 979 4551 et
993 4517 1039 4552 nos
1048 4508 1073 4552 ln
1089 4507 1203 4552 Pocaacr
1218 4505 1352 4558 chronico.
1362 4514 1380 4552 t.
1395 4517 1432 4556 ιν,
1447 4515 1509 4560 με.
1523 4502 1569 4556 ml.
1580 4509 1620 4544 ιπ-

398 4588 451 4625 not.
460 4580 482 4632 3,
494 4591 525 4624 ex
536 4580 590 4635 ipso
608 4579 804 4634 Braunaberper
820 4579 1009 4622 exscribentea?
1018 4580 1125 4634 -Atqne
1139 4580 1180 4623 bic
1195 4580 1266 4623 loeus
1280 4587 1320 4623 est
1332 4576 1485 4624 emendandi
1500 4581 1618 4620 errorem.

399 4650 478 4706 quiin
491 4651 585 4694 Carras
595 4651 628 4694 de
639 4649 694 4693 San
705 4649 823 4704 lgnacio,
832 4659 854 4693 t.
867 4661 902 4703 vr,
914 4661 973 4704 pap.
985 4650 1030 4702 ιω,
1041 4657 1129 4695 annot.
1138 4651 1159 4702 9.
1170 4651 1284 4706 lrrepalt:
1295 4660 1344 4696 non
1359 4649 1427 4694 enlm
1440 4648 1508 4692 ellus
1521 4653 1560 4690 eat
1573 4641 1616 4686 Ga·

399 4734 466 4779 sper
475 4723 593 4777 Konger,
601 4723 668 4767 ellus
680 4719 821 4766 Cornutus
830 4721 1005 4773 Labacensia
1014 4723 1059 4767 sed
1069 4733 1134 4767 unna
1144 4721 1273 4777 idemque.

439 4791 451 4820 ⁴
479 4795 628 4852 Gasparem
639 4794 834 4849 superadditum
845 4796 913 4840 intre
923 4796 1006 4840 lineus
1016 4797 1063 4840 eat.
