3410 5528
348 505 402 566 326
730 503 902 564 errnnau
920 487 1192 574 ouanntuasrans

349 652 510 733 lapideae
524 651 656 733 passim
670 651 821 716 humiles
835 667 971 730 cruces,
987 651 1114 732 quibus
1128 651 1316 715 coniuncta
1331 661 1434 716 erant
1447 649 1576 717 iisdem

349 759 524 841 lapidibus
538 776 651 837 enseS,
669 760 798 838 asciae,
815 775 970 838 secureS,
986 759 1171 839 pugiones,
1188 758 1376 840 insculpta,
1392 759 1576 840 conspice·
1613 790 1617 803 ·

350 865 585 931 remussTum
601 867 773 947 quosdam
788 866 912 930 obuios
926 865 1113 930 habuimus
1127 866 1251 930 iisdem
1271 867 1309 930 in
1327 867 1415 930 locis
1429 865 1574 940 abditis,

351 976 498 1062 quitum
513 992 559 1038 ex
573 974 647 1037 suis
662 974 780 1038 uerbis
795 973 1003 1056 intuituque,
1021 983 1094 1038 tum
1114 973 1221 1038 etiam
1243 973 1338 1054 quod
1359 991 1422 1055 per
1437 973 1575 1038 inuium

350 1091 384 1146 et
400 1081 585 1145 confusum
599 1081 667 1145 iter
681 1092 911 1162 uagarentur,
927 1082 1031 1146 facile
1044 1082 1147 1144 nobis
1170 1081 1409 1146 innotuerunt.
1430 1079 1578 1144 Accidit

350 1190 442 1252 enim
459 1188 612 1269 quodam
627 1189 683 1252 die
694 1189 791 1254 eirca
802 1205 1002 1270 uesperum,
1015 1187 1204 1270 quemdam
1215 1189 1317 1253 nobis
1329 1188 1473 1253 obuium
1485 1186 1576 1264 lieri,

351 1307 497 1376 aspectu
523 1296 675 1359 mirabili
700 1307 734 1360 et
760 1296 904 1361 horrido
929 1296 1087 1376 gladium
1112 1295 1435 1374 circumferentem,
1457 1295 1577 1360 media

351 1403 463 1466 solum
478 1403 609 1482 uagina
625 1403 820 1482 conditum,
842 1422 863 1467 a
883 1404 1078 1467 latronibus
1101 1421 1139 1467 se
1158 1403 1347 1484 spoliatum
1368 1403 1576 1482 lingentem,

351 1511 410 1590 qui
426 1511 469 1572 ab
485 1527 526 1572 eo
542 1510 633 1588 loco,
651 1510 685 1573 in
701 1526 770 1589 quo
786 1527 851 1573 nos
866 1510 1016 1590 primum
1028 1510 1229 1592 alloquutus
1238 1509 1366 1590 iuerat,
1381 1511 1579 1574 insectatus

351 1627 529 1698 estusque
544 1617 579 1680 in
595 1617 784 1697 hospitium
800 1616 988 1698 quoddam,
1005 1620 1042 1680 in
1057 1616 1150 1698 quod
1170 1634 1236 1682 nos
1255 1617 1386 1682 inuitos
1406 1616 1577 1698 quodam·

351 1725 456 1789 modo
472 1724 620 1800 induxit,
638 1735 697 1788 aut
712 1725 830 1805 potius
849 1724 924 1805 ipse
943 1741 1009 1787 nos
1029 1725 1153 1790 eodem
1171 1723 1302 1790 inuitos
1324 1725 1577 1790 comitabatur:

351 1831 480 1895 inuitos
495 1832 585 1910 dico;
602 1849 684 1894 nam
700 1849 779 1894 cum
795 1831 958 1910 aurigam
976 1848 1172 1910 monerem,
1194 1840 1232 1895 ut
1247 1848 1312 1894 nos
1330 1831 1400 1896 alio
1415 1830 1577 1910 duceret,

351 1948 493 2002 nostros
508 1955 646 2020 quoque
661 1937 789 2001 fratres
805 1939 1019 2018 (germanos)
1038 1935 1045 1968 ¹
1062 1938 1321 2020 quodammodo
1337 1938 1464 2003 adhoc
1480 1957 1579 2004 com·

350 2047 527 2127 pollerem,
545 2046 757 2108 unanimiter
772 2045 957 2110 uidebatur
971 2017 1058 2127 ipsis
1073 2046 1179 2125 hunc,
1191 2063 1414 2128 quocumque
1424 2047 1578 2112 diuerte·

352 2170 481 2230 remuS,
498 2169 563 2216 nos
578 2153 832 2230 insecutorum
849 2152 996 2233 proinde
1012 2153 1128 2233 potius
1140 2164 1243 2217 caute
1255 2153 1432 2234 agendum
1446 2169 1528 2218 esse
1541 2155 1579 2218 in

351 2261 503 2340 hospitio
526 2261 584 2322 illo
607 2260 891 2338 compatientia.
913 2259 1108 2324 Mansimus
1132 2260 1241 2340 igitur
1265 2260 1369 2326 simul
1392 2259 1520 2326 eodem
1541 2263 1579 2326 in

350 2367 514 2448 hospitio,
531 2368 605 2446 ipse
620 2375 737 2430 autern
754 2367 916 2430 omnibus
935 2384 973 2430 se
991 2367 1123 2432 nostris
1142 2367 1259 2446 rebus,
1280 2367 1476 2448 colloquiis,
1498 2377 1579 2434 tum

349 2475 511 2556 priuatiS,
527 2484 601 2538 turn
622 2473 783 2554 publicis,
805 2474 998 2553 ingerebat,
1020 2475 1220 2554 tacitusque
1239 2474 1357 2540 omnia
1375 2484 1502 2540 nostra
1517 2476 1579 2540 ob·

349 2581 526 2645 seruabat.
541 2579 635 2644 Ante
646 2597 806 2658 coenam,
820 2580 911 2644 inter
923 2579 1154 2659 coenandum,
1168 2591 1248 2660 post
1259 2597 1399 2662 quoque
1410 2597 1577 2658 coenam,

349 2697 553 2752 constanter
568 2687 831 2768 perseuerabat:
844 2686 1017 2767 hospitem
1029 2697 1147 2752 tamen
1158 2697 1240 2750 ante
1251 2703 1401 2752 coenam
1410 2703 1578 2768 praemo-

349 2813 551 2873 nueramus,
568 2804 710 2870 curaret
724 2810 790 2858 nos
805 2794 1007 2874 diligenter;
1029 2804 1179 2862 vocatos
1199 2811 1265 2858 nos
1285 2794 1331 2860 ad
1349 2793 1485 2874 Regem
1506 2794 1579 2862 Ro·

265 2907 268 2912 ’
348 2919 533 2966 manorum
553 2901 799 2982 'aperiebam
816 2918 925 2984 quare
944 2902 1077 2968 nullum
1098 2901 1297 2982 improbum
1315 2901 1500 2969 nobiscum
1514 2903 1579 2970 ad·

349 3010 501 3073 mitteret
517 3010 750 3088 rogabamus,
770 3009 863 3073 male
884 3025 1022 3090 quoque
1042 3017 1244 3089 suspectum
1265 3007 1367 3074 nobis
1381 3007 1475 3074 hunc
1495 3027 1579 3090 ape·

349 3116 538 3182 riebamus.
556 3116 691 3180 Verum
706 3133 787 3180 cum
803 3115 858 3180 his
874 3116 910 3180 in
924 3115 1127 3196 regionibus
1149 3115 1304 3181 maxima
1325 3117 1515 3197 unicuique
1530 3117 1580 3185 sit

349 3240 517 3288 concessa
530 3223 684 3302 libertas,
702 3232 762 3286 aut
773 3227 890 3303 potius
903 3222 1088 3303 permissa,
1102 3239 1231 3302 cogere
1246 3239 1460 3304 quemquam
1473 3223 1579 3292 exire

348 3331 549 3411 hospitium,
563 3330 705 3410 hospiti,
719 3331 851 3410 absque
862 3345 1032 3410 expressa
1040 3338 1074 3393 et
1083 3327 1267 3396 sufficienti
1276 3347 1396 3410 causa,
1405 3347 1477 3395 non
1488 3331 1581 3402 saci·

349 3439 380 3502 le
392 3438 484 3516 licet;
494 3439 558 3500 sub
570 3446 733 3518 pretextu
745 3438 838 3500 enim
849 3437 944 3514 boni,
957 3445 991 3500 et
1003 3437 1087 3502 mali
1097 3452 1237 3517 quoque
1249 3437 1492 3504 admittuntur.
1508 3437 1582 3506 lta·

348 3563 417 3626 que
432 3545 602 3626 patientia
618 3561 707 3624 opus
721 3553 798 3608 erat
817 3553 851 3606 et
866 3543 1070 3622 vigilantia;
1086 3543 1117 3608 is
1137 3543 1281 3608 enimin
1296 3543 1448 3610 mediam
1463 3561 1581 3628 usque

349 3661 489 3716 noctem
512 3652 563 3728 (ni
586 3650 708 3728 iallor)
728 3653 824 3713 solus
845 3659 1013 3713 coenatus
1032 3650 1286 3730 perseuerauit,
1311 3650 1425 3715 donec
1448 3669 1579 3718 somno

348 3776 493 3840 pressus
508 3758 778 3840 compelleretur
793 3757 947 3821 dormire
961 3757 998 3820 in
1013 3774 1177 3828 scamno:
1201 3767 1305 3822 antea
1326 3767 1445 3823 tamen
1460 3777 1578 3824 coena

348 3866 454 3946 facta,
472 3882 605 3944 omneS,
622 3873 763 3945 praeter
779 3863 1089 3930 Bartholomaeum
1104 3861 1127 3942 ³,
1148 3882 1253 3946 quem
1272 3865 1358 3929 mihi
1374 3866 1579 3934 asciueram

348 3975 500 4052 socium,
517 3973 683 4036 miseram
702 3970 832 4034 fratros
853 3971 1027 4050 cubitum,
1050 3971 1281 4052 uigilantibus
1301 3973 1403 4036 nobis
1422 3973 1577 4051 duobus,

354 4177 594 4232 rauringematdt,
604 4189 619 4221 a
631 4177 751 4222 Bohemls
761 4176 975 4220 Behemrrwaldt
985 4178 1142 4232 appellatur,
1152 4188 1169 4222 a
1179 4176 1263 4222 Gallis
1276 4185 1364 4224 nutem
1374 4177 1467 4223 Fomt
1481 4177 1520 4222 de
1528 4179 1583 4224 Bo-

349 4252 433 4296 lteme.
445 4251 523 4296 Dicta
538 4250 586 4295 luit
601 4253 681 4294 etiam
692 4250 840 4306 Orcyniam,
851 4255 878 4294 et
892 4249 1050 4305 Hercynium
1065 4260 1162 4302 nemus,
1176 4257 1203 4293 et
1215 4251 1249 4295 ab
1264 4261 1296 4294 ea
1310 4258 1409 4295 montes
1424 4250 1582 4306 adiacentes

348 4325 411 4368 dicti
423 4324 494 4367 luere
505 4322 627 4378 Hercynii
640 4329 747 4376 montes,
758 4322 800 4377 qul
811 4329 837 4366 et
848 4321 954 4374 sediti,
966 4321 1108 4366 Baunnarn
1118 4321 1144 4366 ln
1154 4321 1326 4378 additionibqs
1336 4323 1369 4366 ud
1384 4321 1499 4367 dextrou
1516 4321 1584 4368 Geo-

349 4395 509 4452 grapht'cum
520 4395 646 4438 Furem.

390 4467 398 4502 ¹
427 4465 478 4521 Sic,
489 4474 514 4510 et
525 4465 685 4520 intelligendi
698 4467 818 4512 videntur
829 4467 853 4518 ll,
867 4467 917 4522 qul.
929 4478 942 4509 e
953 4465 1095 4511 Germania
1105 4466 1215 4520 oriundi,
1225 4469 1403 4521 germanicum
1413 4467 1526 4522 uarum
1542 4475 1581 4516 te-

350 4541 453 4592 nebunt,
464 4550 495 4582 ac
505 4538 612 4593 proinde
623 4539 725 4583 lucillus
735 4538 875 4593 mellatque
886 4543 1074 4592 poterunt,cum
1085 4538 1178 4592 auriga
1189 4546 1215 4584 et
1226 4540 1286 4584 allio
1296 4550 1385 4594 agere.

389 4612 401 4646 ⁸
428 4609 471 4654 Sic
481 4611 616 4665 perspicue
627 4611 652 4654 in
662 4610 806 4666 archetypo
816 4616 913 4654 nostro.
924 4609 1096 4655 Romanorum
1107 4609 1163 4654 Rex
1178 4619 1237 4655 erat
1247 4610 1425 4658 Ferdtnmrur
1435 4609 1454 4655 t.

390 4682 401 4712 ¹⁴
427 4681 653 4737 Bartholomaeus,
663 4679 807 4726 Helvetios.
818 4679 884 4727 Vide
896 4678 990 4724 Carras
1000 4681 1033 4724 de
1043 4680 1099 4724 San
1115 4681 1233 4736 Ignacr'o,
1243 4689 1261 4726 t.
1273 4695 1308 4735 vr,
1318 4694 1378 4738 pag.
1390 4683 1428 4727 lat
1441 4685 1488 4728 sub
1499 4682 1579 4730 linem

350 4755 523 4800 annotationis
533 4753 554 4798 ⁹.
