3436 5526
644 558 708 621 An.
730 557 800 622 1556
1280 553 1335 619 609

104 701 188 770 ritia
202 711 400 786 contracta,
417 703 561 769 abluere
580 706 739 786 generali
758 706 980 770 confessione
1000 703 1175 769 studeant.
1198 705 1334 770 Harum

103 812 296 876 nonnullae
321 812 565 893 spiritualibus
589 813 770 877 exercitiis
794 829 931 876 summa
957 811 1162 876 incumbunt
1189 813 1335 892 diligen·

104 917 172 982 tia:
200 919 293 982 aliae
317 919 425 983 etiam
449 917 579 983 viduae
604 936 682 982 sese
707 918 783 982 Deo
809 919 966 1000 penitus,
995 918 1176 998 religionis
1210 918 1335 982 habitu

105 1034 261 1107 sumpto,
287 1026 520 1102 devoverunt,
546 1043 638 1107 quae
663 1026 825 1090 omnibus
847 1025 951 1092 modo
977 1027 1169 1106 singularis
1193 1027 1335 1090 virtutis

106 1141 189 1196 sunt
205 1133 379 1214 exemplo.
393 1131 485 1214 Quid
500 1133 543 1197 de
557 1133 753 1214 puellarum
771 1133 948 1214 virginum
958 1133 1167 1215 frequentia,
1181 1133 1335 1215 puritate

107 1239 350 1322 virtutumque
370 1240 557 1321 splendore
577 1239 714 1304 dicam?
734 1240 892 1321 profecto
912 1242 1034 1332 oculos
1054 1241 1211 1304 omnium
1230 1251 1336 1322 atque

107 1349 252 1413 animos
272 1347 309 1411 in
330 1365 416 1412 suae
432 1347 574 1411 virtutis
589 1347 858 1412 admirationem
875 1346 1123 1429 [convertunt].
1140 1347 1229 1412 Cum
1244 1348 1337 1411 enim

107 1459 248 1520 soleant
262 1455 353 1518 aliae
368 1455 404 1518 in
419 1455 477 1518 illa
492 1455 608 1518 aetate
622 1455 757 1519 lubrica
772 1437 907 1520 deliciis
922 1473 1065 1534 vacare,
1083 1475 1101 1517 e
1116 1466 1241 1520 contra
1256 1457 1336 1519 nul·

107 1565 161 1628 las
175 1561 321 1628 omnino
336 1561 514 1626 dulciores
528 1561 674 1626 delicias
692 1563 896 1627 existimant
916 1581 1022 1645 quam
1044 1564 1150 1627 rebus
1170 1563 1283 1628 sacris
1303 1563 1339 1626 in

108 1673 242 1752 templo
256 1670 428 1734 interesse
444 1679 478 1733 et
493 1669 537 1732 ab
553 1670 650 1733 omni
664 1680 893 1750 peccatorum
908 1672 1122 1753 turpitudine
1144 1689 1250 1752 quam
1267 1673 1337 1734 lon·

108 1777 257 1858 gissime
271 1777 407 1856 fugere.
424 1775 542 1856 Quare
557 1794 679 1840 earum
695 1779 920 1842 conversatio
932 1797 1003 1843 non
1014 1779 1170 1842 humana
1182 1779 1244 1842 sed
1255 1795 1340 1843 vere

110 1885 277 1966 angelica
293 1883 444 1947 videtur.

170 1991 222 2056 At
237 1991 272 2056 hi
288 1991 459 2071 homineS,
476 2008 565 2073 quos
583 1992 875 2073 memoravimuS,
893 2011 964 2057 non
981 1991 1086 2058 modo
1102 1993 1240 2058 animae
1256 2010 1341 2057 suae

112 2099 219 2162 saluti
233 2099 387 2179 student,
403 2097 466 2162 sed
480 2097 559 2180 pias
574 2108 607 2162 et
620 2100 744 2163 crebro
759 2100 795 2164 in
807 2099 922 2164 Deum
933 2118 1057 2181 preces
1072 2117 1136 2181 pro
1152 2099 1267 2182 impiis
1282 2101 1342 2164 ho·

112 2205 267 2270 minibus
282 2203 463 2269 effundunt
479 2223 610 2287 eosque
625 2206 823 2286 hortantur,
839 2216 994 2288 monent,
1011 2225 1054 2271 ac
1069 2208 1276 2272 detestando
1294 2206 1342 2270 vi·

113 2313 247 2376 tiorum
267 2312 533 2392 obscenitatem,
554 2313 727 2376 virtutum
744 2313 1041 2393 pulchritudinem
1063 2313 1275 2394 extollendo,
1298 2313 1343 2377 ad

112 2430 251 2484 rectam
272 2418 405 2483 Christi
426 2419 523 2483 viam
541 2419 718 2484 adducere
739 2432 922 2496 conantur;
941 2421 1044 2502 idque
1060 2430 1159 2484 tanta
1179 2421 1344 2486 sollieitu-

114 2528 198 2592 dine
224 2537 363 2604 curant,
387 2537 425 2590 ut
445 2527 579 2592 nullum
604 2545 642 2590 se
667 2545 770 2608 posse
792 2528 1036 2608 pretiosiorem
1062 2528 1266 2592 thesaurum
1291 2545 1344 2590 as·

115 2633 219 2715 sequi
234 2632 382 2698 credant
398 2651 503 2715 quam
518 2635 549 2698 si
564 2635 717 2716 aliquem
732 2635 873 2700 Christo
889 2635 1125 2698 lucrifaciant.

175 2739 253 2806 Nec
272 2741 357 2805 illud
371 2741 510 2806 silentio
529 2741 723 2822 praeterire
743 2759 897 2823 possum,
920 2743 1020 2805 cuius
1041 2742 1346 2824 frequentissimus

118 2849 176 2914 hic
193 2849 347 2930 itemque
363 2849 614 2913 celeberrimus
629 2858 682 2912 est
696 2867 827 2928 rumor,
842 2852 1042 2929 complures
1056 2850 1224 2912 honestos
1239 2849 1347 2913 homi·

118 2975 182 3020 nes
197 2968 233 3020 et
248 2957 347 3020 iuxta
367 2955 580 3038 splendidos,
603 2957 730 3038 ubique
752 2955 940 3020 Societatis
961 2957 1157 3036 spiritualia
1177 2957 1348 3020 exercitia

120 3064 269 3128 summis
288 3064 458 3127 encomiis
477 3063 737 3143 commendare,
761 3064 968 3145 praedicare
991 3073 1096 3145 atque
1121 3063 1227 3128 etiam
1248 3082 1269 3127 a
1292 3062 1347 3126 de·

119 3181 318 3234 tractorum
343 3179 378 3259 et
397 3171 599 3234 invidorum
618 3171 748 3252 linguis
771 3171 969 3235 defendere.
996 3171 1097 3250 Quod
1116 3174 1147 3235 si
1171 3171 1349 3235 tractandi

120 3279 273 3342 alicuius
293 3257 565 3360 negocii'causa
586 3278 703 3360 aliquo
722 3279 898 3360 proficisci
920 3289 1020 3343 extra
1042 3278 1242 3359 Syracusas
1268 3295 1350 3342 con·

120 3387 251 3466 tingat,
267 3386 363 3450 nullo
374 3397 480 3467 pacto
493 3385 667 3450 desistunt
677 3385 866 3450 Societatis
880 3387 1003 3450 laudes
1014 3403 1082 3449 una
1095 3401 1196 3464 voce,
1214 3386 1351 3449 eadem·

122 3512 191 3575 que
212 3493 424 3586 clarissima,
441 3494 487 3558 ad
502 3494 620 3558 coelos
635 3493 770 3557 efferre.
788 3493 865 3558 Hoc
881 3504 1011 3573 autem,
1032 3507 1070 3556 ut
1086 3493 1155 3556 alia
1177 3493 1351 3571 omittam,

122 3605 180 3665 vel
196 3618 242 3664 ex
258 3619 300 3664 eo
316 3601 437 3680 colligi
451 3611 567 3681 potest
588 3602 682 3683 quod
701 3619 781 3665 curn
802 3601 860 3664 hic
880 3600 1063 3665 comoedia
1085 3599 1271 3681 quaedam,
1288 3617 1354 3682 pro

124 3709 323 3773 studiorum
350 3710 598 3788 renovatione,
622 3709 664 3772 de
690 3709 847 3773 moribus
867 3709 1089 3773 instituendis
1117 3717 1199 3772 acta
1219 3707 1354 3788 fuisset,

127 3817 318 3898 optimates
333 3816 464 3899 oppidi,
481 3817 575 3899 quod
589 3818 672 3880 hinc
692 3817 733 3880 24
752 3818 958 3881 milliaribus
979 3817 1098 3896 distat,
1115 3835 1136 3880 a
1151 3815 1228 3880 R.<¹⁰
1251 3816 1356 3880 Patre

21 3997 22 4004 ἵ
127 3923 281 3988 Rectore
296 3925 524 3988 vehementer
541 3926 798 3990 contenderunt
815 3937 851 3988 ut
871 3923 1045 4005 discipuli,
1062 3923 1121 4004 qui
1137 3922 1358 3986 comoediam

21 4029 22 4034 ’
128 4033 296 4112 egissent,
314 4049 356 4095 eo
371 4032 605 4113 mitterentur,
621 4049 691 4114 quo
707 4031 777 4095 illic
792 4032 952 4096 eamdem
967 4031 1094 4094 iterum
1108 4040 1267 4110 agerent3
1284 4031 1360 4093 fue-

128 4155 184 4204 rat
200 4139 296 4203 enim
310 4139 379 4202 illis
394 4157 415 4202 a
431 4140 660 4219 syracusanis
680 4139 871 4204 admodum
885 4139 1092 4221 praedicata
1108 4156 1150 4201 ac
1168 4137 1359 4217 celebrata;

129 4265 256 4312 verum
275 4249 359 4328 quia
378 4247 415 4311 id
434 4246 509 4311 fieri
522 4265 650 4328 parum
668 4247 836 4311 decorum
859 4246 1055 4326 videbatur,
1075 4244 1181 4309 Pater
1200 4245 1358 4325 negavit.

129 4355 167 4418 ln
198 4354 323 4419 eadem
354 4355 442 4418 urbe
470 4353 514 4417 de
549 4353 707 4434 Collegio
739 4353 927 4418 Societatis
955 4353 1139 4416 condendo
1168 4353 1361 4434 agebatur;

130 4461 363 4544 quamobrem
375 4479 456 4526 cum
467 4461 597 4526 lllmus.
612 4459 755 4538 SueruS,
769 4460 949 4540 Pro-regis
959 4459 1062 4540 filius,
1075 4459 1264 4541 Syracusis
1276 4459 1362 4524 Dre-

132 4587 265 4651 panum
298 4587 425 4634 versus
458 4569 525 4633 iter
551 4569 702 4646 faceret,
732 4570 813 4632 illac
841 4569 993 4632 transire
1027 4568 1147 4632 statuit
1176 4585 1364 4649 secumque

132 4677 174 4743 R.
197 4677 340 4742 Patrem
361 4677 550 4743 Rectorem
565 4677 676 4758 duxit,
698 4695 767 4758 quo
783 4677 1003 4742 commodius
1018 4694 1076 4741 res
1091 4677 1151 4757 agi
1164 4687 1296 4760 posset.
1314 4675 1365 4741 Eo

135 4804 217 4852 cum
231 4787 338 4852 Pater
352 4787 559 4870 appulisset,
576 4787 727 4868 benigne
746 4799 919 4870 exceptus
934 4798 969 4851 et
984 4787 1176 4852 honorilice
1192 4787 1236 4850 ab
1259 4787 1366 4852 omni·

281 4901 382 4964 'l'·1v.
1186 4916 1221 4976 39
