3368 5528
357 540 412 600 506
743 533 913 600 errsuan
932 551 1202 610 quanamssrnas

357 689 438 752 nale
454 689 475 767 ¹,
499 687 574 752 eius
593 687 828 767 confessario,
844 689 904 769 qui
924 686 1154 753 moribundae
1174 696 1279 768 atque
1295 686 1448 750 animam
1465 682 1575 764 agenti

358 795 589 876 superastitit,
606 811 798 875 numquam
814 796 908 860 illam
924 796 957 875 (o
971 796 1078 860 foelix
1100 795 1231 873 anima)
1253 795 1289 858 in
1308 793 1491 858 mortalem
1513 792 1575 856 cul·

357 921 440 985 pam
454 889 631 967 incidisse.
648 902 746 982 Quae
762 904 867 967 luerit
881 903 984 968 huius
998 903 1173 968 foeminae
1184 918 1280 965 mors
1291 901 1395 966 facile
1406 909 1459 964 est
1470 900 1575 965 conie-

358 1019 467 1089 ctare,
484 1027 590 1091 quam
606 1010 687 1072 talis
700 1010 775 1073 uita
791 1011 996 1091 praecessit.

416 1115 655 1181 Concionatur
669 1117 707 1180 in
722 1118 852 1197 templo
866 1126 988 1180 nostro
1003 1117 1040 1181 P.
1064 1117 1224 1197 Angelus
1244 1115 1255 1148 ¹
1276 1117 1365 1196 (laus
1387 1115 1474 1193 Deo)
1495 1114 1574 1178 satis

356 1224 539 1303 foeliciter,
556 1241 705 1306 eumque
720 1226 869 1305 populus
884 1225 1095 1305 perlibenter
1111 1224 1221 1302 audit,
1238 1233 1312 1288 tum
1327 1231 1471 1304 propter
1481 1220 1574 1302 spiri·

358 1343 433 1394 tum
446 1331 525 1408 Dei,
547 1331 605 1412 qui
626 1331 660 1394 in
681 1332 757 1412 ipso
778 1333 902 1410 elucet,
919 1341 992 1395 tum
1008 1332 1113 1394 etiam
1133 1331 1226 1411 quod
1246 1331 1378 1395 siculus
1393 1331 1574 1394 siculorum

358 1438 495 1502 animos
523 1437 660 1502 facilius
688 1455 794 1519 quam
823 1439 913 1502 alius
941 1440 1115 1519 quispiam
1142 1439 1320 1502 conciliat.
1347 1436 1453 1501 Fiunt
1477 1435 1575 1500 etiam

358 1545 548 1609 conciones
562 1563 584 1608 a
598 1545 808 1626 quibusdam
823 1545 901 1609 allis
920 1545 1079 1625 patribus
1098 1545 1134 1608 in
1155 1545 1305 1609 diuersis
1326 1544 1484 1624 collegiis
1504 1542 1572 1606 reli·

357 1653 539 1733 glosarum
558 1652 806 1732 foeminarum,
828 1662 862 1716 et
887 1652 1074 1734 (quantum
1095 1652 1268 1732 intelligo)
1296 1669 1468 1732 nusquam
1497 1665 1576 1714 sane

357 1760 585 1840 infrugiferae
600 1777 666 1824 nec
682 1760 833 1823 ociosae.
849 1757 928 1823 Non
944 1759 1047 1839 pauci
1061 1760 1165 1836 enim,
1183 1758 1290 1822 uerbo
1305 1759 1372 1824 Dei
1386 1758 1534 1839 permoti
1546 1765 1576 1818 et

358 1867 504 1946 incensi,
526 1868 680 1948 priorem
699 1868 810 1931 uitam
829 1867 1070 1944 immutarunt,
1093 1883 1138 1930 ex
1158 1865 1284 1946 quibus
1303 1867 1411 1947 aliqui
1423 1863 1574 1944 ‘Religio-

358 1991 438 2039 nem
455 1983 536 2038 sunt
551 1974 713 2053 ingressi.
731 1973 940 2038 Doctrinam
954 1974 1099 2038 xianam
1114 1984 1257 2037 enarrat
1271 1973 1312 2038 Ρ.·
1333 1973 1460 2036 Petrus
1479 1971 1490 2002 ²
1512 1972 1574 2035 dle·

357 2081 422 2145 bus
437 2082 589 2146 ueneris:
606 2081 665 2145 alii
681 2081 786 2145 etiam
801 2081 930 2145 fratres
952 2082 1064 2146 nostri
1083 2081 1214 2145 habent
1235 2097 1319 2145 suas
1340 2080 1376 2144 in
1397 2080 1482 2144 urbe
1503 2095 1574 2159 par·

358 2188 500 2252 rochias
521 2188 732 2266 destinatas,
758 2187 818 2252 ubi
842 2189 990 2268 singulis
1010 2189 1134 2253 diebus
1154 2188 1339 2252 dominicis
1358 2187 1501 2251 xlanam
1521 2185 1571 2248 do·

358 2296 510 2360 ctrinam
535 2306 616 2359 sunt
640 2295 884 2376 interpretati,
914 2305 975 2358 aut
1000 2296 1251 2361 conciunculas
1276 2312 1348 2358 non
1373 2295 1512 2358 inutiles
1536 2288 1576 2354 ad

358 2404 525 2484 puerulos
540 2410 574 2466 et
589 2402 726 2483 plebem
741 2401 950 2466 habuerunt.
972 2403 1154 2467 Hactenus
1169 2403 1212 2467 de
1229 2401 1474 2480 concionibus,
1491 2415 1577 2464 nunc

360 2510 404 2574 de
419 2510 562 2574 scholis.

419 2615 721 2682 Scholasticorum
741 2633 909 2681 numerus
929 2618 1016 2682 satis
1041 2627 1094 2682 est
1120 2618 1297 2700 frequens;
1321 2618 1443 2698 plures
1466 2627 1578 2680 tamen

354 2726 484 2807 ,procul
500 2723 604 2789 dubio
620 2725 665 2788 ad
680 2741 746 2788 nos
762 2724 985 2803 uentitarent,
1003 2725 1033 2788 si
1048 2726 1191 2790 scholae
1205 2741 1276 2788 non
1291 2735 1411 2790 essent
1425 2726 1461 2788 in
1476 2739 1577 2804 angu-

358 2835 430 2898 lum
445 2832 634 2914 quemdam
650 2832 804 2896 ciuitatis
819 2841 990 2910 retrusae,
1007 2833 1133 2913 quibus
1148 2841 1289 2912 praeter
1300 2832 1380 2910 hoc,
1397 2831 1490 2914 quod
1502 2830 1579 2894 vrbs

359 2941 395 3004 in
420 2956 550 3020 magna
576 2940 667 3003 ualle
692 2947 862 3020 tanquam
882 2939 919 3002 in
938 2939 1093 3020 quadam
1114 2939 1249 3004 concha
1272 2947 1325 3004 est
1347 2940 1474 3020 posita,
1497 2937 1580 3002 aliae

359 3063 497 3129 quoque
512 3046 818 3110 incommoditates
833 3045 1025 3109 accedunt:
1050 3063 1093 3109 eo
1117 3064 1268 3128 namque
1287 3047 1323 3111 in
1338 3048 1418 3111 loco
1433 3055 1512 3110 suut
1525 3061 1577 3108 ex·

357 3161 524 3232 structae,
542 3133 599 3216 ubi
615 3162 689 3217 tota
705 3161 840 3216 aestate
855 3163 1105 3233 praeceptores
1120 3171 1201 3218 cum
1217 3154 1399 3234 discipulis
1411 3154 1534 3218 mirum
1546 3153 1579 3215 in

357 3261 500 3325 modum
519 3261 607 3324 solis
628 3261 806 3324 caloribus
829 3269 1004 3323 aestuant.
1026 3259 1126 3339 Quod
1148 3277 1228 3325 cum
1250 3261 1480 3325 intellexisset
1502 3259 1579 3323 Pro·

358 3386 423 3432 rex
437 3367 460 3446 ⁴,
477 3367 616 3432 senatui
637 3385 699 3447 per
719 3367 839 3430 literas
859 3366 1052 3445 mandauit,
1077 3377 1114 3430 ut
1133 3367 1163 3431 si
1187 3368 1270 3449 quid
1290 3369 1326 3431 in
1346 3370 1414 3432 hac
1437 3385 1475 3431 re
1498 3363 1581 3429 effici

359 3484 490 3557 posset,
508 3474 542 3537 id
558 3474 679 3537 sedulo
695 3483 871 3537 curarent.
888 3473 967 3538 Non
983 3491 1095 3552 mora;
1114 3475 1210 3539 uenit
1226 3473 1372 3539 Praetor
1387 3493 1469 3539 cum
1487 3488 1578 3538 sena·

359 3594 409 3658 tu,
425 3593 530 3661 atque
547 3581 690 3645 minima
705 3598 865 3661 quaeque
879 3580 1147 3660 diligentissime
1169 3583 1438 3662 perlustratum.
1461 3579 1581 3658 Singu-

361 3691 416 3753 lae
430 3690 563 3752 classes
579 3705 642 3751 sua
663 3688 932 3769 epigrammata,
955 3687 1013 3750 alli
1035 3705 1176 3768 graeca,
1202 3690 1262 3752 alii
1283 3689 1404 3754 latina:
1428 3689 1579 3754 rhetores

360 3814 462 3862 suam
477 3797 672 3861 orationem
689 3797 724 3858 in
740 3795 879 3859 laudem
894 3795 1125 3874 magistratus
1139 3795 1343 3860 recitarunt:
1359 3814 1450 3878 quae
1465 3793 1577 3861 omnia

360 3911 459 3968 tanta
474 3903 690 3966 audientium
707 3903 897 3982 uoluptate,
919 3911 952 3964 et
975 3901 1129 3965 studium
1148 3902 1249 3966 nobis
1269 3901 1455 3968 offerentes
1475 3901 1498 3984 ³,
1511 3902 1577 3966 iam

360 4012 432 4074 iam
457 4018 652 4074 statuerent
675 4009 816 4090 publico
840 4018 981 4090 sumptu
1004 4025 1171 4088 reparare
1192 4009 1424 4075 commodiori
1448 4011 1483 4075 iu
1507 4011 1577 4073 loco

361 4118 534 4198 quaedam
550 4116 721 4196 aedificia,
738 4116 797 4180 ubi
812 4116 988 4196 opacitate
1003 4124 1189 4197 tectorum,
1205 4117 1351 4198 umoris,
1367 4129 1402 4183 et
1417 4130 1574 4183 aurarum

365 4313 576 4323 ——n

404 4433 413 4465 ¹
443 4432 471 4475 P.
482 4431 609 4486 juvenale
621 4429 733 4475 Boterlo.

404 4503 415 4536 ¹
443 4504 472 4547 Ρ.
483 4503 599 4556 Angelus
609 4501 759 4547 Pulllclnus.
770 4503 833 4548 Vide
846 4503 990 4556 Acarnane,
1002 4503 1021 4546 l.
1035 4514 1048 4546 c
1060 4535 1066 4557 ,
1077 4513 1135 4557 cap.
1144 4514 1169 4557 v,
1180 4513 1204 4548 u.
1215 4501 1249 4546 at.

404 4575 415 4608 ⁸
442 4575 471 4618 Ρ.
482 4574 575 4618 Petrus
587 4573 726 4619 Venustus.
738 4573 802 4619 Vlde
813 4573 887 4626 ibid„
897 4585 954 4629 cap.
966 4585 1000 4619 vr.
1012 4585 1036 4618 u.
1046 4575 1067 4618 9.

403 4648 415 4682 ⁴
443 4645 554 4700 Josnues
564 4645 595 4688 de
607 4645 693 4699 vega.

403 4719 415 4750 ὅ
442 4718 485 4762 Sic
495 4717 629 4773 perspicue
644 4717 670 4761 ln
684 4728 740 4771 ms.;
749 4717 846 4761 rectius
859 4715 980 4761 fortassis
990 4717 1035 4760 sle:
1051 4727 1120 4772 quae
1135 4717 1226 4761 omnia
1240 4717 1318 4761 tanta
1329 4715 1498 4762 audientium
1511 4709 1577 4756 volu·

361 4793 437 4847 prate
446 4789 522 4850 [acta
531 4789 620 4849 sunt),
630 4790 659 4833 ul
669 4790 791 4835 studium
803 4789 878 4833 nobis
888 4789 1040 4846 offerentes.
