3504 5532
349 511 402 570 110
536 495 540 504 ’
733 509 906 570 errsnas
923 521 1195 578 oosnnntssrncs

408 655 675 737 Superscriptio
689 655 729 717 in
743 659 876 735 quarta
885 653 1044 735 pagina:
1056 652 1110 716 ἈΙ
1129 653 1239 717 molto
1259 651 1336 716 R.do
1357 651 1394 714 in
1418 649 1483 714 X.⁰
1498 647 1535 712 P.
1551 647 1578 710 il

346 763 385 828 P.
395 763 449 827 'ins
466 762 603 842 Ignatio
619 761 662 825 de
675 760 812 842 Loyola
825 759 1009 840 Preposito
1024 761 1191 839 generale
1205 758 1297 823 della
1309 757 1531 838 Compagnia
1541 755 1578 820 di

346 869 472 949 Giesir,
489 888 511 933 a
526 868 651 934 Roma.

408 976 494 1042 Alia
509 993 632 1039 manu:
649 975 737 1040 1556.
757 974 922 1054 Perugia.
943 974 1201 1055 Quadrimestri
1218 973 1313 1038 insin
1336 972 1395 1035 alli
1415 970 1435 1034 3
1454 970 1490 1034 di
1511 969 1579 1033 Fe·

346 1083 462 1148 braio.

419 1189 619 1270 Vestigium
639 1205 740 1252 cerae
759 1186 890 1268 sigilli.

486 1829 700 1876 Praecedeutium
709 1828 815 1884 Jonunls
825 1829 930 1874 Antonii
940 1827 1066 1884 viperam
1075 1829 1224 1874 litterarum
1234 1826 1317 1871 laum
1329 1825 1416 1869 versio
1427 1823 1444 1866 ¹.

926 2072 1006 2206 pls

416 2365 492 2430 Pax
507 2365 565 2430 X.i
636 2375 638 2380 '

416 2473 515 2554 Quae
529 2481 631 2552 gesta
645 2482 727 2536 sunt
742 2473 798 2536 his
811 2483 963 2554 quatuor
978 2473 1157 2536 mensibus
1170 2471 1280 2553 lapsis
1292 2470 1468 2550 ,scribam
1485 2469 1532 2533 ad
1544 2479 1580 2532 te

352 2579 521 2660 breuiter,
538 2579 633 2660 quod
647 2597 689 2642 ea
704 2579 766 2644 tibi
781 2597 911 2660 magna
926 2599 970 2644 ex
985 2590 1086 2661 parte
1104 2589 1189 2643 nota
1210 2595 1288 2642 esse
1303 2577 1466 2642 arbitror.
1490 2575 1582 2640 Nam

356 2688 536 2750 consuetis
556 2687 681 2751 studiis
707 2703 933 2768 occupamur,
958 2705 1070 2768 neque
1090 2689 1166 2752 sine
1185 2687 1336 2750 aliorum
1354 2685 1473 2766 aliqua
1492 2683 1581 2747 utili·

356 2802 441 2858 tate.
462 2793 553 2858 Nam
574 2794 748 2874 plerique,
775 2794 986 2858 daemonum
1008 2794 1133 2858 fraude
1156 2792 1405 2872 blanditiisque
1431 2791 1582 2870 decepti,

356 2901 567 2980 quibuscum
581 2916 763 2963 sermones
777 2901 982 2981 plerumque
997 2900 1235 2979 conferebant,
1251 2909 1287 2962 ut
1298 2915 1389 2979 quos
1401 2897 1582 2962 defuncto·

358 3025 437 3071 rum
450 3007 675 3085 nescioquas
691 3006 828 3070 animas
852 3024 930 3070 esse
949 3007 1207 3086 existimarent,
1227 3006 1344 3070 Patris
1363 3003 1476 3068 nostri
1493 3002 1584 3067 Eue·

358 3111 457 3176 rardi
471 3112 629 3175 consiliis
645 3109 703 3193 [et]
721 3113 970 3177 monitionibus
984 3115 1124 3177 fuerunt
1145 3121 1279 3176 atanto
1299 3128 1420 3175 errore
1440 3125 1583 3174 reuoca·

359 3219 396 3282 ti.
428 3217 495 3298 Qui
521 3219 580 3282 ubi
606 3235 644 3282 se
674 3227 747 3283 tam
775 3220 972 3298 periculose
1001 3220 1167 3300 deceptos
1197 3227 1435 3298 agnouerunt,
1468 3217 1583 3280 eidem

360 3325 457 3389 Patri
473 3324 626 3389 confessi
641 3337 801 3404 peccata,
817 3327 1081 3391 sanctissimum
1095 3325 1152 3390 X.¹
1171 3343 1301 3407 corpus
1324 3326 1369 3389 ab
1388 3323 1513 3388 eodem
1527 3339 1586 3386 ac·

361 3441 542 3511 ceperunt,
559 3443 887 3514 proposueruntque
901 3435 996 3497 nullo
1011 3443 1116 3514 pacto
1133 3434 1300 3514 deinceps
1319 3430 1588 3497 eiusmodidae·

362 3555 507 3602 monum
523 3539 743 3603 illusionibus
763 3539 867 3603 fidem
886 3541 1042 3604 daturos.
1065 3539 1251 3619 Quoddam
1271 3548 1457 3620 praeterea
1479 3552 1589 3616 nego·

361 3646 460 3708 cium
476 3645 521 3708 ad
536 3653 698 3708 sanctam
712 3645 894 3710 Ecclesiae
908 3646 1012 3710 fidem
1025 3647 1218 3728 pertinens,
1234 3663 1305 3726 qua
1318 3645 1395 3708 fieri
1409 3645 1522 3725 potuit
1536 3641 1589 3706 di·

359 3753 507 3832 ligentia
533 3761 568 3814 et
591 3753 795 3832 prudentia,
820 3765 983 3818 curatum
1005 3764 1068 3818 est:
1092 3755 1187 3834 quod
1210 3753 1333 3833 magni
1354 3761 1431 3816 erat
1456 3752 1492 3814 in
1516 3750 1585 3813 bac

362 3859 461 3938 urbe,
477 3868 514 3921 ut
531 3857 666 3938 opinor,
685 3861 862 3923 momenti.
881 3859 1069 3925 Caeterum
1089 3861 1173 3924 illud
1193 3878 1264 3923 non
1283 3859 1386 3939 parui
1407 3857 1584 3935 existim0,

360 3965 471 4030 fuisse
496 3965 668 4045 quosdam
695 3966 765 4046 qui,
789 3967 952 4046 neglecta
975 3967 1158 4047 religione,
1181 3967 1238 4030 cui
1260 3967 1358 4045 prius
1380 3983 1419 4028 se
1439 3964 1591 4028 deuoue-

362 4083 454 4150 rant,
472 4081 611 4150 turpem
628 4072 740 4136 uitam
755 4084 914 4152 agerent:
936 4091 1058 4137 uerum
1078 4083 1257 4154 postremo
1277 4073 1322 4136 ad
1341 4072 1486 4136 saniora
1507 4087 1592 4134 con·

359 4179 444 4242 silis
463 4179 654 4242 redierunt.
681 4179 839 4258 Quorum
858 4180 914 4258 (ut
938 4184 1137 4260 speramus)
1160 4181 1229 4243 duo
1256 4178 1356 4242 breui
1380 4177 1590 4257 religionem

360 4302 466 4348 suam
481 4294 649 4364 repetent.
666 4285 723 4348 Ad
738 4288 827 4348 haec
842 4285 985 4367 quidam
1000 4288 1170 4350 militares
1185 4286 1305 4362 duces,
1321 4295 1356 4348 et
1372 4284 1594 4349 cohortatio·

363 4391 478 4468 uibus,
495 4401 530 4454 et
545 4391 824 4455 confessionibus
839 4392 959 4472 adiuti,
978 4393 1203 4474 cum'pietate
1219 4393 1454 4473 impietatem,
1470 4399 1505 4454 et
1520 4399 1594 4454 tur·

362 4497 559 4578 pitudinem
573 4514 654 4561 curn
667 4499 852 4568 honestate
867 4509 1139 4563 commutarunt.
1159 4500 1234 4564 Iam
1248 4500 1318 4564 duo
1333 4499 1389 4578 (ut
1403 4499 1595 4563 nonnullos

407 4739 416 4773 ἱ
443 4740 633 4797 Autograpbae
644 4746 739 4799 duplici
751 4746 819 4800 lolio,
829 4745 912 4801 primo
923 4756 947 4790 n.
958 4745 992 4799 28,
1003 4747 1086 4790 altero
1096 4757 1145 4789 non
1155 4749 1300 4789 numerato.
