3368 5528
357 503 414 564 560
746 501 918 562 Ltrnnnnn
937 515 1208 570 ouannfflssnnns

357 652 444 713 mer’
464 651 500 712 la
519 649 771 728 compiacenza
793 657 827 712 et
852 647 968 727 gloria
994 664 1088 712 vana
1115 647 1181 711 che
1205 648 1240 710 la
1265 662 1448 726 vergogna
1471 647 1577 710 solita.

358 754 457 820 Hora
471 755 516 819 V.
533 754 573 819 R.
591 761 636 837 po
651 756 788 835 pensar’
804 756 920 836 quello
936 754 1124 818 accaderia
1139 771 1177 818 se
1191 753 1331 835 qualch’
1350 771 1398 818 vn
1412 754 1455 818 de
1477 755 1580 818 nostri

359 863 394 928 di
409 864 526 928 buona
541 863 616 927 vita
631 871 666 926 et
679 861 834 926 dottrina
851 861 992 926 venisse
1014 879 1035 925 a
1057 860 1231 943 predicar’
1252 878 1334 941 qua:
1361 861 1500 941 quando
1520 879 1580 924 con
1659 903 1660 946 t

359 981 460 1036 tanta
474 971 660 1036 deuotione
674 979 710 1033 et
724 968 918 1034 attentione
933 970 978 1047 io,
1001 970 1069 1034 che
1083 987 1170 1034 sono
1193 985 1329 1034 sommo
1352 973 1528 1050 peccator’
1551 980 1580 1032 et

362 1078 595 1143 indottissimo
616 1078 728 1157 (come
748 1075 794 1140 V.
816 1075 858 1140 R.
880 1079 947 1156 sa),
973 1094 1036 1140 era
1061 1077 1233 1141 ascoltato
1254 1075 1301 1141 dn
1325 1077 1419 1141 tutti:
1447 1087 1482 1140 et
1505 1082 1581 1158 pero

361 1203 473 1268 prego
488 1186 513 1249 il
527 1184 677 1264 signore
692 1193 726 1248 et
748 1184 793 1248 V.
817 1182 859 1247 R.
883 1184 914 1248 si
933 1181 1245 1265 degniproueder’
1267 1184 1301 1248 al
1324 1182 1509 1264 desiderio,
1533 1184 1580 1246 bi·

362 1309 476 1374 sogno
491 1303 526 1356 et
539 1293 726 1357 deuotione
741 1291 777 1356 di
792 1301 917 1372 questo
933 1293 1063 1372 populo
1078 1291 1187 1357 molto
1202 1290 1333 1356 denoto
1356 1301 1390 1356 et
1412 1290 1582 1356 sitibondo
1660 1325 1661 1330 ,

363 1401 455 1464 della
470 1402 593 1480 paroia
608 1399 651 1462 de
671 1397 752 1463 Dio.

417 1497 559 1577 Aleum,
576 1497 687 1560 sendo
702 1498 748 1561 da
764 1499 822 1562 noi
837 1499 1022 1564 ammoniti
1037 1498 1113 1576 che,
1131 1497 1253 1563 auanti
1268 1495 1301 1560 d’
1316 1513 1415 1562 esser
1430 1496 1582 1574 assoluti,

361 1605 609 1685 bisognauagli
637 1604 680 1667 de
710 1605 866 1669 restituir
894 1607 916 1669 l'
945 1606 1071 1684 astrui,
1099 1607 1121 1668 l’
1147 1604 1266 1669 hanno
1293 1604 1383 1668 fatto
1408 1603 1583 1684 diligente·

363 1723 479 1776 mente
504 1722 539 1776 et
570 1728 657 1776 sono
688 1712 808 1776 venuti
836 1729 857 1776 a
885 1712 1012 1793 pigliar
1042 1715 1063 1775 l’
1094 1711 1309 1776 assolutione
1337 1720 1372 1776 et
1398 1729 1419 1774 a
1443 1711 1497 1775 dir
1522 1710 1584 1774 che
1661 1699 1662 1718 ¹

364 1835 402 1882 se
416 1820 440 1883 li
455 1819 535 1883 altri
551 1818 745 1883 consessori
760 1819 784 1883 li
806 1820 999 1884 hauessero
1021 1836 1122 1885 come
1142 1820 1203 1884 noi
1225 1819 1375 1899 astretti‚
1399 1818 1465 1884 che
1486 1817 1507 1882 i’
1527 1818 1585 1882 ha·

364 1916 511 1991 neriano
532 1925 632 1989 iatto.
656 1925 723 1990 Del
749 1934 839 1991 tutto
862 1927 917 1991 sia
938 1927 1053 2007 gloria
1075 1935 1110 1990 et
1131 1925 1236 1991 laude
1260 1943 1281 1989 a
1307 1923 1389 2006 Dio,
1417 1927 1527 1990 autor‘
1556 1925 1584 1990 d’

364 2034 448 2114 ogni
462 2034 562 2098 bene.
579 2031 625 2097 Di
640 2034 746 2114 quelli
761 2035 826 2098 che
846 2033 1090 2116 frequentino,
1107 2051 1207 2098 come
1222 2033 1258 2098 di
1278 2051 1397 2115 sopra,
1414 2034 1439 2097 li
1461 2031 1585 2098 Santis·

364 2140 444 2205 simi
458 2141 684 2220 sacramenti,
699 2149 753 2205 tre
769 2159 789 2205 0
804 2150 959 2223 quattro,
976 2150 1010 2206 et
1025 2141 1112 2206 iorsi
1124 2141 1195 2222 pin,
1211 2136 1392 2221 speriamo‘
1403 2151 1520 2223 presto
1535 2159 1583 2204 sa·

365 2266 478 2313 ranno
493 2249 661 2312 accettati
673 2250 768 2314 nella
781 2249 953 2330 religione
968 2249 1011 2314 de
1026 2249 1212 2330 capuccini
1227 2259 1261 2312 et
1277 2249 1484 2314 zocculanti.
1498 2247 1585 2312 Sono

366 2356 482 2421 alcuni
498 2355 589 2433 altri,
606 2356 671 2419 che
692 2355 901 2422 desiderano
916 2358 1027 2422 venir’
1051 2357 1144 2422 neila
1166 2369 1289 2421 nostra
1308 2355 1539 2438 Compagnia,
1555 2353 1586 2416 di

365 2465 480 2528 bunne
494 2463 588 2544 parti
602 2471 636 2526 et
651 2463 855 2545 conditioni;
872 2475 907 2530 et
919 2467 1027 2547 quelli
1040 2465 1217 2544 massime,
1234 2464 1278 2529 de
1289 2464 1385 2545 quali
1398 2466 1487 2528 altre
1498 2465 1587 2528 volte
1663 2499 1664 2514 .

366 2572 411 2634 ho
426 2571 549 2634 scritto
572 2589 592 2636 a
614 2568 660 2637 V.
683 2570 738 2651 R„
762 2589 1000 2654 perseuerano
1018 2575 1075 2637 nel
1098 2573 1223 2638 istesso
1244 2573 1439 2654 proposito,
1460 2571 1585 2637 deside·

365 2677 478 2741 tando
493 2693 590 2741 esser
604 2678 732 2744 anisati
747 2680 792 2744 da
808 2680 853 2744 V.
871 2679 912 2744 R.
929 2679 1019 2744 doue
1034 2691 1069 2744 et
1084 2680 1225 2762 quando
1241 2681 1359 2744 hanno
1375 2681 1514 2745 andar’.

426 2782 490 2848 Nei
505 2783 662 2866 Collegio
677 2786 712 2850 di
727 2785 888 2868 Venegia
906 2788 1032 2852 adesso
1047 2787 1160 2853 siamo
1181 2796 1322 2870 quattro
1342 2788 1422 2852 soli:
1444 2788 1470 2851 li
1489 2797 1542 2852 tre
1555 2787 1587 2848 in

367 2909 451 2956 casa
467 2893 658 2957 attendono
680 2895 741 2958 alli
760 2893 931 2958 essercitii
953 2895 989 2958 in
1011 2911 1094 2958 casa
1116 2895 1414 2975 diligentemente‚
1437 2903 1473 2958 et
1494 2913 1516 2958 a
1535 2893 1587 2956 iar
1664 2883 1665 2900 ¹

368 3015 560 3080 progresso
575 3001 665 3063 nelle
681 3000 787 3064 virtii.
807 2999 949 3065 Piaccia
969 3002 1004 3064 al
1022 2999 1162 3081 Signor’
1187 3002 1253 3086 dar
1274 3019 1295 3065 a
1317 3001 1400 3066 tutti
1421 3001 1536 3082 gratia
1557 2998 1588 3062 di

368 3109 551 3170 conoscer’
570 3117 603 3170 et
618 3107 787 3189 adempir’
801 3107 1070 3189 perfettamente
1084 3109 1119 3172 la
1135 3125 1198 3172 sua
1214 3108 1419 3172 sontissima
1434 3109 1587 3172 volunta.

429 3212 477 3276 Di
492 3211 525 3275 V
527 3215 665 3293 enegio,
682 3215 742 3278 alli
755 3214 796 3278 24
809 3215 846 3279 di
860 3213 1006 3279 Ottobre
1024 3213 1113 3278 1556.

354 3299 360 3318 ⁸
728 3320 774 3385 Di
789 3321 834 3385 V.
852 3318 893 3386 R.
911 3321 1165 3404 indegnissimo
1180 3341 1285 3389 seruo
1302 3324 1338 3387 in
1352 3321 1460 3404 xpo..

1026 3539 1155 3606 Cnsnn'
1169 3540 1299 3606 Henna.

433 3864 480 3928 In
494 3863 610 3928 altera
621 3864 765 3946 pagina
778 3863 855 3928 loco
870 3862 1203 3944 superscriptiones,
1218 3862 1281 3926 sed
1295 3862 1452 3926 eiusdem
1467 3859 1589 3926 Patris

371 3969 495 4034 Helmi
506 3987 629 4034 manu:

430 4077 570 4142 Lettere
586 4080 836 4160 quadrimestri
850 4079 906 4144 del
921 4079 1070 4159 collegio
1093 4078 1136 4142 de
1152 4080 1184 4142 ln
1200 4075 1422 4159 Compagnia
1438 4077 1472 4142 di
1486 4075 1589 4142 Giesu

372 4186 408 4249 in
423 4185 597 4265 Venegia.

432 4291 517 4356 Alia
532 4309 656 4357 manu:
674 4292 790 4376 Jesus.
815 4292 901 4357 1556.
926 4291 1092 4374 Vinegia.
1115 4291 1382 4374 Quadrimestre
1403 4293 1484 4358 delli
1501 4289 1542 4356 24
1558 4287 1591 4352 di

372 4398 530 4465 Ottobre.
