3410 5528
641 554 706 616 An.
727 553 797 616 1⁵56
1277 555 1333 616 379

115 715 176 764 una
190 699 349 764 oratione
363 703 559 780 composita
571 704 628 765 col
642 719 706 766 suo
721 701 864 782 ingenio
880 710 914 764 et
929 717 1065 782 sapere,
1086 701 1120 765 la
1142 703 1225 782 qual
1247 720 1334 768 cose

114 825 178 871 non
191 808 237 872 da
251 808 367 890 picola
383 809 615 873 admiratione
631 809 691 873 alli
709 809 877 885 audienti,
894 809 1053 874 dedendo
1067 811 1159 890 putti
1173 814 1249 876 cosi
1262 812 1333 894 pic·

116 916 174 980 coli
188 933 412 997 componere,
429 926 463 980 et
479 926 577 980 tanto
593 917 847 982 audacemente
862 917 994 982 recitar
1008 917 1172 983 orationi.
1185 917 1238 984 La
1250 922 1333 1000 qual

115 1023 219 1088 anche
233 1024 501 1088 essercitatione
516 1025 586 1088 essi
598 1025 853 1104 grandemente
869 1026 1100 1105 comendano,
1114 1033 1149 1090 et
1161 1032 1259 1090 tanto
1271 1029 1332 1107 piir

116 1129 266 1197 uedendo
281 1133 360 1196 chel
375 1132 488 1196 simile
502 1150 572 1197 non
594 1132 625 1196 si
645 1131 681 1196 la
704 1133 740 1196 in
763 1134 871 1197 niuna
894 1133 986 1196 altra
1008 1131 1129 1196 schola
1151 1133 1186 1196 di
1207 1144 1332 1215 questa

114 1239 201 1302 cltta:
218 1239 249 1304 si
264 1243 329 1304 che
349 1241 393 1304 da
414 1249 538 1320 questa
553 1241 819 1304 essercitatione
834 1239 1072 1320 grandissima
1095 1241 1211 1305 utilita
1233 1257 1271 1305 se
1286 1259 1331 1305 ne

113 1363 206 1426 caua,
223 1346 343 1428 percio
357 1347 423 1411 che
438 1349 463 1412 li
478 1348 637 1412 cittadini
653 1349 710 1412 all'
725 1347 867 1412 orechie
883 1348 926 1412 de
948 1347 1043 1429 quali
1066 1357 1190 1429 questo
1212 1355 1231 1412 e
1252 1367 1331 1430 per·

113 1463 245 1534 umato,
256 1466 513 1520 sommamente
521 1456 556 1518 lo
565 1456 694 1520 lodano
707 1466 741 1519 et
753 1456 785 1520 ci
797 1455 915 1519 danno
927 1455 1082 1519 etiandio
1094 1455 1119 1519 li
1130 1456 1208 1520 suoi
1219 1457 1331 1538 liglio·

112 1559 133 1622 li
149 1561 191 1624 ad
209 1579 328 1626 essere
347 1562 476 1628 eruditi
498 1571 593 1627 sotto
612 1564 647 1626 la
666 1572 789 1627 nostra
811 1563 1009 1643 disciplina:
1031 1564 1052 1624 l'
1082 1564 1190 1628 animi
1216 1565 1330 1629 anche

111 1667 185 1732 delli
198 1669 354 1733 scholari
365 1687 432 1734 con
443 1679 567 1750 questo
579 1669 727 1734 honesto
738 1671 842 1734 modo
855 1669 888 1732 d'
902 1670 1092 1735 ambitione
1108 1671 1192 1752 ogni
1203 1673 1330 1752 giorno

110 1773 136 1836 s'
147 1777 349 1841 accendono
364 1777 434 1856 piir,
451 1787 486 1841 et
505 1777 692 1858 suspirano
707 1795 729 1840 a
744 1777 920 1858 maggiori
935 1778 1028 1842 studi
1043 1795 1106 1859 per
1122 1778 1279 1858 cupidita
1294 1779 1330 1844 di

109 1882 226 1962 gloria,
240 1884 531 1965 aggiongendoui
542 1885 578 1949 di
589 1883 648 1966 piit
660 1885 726 1947 che
740 1885 760 1946 'l
772 1885 827 1948 Pe
838 1883 994 1964 Rettore‚
1007 1885 1107 1949 finita
1119 1886 1140 1948 l’
1155 1886 1327 1966 oratione,

110 1989 206 2054 lauda
222 1991 243 2054 l’
256 2001 400 2055 oratore
418 2002 454 2056 et
475 1992 644 2057 dechiara
665 2011 685 2056 a
707 1993 787 2056 tutti
807 2001 932 2073 questo
953 2008 1071 2056 essere
1090 1993 1180 2057 fatto
1203 1994 1248 2058 da
1268 1996 1329 2058 noi

110 2097 202 2160 accio
217 2099 284 2163 che
300 2101 321 2161 l’
338 2099 605 2163 essercitatione
621 2101 739 2176 (senza
756 2101 789 2162 la
804 2100 907 2179 quale
923 2098 1030 2162 niuna
1045 2110 1121 2164 arte
1136 2101 1232 2165 nulla
1253 2103 1328 2181 gio-

108 2204 264 2281 uerehbe)
281 2206 479 2286 seguitasse
494 2214 849 2288 consequentemente
863 2206 886 2268 l’
900 2215 987 2286 arte,
1005 2216 1039 2271 et
1055 2225 1076 2271 a
1090 2210 1171 2272 tutti
1190 2218 1327 2273 essorta

109 2311 202 2376 accio
215 2313 239 2377 il
254 2314 448 2378 medesimo
464 2314 668 2380 ahbracino.

161 2420 260 2484 Ultra
276 2421 311 2485 di
327 2421 393 2500 cio,
410 2419 633 2485 considerata
648 2422 670 2483 l’
688 2421 813 2500 utilite,
835 2429 854 2485 e
875 2423 1037 2487 ordinato
1057 2422 1115 2486 dal
1135 2423 1326 2487 medesimo

107 2524 214 2591 Padre
230 2528 295 2592 che
310 2529 335 2592 li
349 2530 439 2611 putti
455 2529 520 2594 che
532 2540 659 2594 stanno
672 2538 764 2593 sotto
776 2530 810 2592 la
822 2539 943 2594 nostra
955 2530 1152 2612 disciplina,
1166 2530 1198 2594 le
1210 2531 1326 2595 dome·

106 2634 203 2699 niche
218 2645 253 2700 et
267 2635 356 2700 leste
371 2637 500 2701 uadino
517 2638 584 2701 alle
600 2637 729 2716 chiese,
743 2637 834 2702 doue
846 2638 934 2701 certi
945 2637 1101 2702 huomini
1112 2638 1162 2718 pii
1176 2655 1326 2703 conuen-

105 2756 194 2819 gono
207 2743 353 2807 insieme
367 2761 431 2824 per
446 2744 634 2824 insegnare
649 2745 682 2808 la
698 2744 852 2808 dottrina
867 2745 950 2809 ΚΜ
967 2746 1026 2822 plli
1041 2745 1209 2824 lanciulli,
1226 2746 1326 2810 accio

106 2848 164 2912 che
178 2867 245 2914 con
260 2852 282 2914 l’
300 2851 447 2930 aggiuto
463 2851 576 2914 anche
590 2851 672 2915 delli
688 2853 801 2917 nostri
816 2851 969 2916 scholari
986 2869 1139 2932 possano
1154 2853 1214 2933 pili
1228 2853 1323 2917 facil·

105 2965 214 3022 mente
229 2967 352 3039 portar
367 2959 416 3022 tal
430 2959 588 3038 carric0;
604 2975 667 3039 per
682 2961 715 3022 ln
735 2960 818 3040 qual
838 2976 922 3023 cosa
943 2960 1098 3040 ogniuno
1114 2961 1196 3026 delli
1211 2962 1326 3025 nostri

105 3062 189 3128 tiene
203 3066 293 3130 certi
307 3065 496 3146 designati,
512 3066 595 3130 nelli
609 3067 705 3147 quali
724 3066 784 3146 piir
808 3065 1049 3131 chiaramente
1072 3067 1102 3130 si
1124 3067 1211 3132 uede
1233 3070 1322 3132 relu-

103 3187 176 3234 cere
190 3173 213 3236 l’
231 3189 332 3237 amor
347 3174 436 3237 delle
452 3174 557 3237 uirtit:
573 3174 597 3236 li
612 3173 707 3254 quali
722 3173 829 3236 etiam
844 3184 982 3237 essorta
1004 3183 1038 3237 et
1061 3175 1217 3239 inanima
1239 3176 1325 3254 ogni

103 3279 243 3344 sabbato
259 3282 360 3346 accio
375 3281 439 3345 che
459 3289 584 3362 questa
599 3297 707 3362 opera
722 3280 758 3344 di
774 3280 1015 3345 misericordia
1038 3286 1113 3346 cosi
1136 3290 1240 3346 santa
1260 3300 1324 3364 per

101 3389 311 3468 negligentia
327 3406 349 3451 ο
365 3389 491 3452 inertia
507 3405 577 3452 non
593 3390 778 3469 patiscono
794 3390 823 3453 si
840 3388 1002 3468 rilreddi3
1019 3407 1077 3452 ma
1092 3391 1116 3452 li
1134 3391 1224 3471 putti
1245 3390 1324 3455 obe·

101 3492 203 3559 dienti
227 3497 260 3559 al
286 3496 383 3560 detto
404 3497 447 3560 de
473 3497 551 3561 suoi
576 3499 700 3561 mastri
726 3515 793 3560 con
815 3497 933 3561 animo
956 3497 1099 3561 liberale
1121 3505 1155 3560 et
1177 3515 1322 3578 appare-

100 3599 211 3665 chiato
225 3603 281 3667 cio
296 3602 550 3684 adimpiscono.
566 3603 670 3668 Vnde
686 3622 729 3667 ne
745 3605 884 3684 seguita
900 3604 966 3667 che
978 3606 1059 3685 quei
1073 3603 1242 3684 lanciulli,
1257 3607 1323 3670 che

100 3705 207 3784 prima
223 3709 412 3774 andauano
434 3728 503 3791 qua
526 3721 560 3774 et
580 3712 614 3774 la
637 3711 852 3791 uagabundi‚
876 3712 1001 3775 irretiti
1025 3720 1059 3775 et
1080 3712 1266 3792 ingannati
1287 3714 1324 3777 di

100 3825 218 3892 questo
231 3826 335 3881 santo
350 3819 461 3882 lascio
476 3819 566 3883 della
583 3819 676 3883 uirtir
691 3821 898 3884 consumino
915 3819 937 3882 il
953 3830 1069 3900 tempo
1080 3821 1115 3884 in
1126 3821 1275 3884 honeste
1287 3831 1323 3884 et

100 3932 195 3987 sante
210 3925 481 4006 essercitationi‚
498 3936 532 3990 et
548 3927 603 3991 cio
617 3933 636 3991 e
652 3937 750 3990 tanto
766 3927 885 3991 lodato
900 3927 984 3990 dalli
1005 3925 1164 3990 cittadini
1185 3936 1219 3991 et
1239 3927 1323 3993 dalli

100 4031 173 4093 altri
188 4031 348 4096 huomini
363 4033 408 4097 da
423 4033 523 4112 bene,
540 4034 606 4097 che
620 4053 641 4098 a
657 4051 747 4115 pena
763 4035 786 4097 il
801 4050 909 4114 posso
925 4033 1010 4097 dire:
1029 4034 1094 4098 che
1116 4034 1169 4097 sia
1192 4034 1216 4097 il
1237 4051 1322 4098 uero
1341 4063 1346 4070 ·

99 4135 125 4198 si
137 4144 206 4218 pud
221 4141 350 4205 uedere
365 4159 429 4223 per
444 4143 475 4204 le
490 4142 585 4206 laudi
601 4143 689 4207 colle
705 4143 799 4224 quali
815 4151 849 4206 et
865 4143 924 4206 noi
940 4151 974 4206 et
990 4143 1023 4206 la
1035 4151 1159 4206 nostra
1172 4143 1322 4222 Compa-

97 4246 175 4322 gnia
189 4249 287 4312 assai
300 4247 548 4314 dillusamente
563 4250 737 4330 inalzano,
762 4249 923 4314 uedendo
948 4251 1013 4314 che
1035 4267 1107 4313 non
1126 4251 1322 4314 solamente

98 4354 171 4417 colli
184 4355 279 4421 studi
294 4356 384 4421 delle
403 4358 512 4421 letere
531 4358 710 4438 uogliamo
733 4375 862 4422 ornare
884 4357 908 4420 li
929 4358 1008 4421 suoi
1033 4357 1164 4436 figlioli,
1188 4374 1246 4421 ma
1261 4374 1320 4421 an-

97 4459 200 4526 chora
215 4463 297 4528 colli
311 4465 419 4529 buoni
434 4466 584 4529 costumi
600 4467 623 4529 li
639 4464 748 4529 animi
763 4466 798 4529 di
814 4465 937 4529 dentro
952 4467 1041 4528 bene
1055 4465 1257 4529 informare.

149 4567 177 4632 ll
194 4570 259 4634 che
285 4571 487 4637 lacilmente
507 4573 663 4653 ogniuno
686 4579 756 4653 pud
777 4573 970 4651 intendere,
992 4571 1195 4652 imperoche
1211 4573 1241 4636 si
1262 4590 1321 4637 uo·

98 4675 211 4753 gliano
225 4677 435 4758 riguardare
451 4682 485 4744 al
499 4696 692 4771 progresso
708 4679 796 4744 delle
814 4681 920 4744 letere
935 4689 971 4743 et
991 4679 1106 4743 utilita
1126 4678 1207 4744 delli
1221 4679 1321 4744 scho·

99 4781 168 4866 lari,
195 4802 267 4850 non
290 4785 554 4851 mancheranno
580 4805 663 4852 cose
687 4788 752 4852 che
773 4805 841 4852 con
863 4788 963 4869 segni
989 4787 1245 4856 euidentissimi
1265 4788 1320 4858 eid
