3504 5532
812 490 982 556 errnara
1002 507 1271 566 ooaoatansrans

624 639 677 706 De
693 641 860 708 mandato
875 641 992 708 Patris
1006 643 1119 708 nostri
1131 642 1215 710 Ml*
1235 641 1431 710 Paschasii.

906 748 948 812 R.
966 749 1004 812 P.
1021 749 1061 814 T.

943 856 1075 921 Seruus
1090 857 1369 940 indignissimus,

1129 1070 1308 1138 Nicotaus
1330 1071 1569 1140 Barbariana.

480 1394 746 1476 Superscrr'ptt'o
767 1395 806 1458 in
827 1398 959 1474 quarta
977 1394 1139 1474 pagr'na:
1159 1393 1236 1458 R.‘¹⁰
1258 1395 1293 1458 in
1319 1394 1412 1476 Xpo.
1437 1394 1536 1461 Patri
1561 1396 1644 1460 Ι).Ιιο
1733 1399 1734 1421 ¹

419 1502 557 1581 ignatio
572 1502 616 1566 de
631 1501 779 1582 Laona,
796 1501 1003 1583 Praeposito
1013 1503 1175 1582 generali
1187 1501 1375 1570 Societatis
1386 1503 1540 1568 nominis
1550 1502 1648 1586 Jesu‚
1733 1527 1734 1532 ¹

420 1610 456 1674 in
471 1609 617 1674 aedibus
631 1609 763 1674 Beatae
778 1609 912 1674 Mariae
927 1609 1019 1674 della
1034 1608 1174 1690 Strada,
1191 1609 1337 1675 Romae.

473 1717 524 1782 Di
538 1727 640 1798 porto
659 1735 704 1782 vn
720 1735 841 1782 mezzo
854 1718 958 1801 Julio.

478 1825 562 1888 Alr'a
576 1843 700 1888 manu:
718 1823 804 1888 1556.
822 1823 979 1889 Parisiis.
995 1823 1281 1904 Quadrimestres
1294 1825 1334 1890 27
1352 1826 1496 1906 Aprilis.

487 1931 684 2012 Vestigium
699 1947 800 1996 cerae
812 1930 942 2010 sigilli.

464 2573 651 2624 Praecedentes
662 2575 761 2626 Nicotnl
773 2575 896 2622 Bettetilte
908 2571 1015 2622 litterae
1025 2588 1041 2620 a
1050 2575 1077 2621 P.
1088 2576 1199 2622 Potanco
1209 2578 1362 2624 decurtatae
1374 2585 1399 2622 et
1411 2576 1564 2627 emendatae
1576 2579 1596 2623 ¹.

968 2794 1082 2876 Jesus.

472 3013 528 3076 nx
547 3012 674 3075 oneris
694 3011 854 3090 Magistri
878 3010 1013 3073 nicolai
1033 3010 1220 3074 Bettefiltae
1252 3009 1397 3074 Parisiis
1423 3012 1569 3093 scriptis
1597 3015 1637 3078 27

413 3119 546 3200 Aprilis
566 3120 641 3182 1556
655 3119 678 3182 ⁸.
1733 3117 1734 3128 ’

474 3227 601 3289 Gratia
615 3233 648 3288 et
660 3233 742 3306 pax
762 3225 908 3304 Christi,
923 3231 985 3288 etc.
1733 3285 1734 3316 2

469 3333 639 3398 Sanctum
661 3333 878 3398 Germanum
903 3350 968 3413 pro
988 3351 1088 3396 more
1107 3332 1371 3414 frequentamus
1397 3349 1478 3398 curn
1503 3349 1642 3416 magna
1733 3317 1734 3339 ¹

409 3457 532 3504 eorum
546 3438 791 3504 aedificatione
806 3449 912 3520 atque
927 3441 1182 3516 consolatione,
1198 3440 1262 3519 qui
1270 3439 1449 3520 puritatis
1461 3447 1548 3502 sunt
1560 3448 1642 3506 stu·
1733 3447 1734 3456 ³

408 3547 513 3626 orosi,
528 3564 609 3612 cum
625 3548 844 3611 aemulorum
863 3555 981 3610 autem
999 3547 1104 3627 graui
1126 3545 1347 3625 offendiculo,
1366 3563 1515 3627 quorum
1538 3547 1644 3614 eflre·
1733 3549 1734 3569 ,

407 3655 463 3720 nis
475 3655 594 3719 rabies
608 3653 833 3728 sanctissima
853 3670 1013 3734 quaeque
1032 3653 1177 3733 vipereo
1198 3670 1335 3717 veneno
1349 3665 1498 3717 conatur
1513 3652 1641 3720 inlice·
1733 3663 1734 3758 ,

406 3779 455 3826 re.
471 3760 629 3842 Rugiunt
639 3769 736 3825 certe
748 3777 791 3824 ac
802 3760 964 3825 frendent
976 3759 1012 3823 in
1027 3777 1094 3824 nos
1104 3760 1271 3824 continuo
1283 3761 1413 3839 leones,
1428 3771 1465 3824 vt
1480 3761 1643 3826 aradum

405 3869 554 3934 emissos
567 3868 683 3932 foetus
697 3867 912 3946 interimant,
935 3867 1124 3947 etquidem
1143 3883 1181 3932 ao
1204 3867 1340 3946 magis,
1359 3867 1453 3949 quod
1473 3885 1557 3932 suos
1579 3888 1641 3934 co·
1733 3847 1734 3872 ¹

405 3987 521 4054 natuS,
539 3976 665 4056 quibus
680 3992 745 4040 nos
766 3973 883 4039 delere
902 3975 1147 4052 moliebantur,
1171 3977 1293 4056 quales
1316 3975 1497 4056 optabant,
1519 3976 1644 4046 exitus

405 4099 476 4146 non
488 4082 653 4147 habuisse
664 4083 821 4146 ardeant.
835 4081 1059 4162 Quapropter
1071 4083 1175 4162 longe
1187 4081 1389 4146 acerbiores
1401 4099 1507 4163 quam
1516 4095 1643 4166 antea,

405 4191 435 4254 si
454 4191 506 4254 eis
531 4199 625 4256 esset
644 4191 823 4271 integrum
842 4189 1068 4256 occasionem
1089 4199 1126 4252 ut
1146 4190 1305 4254 nancisci
1326 4197 1488 4270 possent,
1510 4189 1642 4256 aduer·
1733 4261 1734 4278 ,

405 4314 482 4360 sum
497 4315 562 4362 nos
577 4296 773 4361 excitarent
793 4296 1006 4378 tragoedias,
1024 4296 1087 4359 sed
1103 4305 1262 4360 metuunt
1281 4313 1325 4360 ne
1345 4295 1488 4395 quaein
1503 4313 1570 4361 nos
1586 4301 1642 4364 vi·

445 4539 452 4570 ¹
481 4537 546 4581 Bina
556 4547 615 4583 sunt
626 4539 718 4582 barum
730 4538 879 4583 litterarum
888 4539 925 4582 otc
936 4537 1133 4583 emendaturum
1143 4537 1303 4593 apographa,
1315 4537 1386 4584 alind
1397 4537 1422 4582 ln
1433 4537 1477 4581 iol.
1487 4537 1644 4592 notariae
1733 4502 1734 4558 ¹

403 4621 426 4653 a.
437 4607 572 4663 40.-Qnae
582 4611 684 4654 ttallcr's
693 4610 734 4654 lrlc
745 4609 922 4664 deneriblmm,
934 4621 1010 4654 mann
1028 4611 1133 4665 propria
1144 4611 1263 4666 apposnit
1275 4608 1402 4654 Potaneor
1412 4609 1438 4654 ln
1453 4613 1639 4666 autographo.

443 4681 454 4714 ¹
481 4679 854 4735 tiorumlocotnnntooeraptro
868 4682 1105 4736 reputantem
1120 4684 1262 4738 scripserat
1278 4680 1413 4728 Polancnsz
1427 4679 1468 4726 Ex
1481 4681 1547 4726 alita
1563 4685 1642 4730 elus-
1733 4695 1734 4712 ³

403 4755 464 4804 aem
473 4752 508 4796 27
518 4753 622 4810 Aprilis
632 4753 711 4798 1556.
