3472 5528
172 1533 373 1594 Frnnelsens
387 1533 545 1607 Morales,

208 1629 518 1692 &commissione
532 1631 642 1692 Patris
656 1629 804 1693 Cornelii
818 1629 955 1705 Gemes,

247 1729 339 1792 Patri
351 1730 482 1806 ignatio
496 1731 537 1792 de
550 1728 690 1805 Loyola.

282 1827 406 1902 Ebora
420 1828 455 1888 10
468 1827 547 1901 Muli
561 1827 632 1890 1556
644 1829 664 1886 ⁸.

179 2035 258 2102 Pax
271 2035 354 2118 Xpi.

178 2144 326 2210 Fratres
340 2144 464 2220 nostri,
480 2143 585 2209 Pater
600 2143 757 2223 colende,
773 2143 894 2208 diuina
908 2142 1066 2208 bonitate
1083 2141 1205 2221 adiuti,
1222 2152 1297 2210 tum
1311 2141 1348 2207 ln

120 2252 336 2333 quotidianis
359 2250 672 2316 exercitationibus
696 2267 767 2314 non
793 2251 1017 2316 mediocriter
1044 2249 1241 2332 proficiunt,
1273 2261 1348 2316 tum

119 2359 227 2426 etiam
248 2359 284 2422 in
303 2359 446 2424 virtutis
467 2358 524 2422 via
543 2357 698 2440 quotidie
717 2358 834 2438 magis
853 2356 1036 2438 magisque
1059 2357 1346 2439 progrediuntur.

120 2466 245 2532 Patres
259 2484 345 2531 vero
356 2483 431 2547 eoa,
447 2466 507 2548 qui
521 2483 540 2529 e
555 2467 629 2530 vita
644 2466 811 2546 migrant,
826 2465 861 2528 in
876 2465 952 2546 ipso
967 2465 1062 2530 vitae
1077 2463 1235 2530 discessu
1251 2465 1348 2529 adiu·

119 2583 214 2654 nant,
232 2583 338 2656 atque
349 2572 395 2637 ad
410 2573 481 2638 alia
495 2574 604 2638 multa
616 2571 815 2636 huiusmodi
826 2569 940 2652 officia
955 2571 1095 2653 pietatis
1110 2589 1216 2653 saepe
1228 2589 1350 2636 accer-

120 2693 256 2762 suntur,
272 2682 436 2762 illosque,
453 2681 514 2763 qui
534 2681 577 2745 de
592 2681 749 2761 peccatis
769 2679 991 2757 confitentur,
1008 2679 1275 2760 diligentissime
1290 2697 1348 2746 au·

118 2787 228 2854 dunt:
243 2789 352 2856 multo
363 2789 471 2854 etiam
481 2788 585 2869 plura
599 2785 675 2852 fieri
687 2797 843 2869 possent,
856 2804 929 2851 non
939 2787 1057 2852 minus
1068 2785 1146 2852 Deo
1158 2786 1238 2869 Opt.
1252 2787 1348 2852 Max.

118 2905 235 2977 grata,
250 2897 281 2962 si
295 2896 343 2961 ad
357 2895 477 2960 omnia
491 2895 707 2978 perficienda
723 2894 848 2992 Patres
862 2895 1088 2959 haberentur.

176 3003 311 3070 Diebus
325 3013 445 3070 autem
459 3003 648 3070 dominicis
662 3003 698 3068 in
709 3011 833 3068 nostro
847 3002 979 3083 templo
994 3012 1068 3068 tum
1084 3020 1188 3068 mane
1202 3013 1276 3070 tum
1292 3020 1349 3069 ve·

118 3111 213 3193 speri
226 3111 376 3176 habetur
390 3112 527 3179 concio.
544 3110 696 3193 Vesperi
711 3128 797 3175 vero
811 3110 854 3174 de
874 3108 1036 3174 doctrina
1052 3109 1201 3186 babetur
1215 3111 1261 3175 ad
1275 3129 1349 3192 eos,

117 3218 176 3298 qui
190 3218 286 3298 apud
303 3235 371 3284 nos
390 3218 503 3284 literis
522 3235 668 3300 operam
687 3217 785 3298 dant;
806 3216 852 3282 ad
872 3233 979 3297 quam
1000 3217 1207 3282 concionem
1229 3229 1351 3284 tantus

117 3325 226 3392 etiam
240 3326 397 3390 virorum
412 3344 455 3389 ac
478 3325 663 3391 mulierum
682 3324 720 3389 fit
740 3341 947 3404 concursus,
968 3331 1007 3388 ut
1029 3341 1090 3388 cos
1104 3325 1273 3406 templum
1293 3343 1349 3392 ca·

118 3449 201 3512 pere
215 3441 377 3514 nequeat,
394 3433 477 3498 licet
491 3441 527 3498 et
541 3432 722 3497 mediocre
733 3431 791 3511 sit,
807 3441 841 3495 et
857 3430 1063 3497 scholastici
1077 3448 1200 3495 omnes
1214 3449 1251 3496 se
1263 3441 1349 3498 tem-

117 3541 164 3620 pli
177 3542 308 3606 sacello
325 3541 542 3620 contineant;
556 3549 591 3604 et
606 3555 821 3620 quamquam
835 3537 946 3602 multa
958 3538 1125 3602 subsellia
1135 3555 1200 3620 pro
1215 3537 1349 3604 foribus

118 3649 349 3728 collocantur,
364 3648 490 3730 quibus
505 3647 554 3726 hi,
569 3646 630 3727 qui
644 3644 783 3726 ingredi
797 3662 869 3709 non
890 3645 1080 3723 valuerint,
1102 3645 1238 3726 possint
1252 3647 1348 3712 sede·

119 3776 168 3840 re,
192 3768 328 3836 tamen,
350 3756 405 3820 his
424 3755 587 3820 omnibus
606 3753 827 3819 multitudine
849 3753 1046 3834 completis,
1066 3753 1246 3834 permulti,
1268 3754 1349 3820 ideo

117 3865 213 3950 quod
237 3867 353 3932 locum
376 3881 446 3928 non
469 3862 611 3941 babent,
638 3860 841 3928 discedunt:
863 3869 1049 3942 praeterea
1076 3861 1200 3926 iisdem
1225 3861 1348 3928 diebus

116 3975 327 4055 complures,
350 3979 425 4036 tam
441 3971 508 4035 viri
529 3986 636 4052 quam
657 3969 833 4048 mulieres,
855 3977 889 4032 et
910 3978 1057 4049 peccata
1081 3967 1293 4034 confitentur
1312 3978 1347 4035 et

72 4115 76 4126 ·
116 4089 387 4147 sacrosanctum
408 4076 490 4160 Xpi.
512 4093 642 4159 corpus
660 4085 815 4140 sumunt:
836 4075 929 4140 idem
944 4075 1050 4140 etiam
1066 4074 1102 4140 in
1122 4076 1344 4142 bebdomada

114 4206 283 4270 persaepe
305 4187 356 4268 fit;
379 4185 629 4268 quamplurimi
643 4185 736 4247 enim
753 4182 980 4261 confitentur,
1006 4200 1075 4264 qua
1098 4201 1142 4246 ex
1163 4201 1202 4248 re
1226 4202 1348 4250 omnes

151 4465 160 4499 ¹
190 4463 255 4510 Blna
270 4471 330 4510 sunt
350 4463 443 4508 barum
459 4461 609 4507 litterarum
626 4462 745 4518 exempla
759 4460 913 4518 archetypa
929 4471 1007 4506 unum
1024 4459 1050 4506 ln
1066 4461 1127 4506 tollo
1143 4461 1248 4516 dupllcl,
1263 4463 1346 4518 prlnlo

115 4547 138 4580 ι.
147 4536 199 4592 578,
209 4537 293 4581 altem
302 4546 354 4580 non
364 4541 510 4586 numerato,
517 4534 710 4590 autographum
725 4539 809 4578 toturn
816 4543 894 4578 mann
904 4531 1038 4578 Franclocl
1055 4532 1180 4590 Moralem
1196 4535 1309 4585 alterurn
1320 4535 1345 4580 lu

115 4608 173 4654 lolio
183 4609 247 4653 ltem
256 4608 414 4666 dupllcl,nn.
424 4605 558 4661 ometstt,
567 4607 594 4651 ln
608 4617 658 4662 qno
669 4612 772 4650 tanturn
787 4611 904 4650 extrema
920 4607 1002 4651 verba
1017 4608 1093 4650 sexto
1106 4605 1212 4652 illusa..
1227 4606 1345 4652 Moram

115 4689 139 4725 et
148 4681 337 4738 snpenctlptlo
347 4685 407 4724 suot
417 4690 494 4724 manu
507 4679 586 4732 lpnlus
596 4678 715 4726 Moralem
727 4684 835 4724 caetera
849 4678 954 4732 scrlpslt
965 4679 1017 4723 alla
1028 4689 1119 4722 manns
1135 4679 1222 4734 lgnota
1235 4687 1262 4726 at
1273 4687 1345 4724 certo

116 4753 250 4798 mrim.
