3368 5528
657 518 720 580 An.
743 515 813 578 loeo
1297 519 1354 580 ⁵73

115 679 187 748 tur;
204 682 291 732 nam
303 663 424 731 videre
437 666 520 732 licet
536 665 668 732 iratres
681 674 835 744 nostros,
852 681 982 747 magna
1004 665 1185 731 hominum
1205 676 1351 731 caterua

117 776 354 856 constipatos,
370 775 415 840 ad
436 775 627 856 collegium
647 783 808 840 nostrum
830 774 972 852 reuerti,
996 791 1085 855 quos
1105 774 1215 839 uerbo
1232 773 1352 838 diuino

115 883 337 948 inescarunt.
352 882 454 948 Tunc
469 883 599 962 singuli
608 883 798 948 nonnullos
809 882 955 963 eligunt,
969 881 1097 962 quibus
1110 883 1208 947 viam
1219 880 1353 946 Christi

116 991 297 1072 aperiunt,
314 999 420 1071 atque
431 989 477 1054 ad
492 988 755 1055 confessionem
769 1005 981 1071 sacramque
996 989 1279 1054 communionem
1294 1006 1352 1053 ex·

116 1097 247 1162 citant:
272 1113 338 1162 nec
363 1096 512 1176 lrustra;
537 1115 621 1162 nam
646 1097 823 1180 plerique,
844 1096 1002 1162 moribus
1027 1095 1171 1177 omnino
1195 1095 1351 1178 mutatis,

115 1221 197 1268 eam
211 1205 310 1269 uiam
325 1203 590 1285 ingrediuntur;
607 1220 700 1285 quae
714 1203 760 1269 ad
775 1214 958 1269 aeternam
973 1204 1122 1269 salutem
1136 1203 1309 1286 perducit.

176 1311 355 1394 Denique,
370 1329 416 1376 ne
430 1311 571 1393 singula
587 1312 756 1392 referens,
771 1308 912 1392 longius
930 1329 1037 1394 quam
1051 1329 1117 1393 par
1134 1319 1187 1376 est
1206 1326 1352 1392 progre-

115 1418 210 1499 diar,
227 1419 399 1483 sacellum
412 1428 577 1485 nostrum
598 1419 721 1484 diebus
735 1419 834 1484 festis
852 1418 970 1483 sorum
990 1419 1240 1483 mercatoriam
1256 1417 1352 1482 dixe·

115 1527 180 1606 ris,
198 1525 230 1590 si
250 1525 433 1592 hominum
458 1526 695 1608 frequentiam
710 1526 840 1592 intueri
850 1526 951 1605 velis;
978 1544 1061 1591 nam
1086 1525 1116 1589 si
1135 1542 1351 1606 sermonum,

115 1634 178 1715 qui
194 1633 355 1700 uicissim
369 1635 416 1699 ibi
429 1635 671 1713 conteruntur,
687 1633 851 1698 habenda
866 1634 911 1697 sit
925 1633 1030 1713 ratio,
1043 1634 1148 1713 longe
1163 1633 1352 1698 dissimilli-
1419 1673 1422 1681 ·

116 1757 218 1806 mum
235 1739 433 1823 apparebit:
454 1741 490 1806 in
504 1741 564 1805 illo
580 1741 678 1820 nihil,
700 1741 769 1806 nisi
784 1742 828 1805 de
849 1741 1012 1821 augenda
1027 1758 1066 1804 re
1088 1740 1267 1821 familiari,
1283 1749 1339 1806 tra

116 1857 254 1927 ctatur3
281 1857 316 1912 at
341 1848 378 1913 in
397 1848 477 1926 hoc,
503 1847 702 1912 animarum
727 1849 824 1912 salus
849 1848 886 1913 in
911 1847 1067 1912 omniurn
1090 1865 1152 1913 ore
1174 1829 1350 1912 versatur'.

118 1953 239 2036 Saepe
255 1954 352 2020 urbis
372 1955 545 2037 primores
563 1953 681 2020 Patris
695 1955 808 2018 nostri
827 1953 990 2018 Rectoris
1013 1970 1122 2048 opera
1142 1964 1297 2034 utuntur,
1312 1953 1351 2017 in
1446 1979 1449 1987 <

117 2063 230 2126 rebus
244 2053 391 2126 maximi
402 2061 582 2140 momenti,
597 2061 807 2140 praesertim
819 2061 1047 2142 inquisitores
1057 2061 1258 2125 haereticae
1273 2078 1351 2142 pra·

116 2169 261 2234 uitatis.
898 2231 906 2256 ⁸

179 2275 289 2341 Modo
313 2276 415 2340 nobis
440 2294 462 2341 a
482 2285 609 2340 senatu
628 2275 775 2341 offertur
791 2277 943 2341 ecclesia
961 2277 1137 2358 quaedam
1156 2277 1200 2342 D.
1226 2275 1352 2360 Jacobi

116 2401 203 2450 cum
218 2384 403 2463 coenobio,
424 2381 520 2465 quod
538 2381 603 2448 fuit
623 2383 861 2464 quorumdam
876 2383 961 2448 olim
973 2383 1240 2464 monachorum
1253 2383 1352 2447 loeus

116 2508 209 2556 sane
230 2499 284 2554 est
303 2489 587 2571 amoenissimus
606 2489 849 2570 nihilominus,
871 2491 976 2556 rebus
998 2491 1159 2556 omnibus
1177 2490 1349 2572 pensatis,

116 2598 287 2662 decernet
319 2597 356 2660 V.
377 2597 423 2660 P.
446 2597 533 2678 quid
547 2598 689 2663 tandem
709 2597 785 2662 lieri
803 2598 939 2662 debeat.
960 2597 1116 2680 Singulis
1134 2598 1350 2663 mensibusa

116 2703 156 2769 P.
175 2703 330 2770 Rectore
345 2703 497 2769 habetur
510 2704 611 2768 domi
617 2712 687 2785 pro
699 2721 798 2769 more
808 2705 1011 2770 exhortatio
1022 2705 1196 2786 quaedam
1212 2706 1256 2770 de
1271 2705 1350 2770 obe·

117 2810 256 2877 dientia
280 2821 315 2876 et
339 2813 544 2892 regularum
571 2812 832 2890 obseruatione,
859 2830 930 2876 non
950 2813 1026 2878 sine
1048 2828 1179 2894 magno
1197 2813 1352 2896 spiritali

116 2918 295 3006 proiectu;
311 2920 470 3000 namqui
485 2936 531 2984 ex
548 2937 586 2984 se
601 2918 637 2984 in
657 2919 855 2984 obedientia
871 2921 1045 2984 excellere
1065 2921 1297 3000 conabantur,
1315 2919 1351 2985 hi

116 3025 239 3116 modo,
255 3025 353 3092 hisce
375 3027 599 3092 adminiculis
619 3028 745 3107 adiuti,
768 3028 921 3092 maiores
942 3030 1053 3093 multo
1076 3038 1225 3093 exerunt
1247 3046 1352 3093 cono·

116 3144 189 3214 tus,
205 3149 251 3198 ne
265 3133 366 3198 adea
381 3150 432 3213 re,
453 3151 543 3216 quae
563 3134 631 3199 illis
650 3135 871 3216 potissimum
891 3135 991 3200 cordi
1014 3144 1102 3214 erat,
1126 3135 1277 3200 deficere
1300 3137 1351 3200 vl·

117 3241 284 3305 deantur.
309 3239 444 3306 Omnes
468 3249 553 3306 sunt
571 3242 645 3306 suis
659 3242 785 3307 studiis
806 3243 893 3306 satis
918 3243 1053 3322 intenti,
1071 3243 1107 3307 in
1132 3244 1258 3324 quibus
1279 3261 1352 3308 non

116 3347 319 3413 mediocres
332 3347 468 3414 iaciunt
482 3366 706 3430 progressus:
722 3358 973 3432 praeceptores
986 3366 1119 3416 neruos
1133 3367 1256 3414 omnes
1269 3368 1352 3416 con·

116 3455 270 3522 tendunt
295 3457 331 3520 in
357 3456 559 3522 erudiendis
584 3457 777 3538 discipulis,
800 3474 951 3540 quorum
975 3475 1143 3524 numerus
1167 3458 1203 3523 in
1222 3458 1299 3523 dies
1314 3459 1353 3524 fit

116 3565 249 3630 maior.
265 3563 487 3630 Exercentur
501 3563 658 3645 quotidie
673 3564 1025 3657 indisputationihus3
1042 3564 1197 3654 dievero
1213 3565 1352 3628 sabbati

118 3674 156 3736 in
170 3671 345 3737 classibus
359 3672 553 3738 maioribus
565 3673 684 3736 theses
699 3671 899 3753 affiguntur,
916 3681 954 3736 ut
968 3673 1059 3738 inter
1074 3689 1113 3736 se
1131 3674 1352 3752 argumentis

117 3786 244 3844 mutuo
255 3778 460 3860 confligere
477 3779 513 3843 in
528 3779 606 3844 aliis
626 3795 724 3858 vero,
746 3780 844 3844 iuxta
865 3796 1056 3862 puerorum
1075 3789 1229 3862 captum,
1250 3796 1351 3844 exer·

119 3887 207 3952 citla
225 3886 410 3952 litteraria
434 3885 760 3951 accommodantur.
787 3885 1045 3966 Prouectiores,
1060 3897 1141 3969 post
1164 3887 1352 3952 lectionem

119 3995 309 4062 doctrinae
323 3993 551 4073 christianae,
574 4011 667 4075 quae
686 3993 810 4059 diebus
829 3996 972 4060 veneris
993 3996 1029 4060 in
1054 3997 1184 4076 templo
1208 3995 1350 4077 legitur,

120 4103 256 4168 habent
270 4104 483 4182 orationem,
500 4117 608 4184 quam
625 4102 694 4184 ipsi
716 4103 903 4167 succisiuis
923 4103 1022 4168 horis
1036 4111 1264 4185 componunt,
1282 4113 1350 4170 etc.

183 4210 342 4292 Genuae,
360 4211 473 4294 pridie
487 4212 660 4278 kalendas
674 4211 897 4291 Nouembris,
914 4229 1008 4278 anno
1026 4210 1113 4276 1556.
1162 4285 1171 4307 ι

183 4319 225 4385 R.
241 4318 281 4385 P.
294 4319 337 4386 T.
354 4319 447 4385 lilius
458 4319 638 4402 indignus.

445 4427 551 4512 Jussu
567 4427 639 4494 R.‹¹¹
666 4427 783 4492 Patris
796 4426 971 4508 Rectoris,

728 4645 940 4712 Anauonsus
956 4644 1191 4710 Hnaurunaz.
