3510 5526
536 534 705 594 Anoaunn
724 552 757 593 tn
776 551 864 594 rouo
884 549 1032 594 secunao
1336 528 1394 591 7(ῐά

166 685 285 760 quam,
303 681 436 760 doctoS,
454 682 577 761 quales
594 681 631 744 id
649 682 782 762 negotii
801 681 972 762 exposcit.
996 680 1088 744 Huic
1108 689 1226 744 autem
1249 679 1393 743 Prouin-

167 789 244 851 ciae
259 796 313 850 est
328 789 443 868 magis
459 805 547 869 opus
562 789 630 852 hoc
646 789 827 852 hominum
851 805 982 868 genere
1002 805 1109 870 quam
1128 789 1221 866 aliis,
1248 795 1393 868 propter

166 895 364 958 doctrinam
380 895 551 974 proximis
563 897 665 958 annis
680 895 818 976 Hispali
833 895 1056 973 seminatam,
1074 913 1165 976 quae
1181 895 1312 958 detinet
1331 893 1394 956 ho·

166 1003 300 1065 minum
323 1003 460 1065 animos
478 1019 550 1065 non
570 1011 760 1083 utcumque
780 1002 1004 1083 perturbatos
1024 1000 1046 1064 ¹:
1066 1011 1105 1064 vt
1126 1002 1235 1080 igitur
1256 1009 1394 1064 nostro-

165 1126 247 1172 rum
262 1110 472 1172 documenta
488 1109 720 1189 recipiantur,
737 1112 808 1172 alta
829 1109 1057 1173 fundamenta
1079 1109 1226 1173 iecerint
1246 1123 1393 1171 necesse

166 1223 232 1290 est;
248 1214 346 1278 Deus
367 1225 484 1279 autem
504 1215 655 1295 optimus
674 1217 850 1280 maximus
872 1216 972 1279 nobis
991 1216 1165 1279 concedat
1186 1224 1225 1277 vt
1245 1226 1389 1281 nostrae

165 1323 331 1402 propriae
346 1323 561 1403 cognitionis
575 1321 804 1386 fundamenta
819 1339 1018 1386 noscamus

227 1429 281 1494 De
310 1431 421 1494 nostri
451 1431 598 1510 Collegii
627 1431 887 1510 professoribus
915 1447 1022 1511 supra
1051 1431 1294 1510 meminimuS,
1321 1447 1392 1494 uno

164 1537 308 1616 dempto
319 1537 429 1600 fratre
440 1537 620 1618 Marce110,
634 1539 703 1619 qui,
719 1539 841 1601 relicta
857 1537 1034 1600 rhetorica
1045 1546 1190 1618 propter
1201 1554 1303 1601 suam
1316 1556 1391 1602 cor·

164 1645 263 1725 poris
278 1645 527 1724 valetudinem,
551 1663 680 1724 pueros
699 1645 840 1708 infimae
860 1645 985 1708 classis
1006 1645 1181 1708 interdum
1197 1655 1341 1708 exercet
1355 1658 1391 1709 et

164 1751 259 1829 gerit
274 1751 372 1814 vices
387 1749 503 1815 Patris
517 1752 617 1834 Jaen.
630 1749 798 1833 Superest
808 1768 903 1814 nunc
913 1759 952 1814 vt
964 1751 1027 1815 tibi
1039 1753 1163 1816 saltem
1175 1753 1390 1834 reliquorum

150 1869 200 1920 .et
220 1857 364 1920 nomina
384 1867 417 1921 et
437 1875 622 1922 numerum
642 1858 685 1922 ob
710 1859 830 1922 oculos
849 1875 1034 1937 ponamus:
1060 1876 1226 1922 numerus
1248 1859 1388 1940 quidem

162 1965 322 2028 omnium
337 1974 389 2027 est
404 1965 527 2029 decem
542 1974 576 2028 et
588 1976 679 2029 octo.
694 1964 824 2028 Rector
835 1974 955 2028 noster
966 1965 1071 2029 Pater
1081 1965 1268 2030 Antonius.
1282 1965 1387 2030 Pater

162 2069 293 2134 Zarate
304 2071 316 2102 ³
328 2080 380 2134 est
395 2071 543 2136 fratrum
556 2075 712 2136 omnium
724 2072 975 2152 confessarius;
991 2072 1192 2152 praefectus
1204 2074 1387 2154 ecclesiae,

162 2177 201 2242 P.
219 2177 368 2242 Pertusa
383 2177 406 2256 ³,
423 2180 483 2259 qui
497 2196 590 2242 nunc
605 2179 757 2260 primum
772 2181 817 2244 ad
832 2197 898 2243 nos
912 2199 931 2242 e
945 2181 1129 2244 Lusitania
1140 2182 1249 2256 venit;
1262 2181 1387 2244 debilis

162 2273 304 2348 defectu
318 2295 479 2362 naturae,
496 2285 594 2349 audit
608 2286 849 2351 confessiones
862 2287 1049 2351 interdum.
1066 2287 1147 2351 Duo
1159 2299 1239 2352 sunt
1251 2287 1388 2352 dumta-

161 2401 226 2454 xat
241 2392 455 2471 scholastici,
472 2393 532 2486 qpi
546 2395 817 2472 grammaticam
833 2395 989 2459 audiant.
1006 2395 1172 2459 Cauallar
1187 2397 1275 2458 alter
1289 2393 1312 2475 ⁴,
1326 2398 1387 2476 qui

161 2507 196 2561 et
211 2499 411 2562 ministrum
426 2500 536 2578 iuvat,
553 2499 716 2564 Ramirez
732 2500 744 2532 ⁵
758 2504 859 2580 alter,
876 2503 935 2582 qui
950 2503 1121 2566 hactenus
1136 2503 1266 2566 aeditui
1288 2503 1387 2566 mini-

148 2605 307 2668 sterium
322 2607 438 2670 subiit.
455 2607 659 2671 Bernardus
680 2606 704 2684 ⁶,
727 2610 787 2690 qui
810 2618 884 2673 tum
904 2595 1054 2690 popinae
1076 2619 1149 2672 tum
1169 2610 1387 2691 capellorum

159 2729 290 2776 munus
305 2723 458 2794 exercet,
474 2714 660 2796 Josephus,
676 2717 734 2796 qui
750 2716 936 2779 scribendo
949 2717 1105 2796 aliosque
1117 2716 1318 2781 comitando
1329 2733 1387 2780 oc-

160 2827 324 2898 cupatur;
340 2817 471 2883 Garcia
487 2821 678 2884 obsonator
694 2832 727 2885 et
742 2831 952 2903 procurator
968 2822 989 2897 '3
1008 2822 1128 2902 Galat,
1145 2840 1270 2887 recens
1285 2823 1387 2888 Com·

160 2926 247 3006 pluti
262 2926 445 3006 ingressus
460 2924 482 3004 ⁸,
500 2928 536 2990 in
551 2929 681 3008 popina
696 2937 892 2992 exercetur.
909 2929 1067 3008 Egidius,
1083 2932 1143 3010 qui
1159 2931 1265 2994 etiam
1279 2932 1386 2996 modo

160 3033 344 3112 ingressus
359 3043 412 3096 est
427 3033 472 3096 ad
494 3035 727 3098 ministerium
749 3035 948 3114 agibilium‚
969 3037 1207 3113 refectorium,
1230 3039 1384 3116 hortum,

160 3139 315 3203 vestium
340 3142 476 3218 cellam,
504 3141 690 3220 diligenter
715 3152 826 3206 curat.
854 3141 931 3220 Ego
956 3143 1063 3207 etiam
1088 3144 1179 3207 inter
1204 3161 1277 3224 eoa,
1303 3146 1386 3209 licet

159 3245 356 3322 abortiuuS,
373 3247 524 3311 ministri
540 3247 693 3312 officium
707 3265 805 3328 gero.

220 3352 313 3416 Ecce
334 3353 451 3432 Pater,
472 3372 555 3417 ecce
575 3355 625 3417 tui
645 3354 793 3435 Collegii
814 3357 885 3436 lllii,
903 3359 962 3436 qui
982 3367 1079 3421 tuam
1100 3360 1382 3423 benedictionem

158 3459 365 3539 deposcunt,
382 3459 442 3540 qui
456 3461 525 3523 tuis
540 3477 578 3524 se
594 3462 811 3525 orationibus
822 3471 856 3525 et
868 3463 1052 3527 sacrificiis
1063 3467 1300 3546 committunt,
1311 3483 1384 3530 non

157 3566 273 3628 solum
301 3565 371 3629 tuis
395 3567 458 3630 sed
484 3568 639 3631 omnium
664 3570 772 3632 etiam
796 3568 941 3634 Patrum
966 3588 1009 3634 ac
1037 3572 1188 3636 fratrum
1212 3580 1384 3654 quotquot

158 3673 263 3736 isthic
280 3673 423 3753 degunt,
440 3685 630 3755 petuntque
645 3677 690 3739 ab
701 3677 752 3740 eis
764 3678 952 3757 impetrent
963 3695 983 3740 a
994 3678 1147 3743 Domino
1160 3691 1199 3742 vt
1211 3697 1309 3743 suam
1322 3699 1384 3744 vo·

199 3967 209 4001 ¹
237 3967 361 4014 Haeresls
375 3971 529 4014 lutheranae
546 3972 644 4016 semlna
657 3973 760 4027 jactare
772 3972 872 4028 Hlspali
887 3975 1036 4029 inceperant
1054 3975 1099 4020 Dr.
1114 3975 1296 4022 Constantlnnu
1311 3977 1342 4022 de
1353 3978 1380 4022 la

156 4035 179 4079 F
182 4046 265 4092 trente,
276 4040 402 4094 Aegldlus
413 4049 438 4086 et
448 4043 502 4087 alli.
512 4043 579 4088 Vide
589 4043 730 4088 Manannaz
738 4055 755 4088 γ
766 4045 879 4098 Panare,
893 4045 1014 4090 Iirslorr'a
1025 4048 1058 4091 de
1070 4047 1109 4090 los
1117 4048 1297 4093 Helerodoxos
1307 4055 1383 4106 espa·

157 4108 239 4164 uoles,
249 4117 268 4154 t.
280 4122 307 4164 11,
318 4123 339 4155 c.
351 4123 385 4166 rx,
396 4111 567 4168 Sannvaltez,
578 4117 595 4158 l.
611 4127 633 4158 c.

198 4181 210 4214 ¹
236 4182 265 4227 P.
275 4183 425 4238 alphonsus
434 4185 464 4228 de
475 4185 580 4230 Zarate.

196 4253 207 4286 ³
233 4253 263 4296 P.
274 4253 448 4301 Gunnteatvus
459 4257 578 4302 Pertusa.
588 4258 655 4302 Vide
666 4269 752 4314 supra,
763 4267 782 4304 t.
792 4272 819 4315 11,
830 4272 888 4316 pag.
899 4262 933 4308 9⁴.

195 4327 207 4359 ⁴
234 4323 332 4370 Frater
341 4326 455 4372 Didacns
466 4329 496 4372 de
509 4329 642 4386 cavallar,
653 4332 832 4376 scholastlcns.

196 4396 208 4429 ⁸
234 4396 330 4442 Frater
339 4399 468 4444 Antonius
477 4399 606 4446 Ramlrez.

194 4467 206 4501 ⁸
231 4468 526 4526 vloesuprafflanoao.

194 4539 206 4572 ἵ
233 4539 272 4585 De
284 4542 325 4586 hls
334 4543 440 4594 duobus,
450 4544 563 4600 Josepho
573 4553 599 4590 et
610 4545 716 4600 Garcla,
726 4548 789 4592 nihil
800 4549 866 4592 certi
877 4551 1005 4594 affirmare
1016 4563 1158 4606 possumus,
1169 4565 1227 4599 cnm
1237 4567 1325 4601 eornm
1335 4569 1379 4601 no·

155 4611 225 4656 mina
235 4614 270 4657 ab
281 4613 321 4666 ils,
332 4614 374 4670 qni
385 4616 466 4660 fusius
475 4618 552 4673 hujus
562 4618 734 4664 Cordubensis
750 4619 858 4673 Collegit
874 4623 1000 4676 originem
1015 4633 1180 4680 enarrarunt,
1194 4630 1380 4682 praetermissa

154 4683 215 4728 sint.

192 4755 205 4787 ⁸
232 4755 277 4801 Fr.
287 4755 397 4802 Michael
406 4758 496 4816 Galar,
506 4761 718 4818 Pampllonensis.
729 4766 856 4820 Ponanco,
869 4767 1021 4820 Chronicon,
1031 4775 1049 4814 t.
1061 4782 1096 4823 ιν,
1106 4782 1166 4826 pag.
1176 4771 1224 4829 tut,
1234 4773 1352 4832 anubab.
