3368 5528
677 543 738 600 An.
761 542 830 602 b'tbb
1311 543 1366 602 535

133 686 280 750 bantur.
301 683 458 767 Singulis
472 687 596 752 diebus
611 689 646 752 in
663 688 848 752 refectorio
865 687 1011 752 habetur
1032 689 1173 766 concio;
1190 705 1259 768 qua
1276 689 1310 752 in
1327 706 1364 752 re

129 805 256 873 aperte
273 794 433 858 uidemus
448 809 579 876 quanta
595 811 681 858 cura
696 797 732 858 in
749 797 815 858 hac
828 797 973 860 minima
985 794 1162 859 Societate
1175 795 1306 859 tuenda
1319 813 1362 860 ac

131 899 385 980 amplificanda
398 919 419 963 a
433 901 506 966 Deo
519 903 740 966 adhibeatur:
753 919 898 966 cernere
910 901 1003 964 enim
1019 901 1157 978 iratres,
1172 901 1363 965 admodum

129 1007 165 1072 in
181 1008 358 1086 religione
374 1021 531 1089 tyrones
549 1019 646 1072 tanta
659 1011 702 1072 de
716 1009 791 1074 Deo
803 1008 971 1086 dicentes,
986 1009 1125 1072 nonnisi
1137 1025 1217 1070 cum
1233 1025 1362 1088 magna

129 1115 372 1180 admiratione
387 1117 513 1196 aliquis
528 1128 659 1196 potest:
676 1128 709 1179 ct
725 1117 803 1179 illos
817 1117 866 1179 ita
883 1135 902 1178 a
919 1117 1061 1196 propria
1084 1118 1265 1178 uoluntate
1281 1117 1362 1178 alle·

130 1239 210 1299 nos,
227 1223 282 1286 ita
300 1223 408 1286 animi
434 1223 641 1287 utilitatibus
662 1235 841 1300 vacantes,
858 1223 916 1302 qul
937 1225 1125 1298 intueatur,
1144 1239 1211 1284 non
1236 1221 1363 1300 poterit

130 1345 204 1391 non
227 1329 414 1393 manifeste
434 1329 555 1393 uidere
574 1329 669 1406 illud,
693 1330 869 1409 quondam
891 1329 1071 1409 discipulis
1096 1329 1241 1406 dictum,
1263 1328 1364 1390 nobis

128 1436 242 1498 etiam
259 1437 471 1516 promissum
486 1453 576 1500 esse:
595 1435 678 1515 Ego
697 1435 878 1498 vobiscum
893 1452 973 1497 sum
999 1451 1110 1515 usque
1135 1436 1182 1497 ad
1203 1451 1362 1497 consum·

131 1543 331 1606 matebnem
344 1542 490 1606 saeculi.

191 1647 277 1730 Ego
300 1649 451 1730 quidem,
475 1651 521 1712 mi
538 1649 652 1726 Pater,
680 1651 832 1730 ingenue
857 1648 970 1712 fateor
987 1638 1070 1712 mihi
1094 1649 1232 1728 penitus
1250 1650 1358 1736 verba

130 1755 276 1834 deesse,
288 1757 413 1838 quibus
427 1759 483 1821 uel
497 1773 672 1822 summam
686 1758 837 1836 illorum,
853 1775 943 1837 quae
959 1757 994 1820 in
1011 1757 1065 1819 his
1078 1759 1146 1820 tuis
1162 1758 1265 1820 nouis
1281 1755 1361 1819 filiis

129 1863 229 1942 (noui
245 1865 340 1928 enim
355 1881 436 1928 cum
450 1865 486 1929 in
497 1864 677 1945 religionis
692 1873 861 1946 tempore,
879 1875 953 1928 tum
962 1865 995 1926 io
1008 1859 1134 1926 a‘etatis
1150 1862 1251 1926 annis
1263 1867 1362 1938 sunt)

127 1970 250 2050 uideo,
268 1972 448 2052 explicare
462 1972 606 2053 possim:
622 1989 666 2035 ac
680 1973 711 2035 si
725 1971 925 2052 praeteritis
939 1971 1026 2034 meis
1045 1969 1262 2048 criminibus
1280 1989 1361 2034 con·

126 2087 183 2142 tra
199 2079 324 2142 omnia
338 2078 467 2142 tuentis
478 2095 520 2140 ac
537 2079 693 2157 regentis
707 2077 774 2142 Dei
789 2087 999 2158 potestatem
1020 2077 1195 2152 admissis
1218 2076 1360 2140 tristitia

126 2203 171 2250 ac
187 2184 316 2249 dolore
330 2183 498 2262 afficerer,
515 2185 720 2266 lachrymas
739 2185 919 2249 continere
934 2200 1004 2247 non
1016 2201 1167 2264 possem,
1185 2201 1265 2246 cum
1277 2186 1360 2246 mul·

128 2302 187 2356 tos
208 2291 366 2366 videam,
393 2309 481 2373 quos
505 2293 623 2373 aliqua
647 2292 825 2372 grauioris
850 2291 1007 2354 criminis
1032 2292 1170 2354 macula
1196 2307 1361 2371 aspersos

124 2398 314 2466 affirmare
330 2399 408 2479 quis
431 2410 529 2462 certo
555 2415 626 2462 non
651 2407 770 2479 posset
795 2398 840 2460 ob
866 2415 1038 2461 annorum
1058 2398 1295 2461 innocentiam
1316 2415 1359 2460 ac

122 2521 273 2584 morum
292 2505 541 2584 integritatem,
569 2505 657 2570 adeo
681 2505 789 2569 ueluti
814 2505 979 2568 maximis
1005 2506 1160 2585 peccatis
1185 2505 1359 2586 susceptis
1455 2533 1459 2544 ·

125 2612 216 2692 angi
229 2629 274 2674 ac
290 2613 452 2688 cruciari,
469 2613 559 2676 adeo
581 2611 799 2676 obedientiae
819 2611 1007 2686 subiectos,
1031 2620 1065 2674 et
1088 2613 1357 2675 constitutiones

124 2737 169 2783 ac
186 2729 455 2783 sacramentum
469 2719 644 2801 quoddam
664 2727 860 2782 seruantes,
877 2717 954 2781 Hoc
976 2735 1083 2781 unum
1106 2718 1196 2796 dico,
1219 2719 1294 2782 eius
1309 2719 1357 2782 di·

123 2828 252 2890 uiuam
269 2824 432 2904 indolem,
447 2828 505 2890 uel
519 2827 636 2907 potius
657 2826 834 2904 uirtutem,
856 2825 1039 2889 hominum
1060 2825 1163 2888 fidem
1184 2826 1356 2888 excedere

122 2952 167 2997 ac
183 2949 371 3014 superare,
387 2943 422 2997 et
437 2951 458 2996 a
473 2932 549 2996 Deo
566 2933 636 3009 illo,
653 2933 809 2996 omnium
826 2933 998 2995 bonorum
1018 2942 1174 3010 auctore,
1199 2932 1353 3010 fluxisse,

123 3057 239 3122 quam
255 3055 322 3120 ego
336 3049 387 3104 tot
402 3039 606 3104 criminibus
621 3039 798 3103 inuolutus
813 3039 992 3118 explicare
1004 3039 1148 3103 minime
1160 3057 1314 3120 possum.

186 3146 302 3211 Multa
318 3155 503 3226 praeterea
521 3145 557 3208 P.
578 3145 780 3208 Ludouicus
805 3146 998 3208 secundum
1017 3146 1118 3208 istius
1137 3145 1264 3210 domus
1283 3163 1355 3210 mo·

122 3271 205 3317 rem
218 3253 381 3330 instituit,
398 3252 595 3334 fratresque
610 3251 656 3316 ad
670 3252 706 3316 id
717 3253 847 3332 optime
864 3261 1094 3332 praeparatos
1110 3253 1255 3332 inuenit,
1272 3263 1305 3316 ct
1319 3255 1354 3317 in

122 3360 296 3440 incoepto
311 3360 525 3439 persisteret,
542 3360 610 3423 nisi
626 3377 647 3422 a
670 3358 775 3423 Patre
798 3359 952 3424 Doctore
968 3369 1113 3422 uocatus
1129 3373 1234 3423 esset:
1256 3362 1353 3424 illum

123 3468 172 3532 ad
193 3465 373 3531 Calendas
387 3466 612 3548 Septembris,
630 3484 699 3548 qua
714 3465 770 3530 die
784 3466 869 3530 anni
884 3466 1095 3546 principium
1116 3467 1151 3530 in
1168 3467 1233 3528 hoc
1250 3470 1352 3531 colle·

123 3576 189 3654 gio
212 3573 386 3638 celebrari
409 3575 509 3650 solet,
526 3583 766 3654 expectamus,
784 3573 883 3636 cuius
904 3572 1057 3636 aduentu
1077 3589 1147 3636 non
1171 3573 1353 3638 mediocri·

123 3693 181 3745 ter
205 3681 324 3744 omnia
340 3679 652 3756 confirmabuntur,
669 3681 769 3760 plura
786 3681 905 3756 etiam,
922 3687 1026 3759 prout
1040 3677 1117 3742 Deo
1132 3680 1295 3759 placebit,
1309 3680 1353 3744 de

123 3789 270 3867 integro
289 3786 383 3852 fient.

185 3893 360 3960 Omnibus
375 3895 666 3975 praeceptoribus
687 3896 753 3958 boc
775 3909 867 3956 anno
888 3891 1049 3957 Christus
1071 3893 1349 3959 misericordiam

119 4000 326 4082 impertitus
340 4009 405 4075 est,
419 4000 640 4082 ostenditque
656 4009 777 4082 aperte
792 4009 962 4080 quantum
983 4000 1180 4064 animorum
1201 4003 1350 4066 salutem

119 4107 362 4184 desideraret3
383 4123 466 4170 nam
485 4123 566 4171 cum
592 4108 725 4189 passim
743 4107 779 4170 in
794 4116 868 4170 tota
893 4105 1036 4170 ciuitate
1061 4107 1221 4171 homines
1242 4108 1350 4172 uariis

117 4213 258 4280 morbis
282 4222 497 4290 tenerentur,
524 4214 693 4296 nobisque
719 4213 898 4277 coniuncti
912 4213 1107 4291 domestici,
1133 4231 1222 4295 quos
1248 4215 1348 4278 colle·

117 4322 239 4404 grates
254 4321 484 4402 appellamus,
497 4336 578 4384 cum
594 4321 701 4402 aliqui
716 4319 844 4385 fratres
859 4321 964 4385 etiam
976 4325 1216 4400 aegrotarent,
1234 4324 1349 4386 nullus

118 4439 245 4493 temen
260 4427 401 4492 illorum
416 4427 451 4490 in
472 4428 632 4491 morbum
652 4427 785 4507 incidit,
806 4429 868 4492 sed
889 4428 1092 4507 grauissimi
1113 4430 1244 4491 laboris
1259 4445 1349 4492 onus

118 4535 194 4600 sibi
209 4533 412 4633 impositum
434 4550 567 4610 omnes,
591 4533 668 4598 Deo
693 4534 848 4612 iuuante,
869 4537 1120 4600 sustinuerunt.
1146 4535 1249 4600 Domi
1267 4545 1348 4599 octo

115 4643 254 4708 iratres
269 4651 468 4722 aegrotant:
491 4642 656 4723 quinque,
683 4642 952 4721 ingrauescente
978 4644 1113 4721 morbo,
1138 4653 1348 4708 nontamen

117 4750 214 4814 adeo
225 4758 264 4813 ut
275 4748 356 4812 inde
366 4757 705 4812 morsconsecutura
717 4747 890 4826 uideatur,
904 4761 1093 4828 nogentum
1107 4751 1238 4815 caeteri
1248 4769 1345 4830 uero,
1364 4761 1373 4797 ὲ
