3410 5528
362 507 418 572 &⁰
749 503 923 569 errrrrss
941 517 1212 576 oosonmssmss

363 655 598 720 cessationem
612 655 776 750 senserit;
792 673 873 720 cum
888 656 957 721 hoc
972 665 1103 737 tamen,
1120 656 1264 738 quando
1285 657 1318 720 ei
1338 674 1403 738 per
1423 655 1583 722 valetudi-

362 780 443 828 nem
458 763 540 828 licet
554 763 663 844 loqui,
679 763 771 828 inter
786 763 1043 830 institutionem
1057 779 1249 844 puerorum
1263 765 1300 828 in
1315 781 1421 828 sacra
1430 762 1583 828 doctrina

362 870 505 953 xpiane.
523 871 641 951 (quarn
666 872 828 935 omnibus
852 871 990 936 iestiuis
1014 871 1138 936 diebos
1161 880 1241 952 post
1266 871 1449 936 meridiem
1465 870 1584 951 aliquis

362 987 525 1043 nostrum
548 979 585 1042 in
611 978 762 1042 ecclesia
786 979 914 1043 maiori
935 978 1055 1057 habet)
1080 995 1152 1042 non
1173 979 1303 1043 desinit
1317 978 1472 1060 aliquam
1491 976 1583 1059 spiri·

273 1098 278 1106 ·
362 1086 494 1150 tualem
508 1085 750 1167 loquutionem
766 1085 909 1150 habere:
926 1086 999 1149 iam
1017 1093 1148 1166 autem,
1164 1085 1271 1151 dante
1292 1084 1383 1165 Deo,
1405 1085 1583 1150 conuaiue·

362 1201 444 1258 runt
458 1193 502 1257 de
516 1191 718 1258 infirmitate
732 1193 873 1272 iratres,
890 1203 924 1257 et
939 1209 1062 1258 omnes
1072 1191 1107 1256 in
1120 1191 1305 1258 sacrificiis
1318 1204 1355 1258 et
1368 1192 1584 1259 orationibus

362 1299 593 1365 Paternitatis
606 1299 704 1365 Tuae
719 1318 785 1366 nos
799 1299 978 1365 humiliter
993 1300 1294 1366 commendamus.

423 1407 518 1472 Data
532 1407 568 1471 in
582 1406 755 1473 Saniucar
770 1408 814 1472 de
828 1405 1058 1488 Barrameda,
1073 1408 1111 1472 31
1128 1407 1225 1488 Maii,
1242 1425 1336 1474 anno
1357 1419 1476 1474 autem
1500 1408 1582 1473 1556.

423 1515 478 1580 Ex
490 1515 738 1580 commissione
753 1515 870 1580 Patris
884 1514 943 1579 Mi
960 1515 1110 1599 Joannis
1123 1513 1235 1593 Pauli,

456 1679 460 1688 .
523 1621 562 1686 P.
580 1622 679 1686 Tuae
694 1621 961 1702 indignissimus
976 1623 1012 1686 in
1027 1619 1119 1704 Xpo.
1137 1623 1240 1700 filius

849 1839 1042 1922 nomm
1063 1855 1111 1905 os
1130 1839 1431 1914 Sarusrrrsrmm

425 2160 693 2245 superscriptio
707 2163 746 2225 in
760 2161 878 2226 altera
887 2161 1045 2243 pagina:
1058 2107 1146 2227 liis.
1166 2163 1210 2228 Al
1225 2180 1309 2245 muy
1323 2163 1401 2229 R.‘¹⁰
1418 2165 1533 2231 Padre
1544 2183 1585 2230 en

363 2269 447 2354 Jesu
462 2269 554 2352 Xpo.
568 2279 712 2333 nuestro
726 2269 837 2334 Senot
853 2271 885 2333 el
896 2267 933 2332 Ρ.
949 2267 1015 2358 Μβ
1028 2269 1184 2351 mocio,
1198 2272 1378 2352 preposito
1389 2275 1534 2353 general
1545 2272 1585 2336 de

365 2379 398 2441 io
415 2376 558 2457 Comp.⁸
572 2376 616 2440 de
630 2376 744 2459 Jesus,
761 2395 806 2440 en
819 2375 945 2440 Roma.

424 2483 508 2548 Alio
523 2500 647 2547 manu:
665 2482 751 2546 1556.
768 2480 952 2548 Saniucar.
968 2480 1253 2562 Quadrimestres
1273 2486 1311 2550 31
1336 2485 1430 2552 Maii.
1446 2487 1525 2569 †Q.
1540 2487 1584 2552 V.
