3368 5528
754 513 925 580 errnamr
942 533 1215 589 ouanarunsrans

482 999 672 1049 Praecedenteu
682 1003 809 1062 Alphonsl
820 1005 971 1052 llernnnrler
980 1007 1086 1052 litterae
1097 1017 1113 1051 a
1125 1006 1153 1052 P.
1164 1005 1276 1052 Polunco
1286 1005 1439 1052 murrae
1449 1003 1468 1050 ¹.

946 1164 1010 1324 Jis

427 1417 628 1488 Admodum
644 1421 721 1488 R.‘¹e
742 1421 858 1488 Pater.

427 1526 554 1593 Gratia
569 1538 604 1594 et
617 1547 690 1611 pax
701 1530 847 1612 Christi,
860 1541 928 1597 etc.
1024 1565 1035 1578 ·

432 1635 477 1700 Ui
491 1636 660 1702 exordiar
674 1637 719 1702 ab
734 1639 933 1706 animarum
948 1639 1121 1721 profectu,
1138 1639 1184 1704 ad
1198 1655 1301 1720 quern
1316 1653 1419 1702 omne
1434 1645 1582 1702 nostrum

366 1740 569 1822 consilium,
595 1745 752 1810 studium
776 1755 881 1827 atque
910 1745 1131 1826 diligentiam
1156 1745 1410 1811 conferendum
1435 1743 1583 1808 ducimus

367 1850 484 1928 quoad
499 1859 622 1916 nostra
636 1852 812 1933 fragilitas
826 1852 970 1933 patitur,
986 1854 1197 1919 medicinam
1208 1853 1277 1918 illis
1288 1851 1466 1916 salubrem
1477 1849 1584 1914 mlnn·

367 1962 430 2021 tur
439 1957 484 2020 iri
490 1964 619 2038 patres
635 1959 775 2040 afferre,
791 1960 1051 2026 confessionem
1065 1960 1231 2026 nimirum
1245 1974 1457 2040 sacramque
1470 1955 1583 2022 eucha-

367 2065 514 2145 ristiam,
532 2065 577 2130 ad
596 2083 704 2148 quam
724 2070 931 2134 sumendam
953 2069 1120 2151 frequens
1141 2068 1324 2133 hominum
1345 2082 1390 2130 ac
1411 2065 1583 2130 mulierum

366 2173 553 2238 multitudo
578 2174 623 2239 ad
649 2192 714 2240 nos
739 2176 900 2256 confiuit,
930 2187 1004 2241 tam
1028 2177 1150 2241 diebus
1174 2174 1325 2253 feriatiS,
1352 2191 1458 2256 quam
1482 2170 1583 2246 festis,

367 2280 653 2363 frequentiorque
673 2283 722 2362 (ut
742 2283 918 2362 existimo)
937 2283 976 2346 in
995 2283 1072 2348 dies
1092 2283 1250 2348 accedet.
1270 2281 1370 2348 Haec
1391 2281 1484 2346 emin
1502 2294 1585 2344 com·

368 2389 571 2453 municandi
585 2389 796 2470 frequentia,
813 2402 895 2455 ante
910 2390 1102 2456 aduentum
1116 2398 1276 2456 nostrum
1291 2405 1403 2471 prope
1425 2387 1583 2462 inaudita,

367 2495 552 2576 rigetium
567 2515 588 2560 a
602 2497 831 2580 plurimisque
845 2499 1017 2580 probatur
1032 2499 1161 2564 mirum
1176 2498 1212 2562 in
1224 2497 1379 2577 modum;
1391 2500 1586 2578 stupescunt
1666 2547 1667 2550 ,

368 2602 525 2684 plerique
540 2619 621 2668 cum
635 2603 757 2669 vident
772 2622 850 2684 nos,
867 2606 961 2668 nulla
977 2621 1039 2686 spe
1054 2605 1161 2686 pretii
1174 2614 1236 2670 aut
1250 2601 1425 2670 mercedis
1440 2600 1584 2676 adducti,

368 2709 648 2776 confessionibus
676 2713 825 2794 aliisque
853 2712 966 2778 solitis
995 2711 1183 2778 Societatis
1215 2721 1358 2776 nostrae
1393 2707 1585 2776 ministeriis

368 2835 517 2882 vacare:
543 2819 633 2882 adeo
657 2819 751 2883 enim
776 2820 957 2884 contraria
983 2820 1204 2885 consuetudo
1229 2819 1286 2883 hic
1309 2817 1532 2894 innnlnerai,
1554 2823 1586 2878 ut

368 2925 755 3007 nonnulliarbitrentur
770 2944 841 2990 non
857 2939 953 2990 recte
968 2936 1196 3008 peccatorum
1208 2926 1357 2992 nexibus
1368 2943 1407 2991 se
1418 2925 1584 2997 liberatos

367 3031 435 3095 nisi
450 3031 598 3112 pecunia
613 3033 864 3098 intercesserit.
882 3033 954 3098 Nec
969 3033 1096 3098 desunt
1110 3033 1171 3115 qui
1187 3033 1307 3098 dicant
1321 3033 1483 3098 crebrius
1497 3049 1533 3095 se
1547 3027 1585 3092 ad

367 3138 628 3203 confessionem
643 3156 864 3220 accessuros,
881 3141 911 3204 si
927 3143 1089 3222 pecunia,
1103 3157 1194 3222 quae
1210 3142 1299 3205 solui
1314 3143 1417 3218 solet,
1432 3139 1500 3204 illis
1513 3145 1586 3216 sup·

362 3251 517 3326 peteres·
539 3245 563 3310 ii
583 3262 680 3326 uero,
697 3247 841 3328 cognita
857 3249 894 3310 in
914 3247 980 3312 nac
996 3253 1105 3329 parte
1128 3248 1249 3313 nostri
1264 3246 1427 3312 instituti
1446 3244 1587 3320 rotrone,

366 3372 439 3436 non
455 3369 537 3417 raro
553 3353 775 3418 confitentur.
792 3353 865 3418 Nec
880 3357 996 3420 solum
1011 3355 1106 3419 domi
1122 3364 1184 3419 aut
1199 3355 1235 3420 iu
1246 3354 1398 3420 ecclesia
1409 3349 1586 3418 confessio·

368 3460 470 3524 nibus
496 3459 680 3525 audiendis
705 3469 873 3540 vacatur,
899 3461 962 3524 sed
984 3462 1028 3525 ab
1050 3461 1208 3542 aegrotis
1227 3461 1457 3542 etiam-saepe
1475 3459 1587 3524 Patres

368 3577 612 3636 accersuntur.
629 3567 889 3650 Nonnunquam
904 3578 938 3632 et
953 3568 997 3632 ab
1013 3568 1079 3647 bis,
1096 3567 1208 3649 quiin
1224 3566 1429 3643 triremibus
1447 3581 1585 3633 commo·

368 3685 503 3740 rantur:
520 3675 555 3738 in
571 3676 626 3739 his
640 3673 682 3738 R.
699 3674 737 3739 P.
753 3674 888 3739 Doctor
908 3676 1049 3754 Loarte,
1066 3675 1264 3740 accersitus
1276 3693 1298 3738 a
1316 3675 1427 3740 nobili
1446 3673 1587 3757 quodam

368 3800 412 3847 ac
437 3782 582 3861 insigni
603 3782 694 3860 viro,
720 3783 897 3862 integram
922 3783 1018 3847 vitae
1045 3784 1137 3847 illius
1161 3783 1290 3848 seriem
1315 3781 1355 3845 in
1379 3781 1587 3858 confessione

369 3889 516 3954 audiuit.
534 3889 635 3952 Idem
651 3907 754 3970 opem
769 3890 846 3953 tulit
861 3889 929 3953 alii
940 3890 1049 3954 nobili
1060 3891 1150 3968 viro,
1163 3891 1206 3954 de
1218 3890 1319 3954 cuius
1330 3889 1470 3954 animae
1481 3886 1587 3951 snlnle

368 3997 524 4062 omnium
537 3996 612 4060 fere
627 3997 776 4061 scientia
796 3969 1061 4077 desperabatur.
1085 3997 1175 4062 Nam
1195 4014 1279 4063 cum
1297 3997 1418 4062 multis
1440 3994 1587 4060 tentatio·

370 4121 453 4169 num
468 4103 632 4168 fluctibus
647 4122 668 4167 a
683 4102 855 4168 daemone
867 4103 1076 4184 agitaretur,
1090 4123 1133 4169 eo
1145 4103 1312 4170 redactus
1322 4095 1388 4184 est,
1401 4114 1440 4168 ut
1452 4110 1588 4168 mortem

369 4212 435 4276 sibi
450 4209 674 4277 consciscere
688 4212 904 4290 decerneret,
920 4211 1092 4292 optimum
1107 4213 1183 4277 fore
1197 4211 1266 4276 sibi
1280 4210 1499 4293 persuadens
1510 4223 1589 4274 mor·

370 4331 444 4384 tem
472 4327 660 4400 oppetere,
690 4335 734 4381 ne
761 4317 867 4382 toties
894 4318 1010 4382 Deum
1043 4317 1199 4398 peccatis
1234 4320 1440 4383 lacesseret.
1470 4317 1590 4384 Nactus

370 4427 479 4507 igitur
500 4425 654 4508 quadam
674 4423 730 4488 die
750 4425 987 4500 occasionem.
1003 4426 1100 4490 solus
1115 4425 1151 4488 in
1166 4424 1335 4490 abditiori
1349 4425 1477 4492 domus
1499 4433 1590 4506 parte

369 4535 484 4598 cultro
510 4532 682 4614 pennario
711 4532 925 4612 grauissima
951 4531 1018 4596 sibi
1044 4531 1191 4596 uulnera
1218 4531 1357 4597 inflixit.
1388 4533 1455 4598 Dei
1484 4544 1589 4597 tamen

409 4703 417 4737 ¹
448 4704 546 4757 Verba,
559 4704 660 4748 italicis
670 4703 865 4748 characteribus
882 4709 1128 4758 autumatque
1144 4714 1221 4750 mann
1236 4705 1341 4760 propria
1352 4705 1378 4750 ln
1394 4705 1548 4761 nrcbetypu
1557 4701 1590 4744 lit·

380 4787 441 4822 eras
452 4777 553 4822 induxit
566 4773 702 4822 Polancna.
