3472 5528
386 487 438 550 198
646 469 654 484 ’
758 490 930 550 Ltrrunaa
948 483 1218 560 oonbsutusraus

384 637 663 718 longanimitatis
679 639 843 703 ostendit:
859 637 923 702 fuit
939 639 1033 703 enim
1048 639 1108 719 qui
1124 656 1185 718 per
1201 637 1385 702 duodecim
1402 655 1516 702 annos
1531 638 1621 701 inte-

384 761 469 828 gros
485 762 569 810 vere
584 745 769 810 consessus
784 763 854 809 non
868 747 995 824 fuerat,
1012 746 1093 826 quia
1108 741 1144 808 in
1164 745 1320 809 animum
1339 746 1529 810 induxerat
1554 746 1621 808 ali·

386 869 455 933 qua
469 865 618 934 peccata
633 853 772 916 silentio
788 853 1025 934 supprimere:
1041 852 1107 918 fuit
1121 853 1227 931 alius,
1245 853 1303 934 qui
1318 870 1381 934 per
1400 853 1621 933 quatuorde·

387 959 456 1024 cim
470 977 582 1024 annos
597 977 636 1026 se
651 977 832 1040 nunquam
851 961 1053 1026 confessum
1072 961 1181 1027 fuisse
1201 961 1413 1038 testabatur,
1437 962 1530 1024 alius
1554 977 1623 1040 per

387 1081 549 1148 quatuor.
566 1057 749 1148 Quaedam
763 1069 899 1146 mulier,
916 1086 1006 1148 quae
1021 1085 1083 1148 per
1095 1069 1278 1134 duodecim
1291 1085 1405 1131 annos
1416 1068 1450 1129 in
1463 1049 1621 1147 peccato

387 1176 531 1238 mortali
542 1175 682 1238 detenta
694 1175 997 1256 retinebatur,per
1009 1173 1077 1238 Dei
1087 1177 1241 1255 gratiam
1253 1191 1375 1238 omnes
1386 1175 1421 1237 iu
1433 1185 1624 1254 posterum
1730 1201 1731 1218 .

388 1281 558 1362 peccandi
574 1283 782 1346 occasiones
797 1283 1005 1362 amputauit:
1023 1283 1122 1346 multi
1137 1283 1196 1345 alii
1211 1283 1451 1346 confessiones
1466 1298 1624 1360 genera·

388 1390 440 1454 les
454 1388 612 1454 lecerunt
635 1406 715 1453 cum
730 1389 886 1454 maximo
908 1390 1105 1453 animarum
1126 1406 1271 1474 suarum
1293 1389 1464 1469 prosectu.
1485 1387 1523 1450 P.
1549 1387 1623 1452 Re·

389 1505 468 1560 ctor
484 1497 492 1528 ⁴
508 1497 544 1560 in
559 1497 708 1576 singulis
722 1497 845 1561 diebus
863 1498 1048 1562 dominicis
1071 1499 1106 1560 in
1125 1497 1265 1577 publico
1290 1514 1436 1562 carcere
1459 1495 1627 1559 ciuitatis

389 1602 550 1669 detentos
571 1603 709 1682 visitat,
732 1621 862 1685 eosque
885 1605 1060 1670 coutinuis
1082 1605 1311 1668 concionibus
1332 1603 1536 1684 frequenter
1560 1605 1626 1668 ad-

389 1712 569 1786 hortatur,
592 1721 627 1774 et
647 1712 843 1776 inueterata
864 1714 1036 1794 nimisque
1054 1713 1216 1777 medullis
1236 1711 1343 1774 infixa
1360 1711 1440 1775 odia
1456 1711 1543 1774 iacit
1560 1699 1626 1776 ali·

285 1838 288 1844 ·
391 1819 532 1900 quando
558 1819 751 1882 dimittere:
778 1821 813 1882 in
832 1820 901 1883 hac
920 1821 1026 1884 etiam
1048 1819 1322 1900 quadragesima
1345 1835 1456 1900 nuper
1475 1831 1625 1894 exacta,
1730 1833 1731 1854 .

391 1927 527 2008 aliquas
542 1927 665 1990 habuit
680 1929 871 1990 conciones
885 1929 921 1990 in
936 1928 1071 1991 duobus
1091 1927 1230 2006 templis
1245 1924 1350 1990 huius
1370 1927 1537 1990 ciuitatis.
1556 1926 1628 1990 Pa·

391 2044 445 2098 ter
471 2035 578 2098 etiam
604 2033 745 2116 Gaspar
769 2035 980 2099 Hernaudez
1003 2034 1014 2064 ⁸
1041 2034 1251 2116 quibusdam
1279 2034 1465 2098 dominicis
1494 2034 1629 2096 diebus

390 2141 547 2206 eiusdem
561 2143 854 2224 quadragesimae
874 2143 909 2204 in
930 2143 1112 2223 oppidulo,
1137 2140 1230 2222 quod
1251 2139 1509 2205 Bellimarum³
1535 2141 1627 2206 dici·

389 2258 458 2328 tur,
476 2248 764 2312 concionabatur.
781 2247 819 2312 P.
836 2249 943 2312 etiarn
959 2249 1119 2312 Victoria
1135 2245 1146 2278 ⁴
1162 2265 1232 2310 non
1247 2247 1373 2310 multis
1388 2248 1431 2310 ab
1452 2247 1536 2310 inde
1551 2249 1629 2310 ἀίε-

390 2356 455 2418 bus
470 2373 577 2436 quam
591 2355 659 2418 huc
674 2373 712 2418 se
727 2355 876 2419 contulit
899 2355 921 2432 ³,
938 2356 1060 2418 habuit
1083 2366 1155 2418 tres
1172 2356 1360 2419 conciones
1383 2371 1513 2434 magno
1539 2373 1644 2434 curn,

391 2465 562 2545 applausu
577 2464 712 2544 populi:
729 2475 870 2527 caetera
892 2463 1026 2541 omnia,
1048 2481 1138 2545 quae
1161 2462 1205 2526 ad
1227 2481 1306 2526 eum
1328 2463 1515 2542 pertinent,
1541 2463 1628 2525 lon-

390 2571 471 2650 gius
486 2588 531 2634 ex
546 2571 620 2636 eius
636 2571 747 2636 literis
762 2587 969 2649 cognosces.
987 2569 1138 2634 Proinde
1154 2571 1241 2634 nihil
1257 2571 1381 2634 attinet
1394 2571 1546 2651 amplius
1561 2572 1630 2636 im·
1730 2563 1731 2624 Ψ

390 2679 537 2758 morari,
553 2680 713 2742 valcmus
728 2695 862 2754 omncs,
879 2688 951 2742 tam
971 2676 1095 2742 Patres
1115 2695 1221 2756 quam
1243 2678 1384 2754 iratres;
1409 2677 1553 2742 Christo
1580 2681 1630 2742 sit
1730 2687 1731 2692 ’

317 2829 326 2846 .
391 2786 553 2851 honoret
572 2786 698 2866 gloria.
1275 2853 1278 2860 ,
1730 2867 1731 2874 ¹

452 2892 580 2958 Sumus
594 2902 713 2958 autem
728 2909 873 2959 numero
889 2912 1010 2958 omnes
1030 2894 1314 2976 quatuordecim,
1331 2892 1453 2956 decem
1473 2891 1628 2971 iratres

390 3000 516 3064 Patres
529 3019 616 3065 vero
631 3011 793 3082 quatuor,
810 3003 870 3082 qui
885 3012 955 3066 ate
970 3002 1005 3066 id
1020 3003 1148 3066 obnixe
1160 3010 1294 3082 petunt,
1309 3011 1345 3063 ut
1357 2999 1392 3062 iu
1406 2999 1477 3062 tuis
1489 3001 1631 3064 oratio-

391 3107 494 3173 nibus
509 3108 622 3172 nostri
635 3109 842 3173 memoriam
858 3111 979 3188 facias,
997 3118 1030 3172 et
1041 3109 1200 3190 piissimo
1212 3108 1387 3170 seruatori
1401 3115 1525 3170 nostro
1537 3107 1628 3186 hoc,
1730 3135 1731 3170 l

391 3217 473 3280 licet
494 3216 661 3294 exiguum
678 3223 776 3278 tuum
791 3217 903 3295 ovile,
921 3216 1169 3280 commendare
1185 3231 1255 3278 non
1274 3214 1434 3290 desinas,
1452 3212 1632 3293 idipsum·
1730 3239 1731 3261 κ

392 3340 460 3404 que
474 3323 606 3386 uostris
625 3323 845 3386 charissimis
866 3323 902 3387 iu
924 3321 1065 3386 Christo
1087 3323 1169 3405 Jcsu
1192 3320 1357 3385 Patribus
1378 3319 1632 3402 fratribusque

393 3430 498 3494 isthic
520 3431 821 3494 commorantibus
847 3430 1023 3509 iniungaS,
1050 3442 1235 3494 uteorum
1261 3427 1482 3490 orationibus
1511 3429 1632 3494 adiuti
1730 3412 1731 3488 Ϊ

364 3596 367 3604 .
392 3529 628 3619 promptiores
639 3539 909 3618 viuacioresque
926 3537 1117 3600 efficiamur
1133 3536 1176 3599 ad
1192 3536 1437 3615 exequendum
1452 3537 1632 3618 quicquid

392 3655 518 3708 sancta
533 3645 841 3710 nobisiuiunxerit
864 3645 1073 3709 obedientia.
1098 3645 1201 3708 Faxit
1217 3644 1310 3707 idem
1326 3641 1502 3706 Dominus
1527 3653 1567 3706 vt
1593 3647 1632 3708 in
1730 3635 1731 3649 ¹

393 3754 566 3832 omnibus,
588 3770 678 3833 quae
700 3752 744 3816 ad
763 3753 799 3816 id
824 3753 1010 3832 pertinent,
1038 3751 1298 3814 sanctissimam
1325 3751 1402 3814 eius
1424 3765 1632 3829 agnoscere
1730 3741 1731 3816 J

332 3923 336 3931 ,
393 3861 614 3924 voluntatem
630 3860 815 3940 possimus
833 3876 992 3939 eamque,
1009 3858 1124 3939 quoad
1139 3857 1213 3920 fieri
1229 3858 1355 3937 possit,
1373 3857 1545 3936 operibus
1568 3859 1630 3922 ad·
1730 3843 1731 3933 ζ

394 3968 551 4048 implere.
568 3967 664 4030 Bene
679 3969 758 4030 vale
774 3966 810 4029 iu
825 3965 968 4030 Christo
983 3965 1077 4046 Jesu.
1730 3955 1731 3977 ¹

395 4186 605 4196 ..—

437 4318 448 4352 ¹
475 4319 504 4362 Ρ.
515 4317 619 4373 Gaspar
629 4316 660 4362 de
672 4317 802 4362 Acebedo.

437 4389 449 4422 ⁸
476 4389 533 4443 lpse
545 4390 694 4433 litterarum
703 4387 825 4441 scriptor.

437 4461 448 4492 ⁸
475 4461 604 4514 villimar,
615 4461 675 4504 ollm
686 4459 764 4503 etlam
775 4460 873 4504 dictum
881 4457 1013 4504 Belllmar.

436 4533 448 4568 ί
475 4532 502 4576 Ρ.
514 4532 625 4585 Joannes
636 4532 666 4575 de
677 4531 804 4576 Victoria.
815 4531 881 4575 Vide
894 4529 989 4575 Certus
998 4531 1031 4575 de
1042 4531 1097 4575 San
1108 4531 1227 4585 lgnacto,
1235 4537 1254 4575 t.
1266 4541 1301 4582 vr,
1312 4542 1374 4584 pag.
1385 4531 1424 4574 195
1434 4537 1459 4574 et
1472 4530 1519 4574 19⁶.

437 4605 448 4637 Ι
475 4603 661 4648 praecedentia
677 4605 765 4653 verba,
782 4602 880 4648 italicis
894 4603 983 4648 verbis
997 4609 1096 4656 notata,
1107 4615 1156 4646 non
1171 4610 1228 4646 sunt
1246 4603 1270 4645 in
1286 4602 1450 4656 autographo
1468 4603 1568 4654 deleta,
1582 4609 1634 4651 sed
1730 4635 1731 4649 .

398 4682 500 4723 tantum
509 4676 604 4720 lineam
615 4676 711 4720 babent
721 4675 789 4718 inira
801 4675 913 4728 ductam,
924 4682 950 4718 et
961 4687 1038 4729 super
1047 4675 1178 4726 illmhaec,
1187 4676 1277 4726 ignota
1289 4679 1486 4718 manucxaratn
1495 4676 1633 4728 leguntur:

400 4748 483 4791 intuito
491 4751 551 4802 post
562 4758 641 4790 suum
649 4747 685 4789 ad
696 4757 743 4789 nos
755 4747 910 4789 aduentum.
