3436 5526
392 473 449 536 648
863 480 1038 540 Areannrn
1057 495 1160 540 aaran

386 597 460 687 ¹con
474 623 595 704 agiuto
610 622 646 687 di
658 626 757 702 altre,
771 633 805 687 et
820 625 909 688 altre
920 624 1082 704 agintate
1098 625 1133 689 in
1148 626 1248 690 varie
1263 626 1439 690 necessita
1453 613 1594 708 spiritua·

394 731 429 794 ii.
451 729 523 794 Tra
538 739 660 812 queste
675 730 712 794 iu
727 749 810 810 vna,
834 730 984 812 cheper
1005 733 1105 796 molti
1119 733 1237 813 giorni
1254 749 1327 796 non
1339 750 1523 813 magnaua,
1538 735 1591 795 alia

395 840 497 919 quale
512 847 643 901 vennto
659 839 683 902 ii
700 838 735 902 P.
762 835 808 900 hi.¹
830 837 1008 916 Cornelio,
1031 839 1182 903 comerio
1202 839 1343 903 rihauta
1366 858 1388 904 a
1408 855 1556 920 magnar;
1568 847 1594 900 et

394 947 485 1009 altra
499 943 729 1010 escusandosi
751 946 816 1008 che
835 962 907 1008 non
929 954 1060 1026 poteua
1079 947 1135 1010 iar
1160 963 1207 1010 vn
1227 946 1373 1010 minimo
1395 947 1544 1026 gigiuno,
1560 951 1595 1008 ne

394 1051 508 1132 patire
519 1050 989 1131 minimacosuza‚irapochi
999 1051 1128 1131 giomi,
1137 1053 1400 1133 perseuerando
1412 1053 1597 1118 confesarse
1673 1095 1674 1118 r

395 1168 429 1220 et
440 1158 650 1222 smenticata
662 1155 752 1220 della
764 1159 913 1222 nobilita
924 1167 959 1222 et
970 1175 1035 1222 sua
1046 1157 1252 1237 delicateza,
1267 1175 1307 1222 se
1319 1160 1341 1222 ’1
1352 1159 1531 1224 coniesore
1542 1177 1598 1222 non

394 1266 429 1328 la
445 1264 641 1338 moderase,
657 1263 749 1327 faria
765 1265 877 1328 escesi
892 1265 928 1328 in
943 1266 1146 1346 penitentie.

455 1369 626 1435 Anchora
646 1388 718 1434 vna
746 1370 910 1434 Matrona
933 1372 1059 1449 nobile,
1089 1389 1153 1454 per
1177 1373 1243 1436 dar
1267 1389 1377 1453 segno
1403 1373 1493 1438 della
1511 1373 1595 1436 deuo·

396 1480 492 1542 tione
513 1477 602 1540 delle
622 1478 748 1556 donne,
764 1477 890 1558 poiche
911 1496 932 1541 a
954 1489 1078 1560 questo
1100 1479 1370 1560 ragionamento
1390 1481 1502 1544 siamo
1520 1481 1601 1544 diue·

396 1584 483 1658 nuti,
500 1584 649 1648 essendo
665 1585 773 1648 molto
791 1583 934 1648 disuasa
959 1585 1017 1648 dal
1041 1603 1106 1649 suo
1132 1587 1259 1650 marito
1284 1596 1320 1649 et
1345 1593 1512 1650 reuocata
1525 1587 1597 1650 delle

393 1698 514 1754 nostre
529 1688 708 1770 prediche,
722 1690 925 1755 laudandoii
939 1691 1047 1755 molto
1062 1692 1086 1754 il
1100 1692 1323 1771 predicatore
1338 1693 1403 1756 che
1415 1695 1486 1774 egli
1500 1692 1603 1769 vdiua,

394 1799 420 1862 li
430 1799 567 1878 rispose
578 1814 644 1863 con
656 1796 829 1861 modestia
845 1806 954 1876 certo,
968 1815 1025 1860 ma
1040 1805 1277 1862 acutamente:
1295 1799 1445 1880 “perche
1462 1797 1603 1878 adunque

400 1905 471 1984 voi,
488 1920 588 1968 come
612 1903 658 1979 io,
675 1921 746 1967 non
770 1913 904 1968 mutate
924 1905 959 1967 in
985 1905 1113 1982 meglio
1128 1906 1163 1969 la
1188 1905 1262 1968 vita
1279 1905 1390 1984 vrai„
1418 1905 1463 1970 Et
1483 1907 1605 1986 sogion-

397 2011 515 2093 gendo
544 2011 631 2074 dise:
667 2011 843 2075 “anchora
869 2012 934 2075 che
961 2011 1165 2092 piouessero
1186 2014 1321 2093 pietre,
1344 2030 1417 2077 non
1436 2014 1564 2078 lassato
1580 2013 1606 2074 le
1675 2065 1676 2080 r

397 2118 565 2199 prediche
581 2118 617 2181 di
631 2116 698 2181 S.to
722 2116 901 2197 Nicoma„

457 2224 510 2289 Ne
524 2201 718 2288 solamente
740 2224 751 2286 i
770 2225 909 2303 volgari
933 2223 965 2288 ci
986 2243 1074 2288 sono
1100 2225 1315 2290 affectionati
1341 2244 1404 2307 per
1430 2227 1544 2307 gratia
1562 2224 1606 2286 del

398 2332 485 2411 S.⁰¹‚
503 2349 561 2396 ma
575 2332 588 2395 i
601 2332 691 2396 dotti
706 2333 876 2410 anchora,
892 2341 927 2396 et
943 2333 1109 2412 religiosi.
1128 2333 1288 2397 Hauemo
1312 2334 1421 2397 hnuto
1444 2351 1506 2415 per
1519 2334 1604 2396 alcun

398 2451 515 2520 tempo
530 2438 555 2502 li
565 2438 807 2502 francischani
819 2440 1018 2503 osseruanti
1031 2441 1199 2504 taimente
1214 2441 1384 2504 contrarii
1405 2441 1472 2504 che
1494 2441 1522 2504 si
1535 2438 1605 2502 sior·

399 2562 536 2610 zauano
552 2562 734 2609 remouere
760 2547 794 2608 la
814 2555 921 2624 gente
935 2545 1029 2608 daila
1044 2557 1167 2609 nostra
1190 2546 1324 2626 chiesa;
1349 2547 1440 2610 hora
1461 2547 1496 2612 di
1518 2543 1603 2609 modo

398 2670 486 2716 sono
501 2653 636 2730 mutati,
664 2653 730 2715 che
746 2653 771 2716 ii
792 2653 975 2733 superiore
1000 2652 1055 2716 del
1072 2655 1148 2716 loro
1171 2654 1401 2734 monasterio,
1424 2655 1489 2718 che
1502 2654 1546 2717 ini
1559 2668 1605 2714 an·

399 2760 510 2824 chora
525 2758 681 2842 predica,
697 2760 802 2840 pochi
816 2760 934 2838 giorni
949 2761 1071 2824 auanti
1083 2760 1285 2841 piangendo
1299 2761 1471 2826 essortoil
1482 2759 1604 2842 populo,

399 2877 535 2931 mentre
550 2867 753 2948 predicaua,
775 2887 796 2930 a
816 2866 1020 2946 frequentat
1044 2869 1078 2930 la
1104 2847 1387 2946 chiesa'nostra,
1416 2869 1521 2932 molto
1542 2880 1606 2946 par·

398 2973 505 3037 lando
521 2974 557 3036 in
575 2972 655 3035 lode
670 2974 761 3036 della
783 2983 904 3037 nostra
927 2972 1081 3052 Comp.⁸,
1109 2973 1222 3036 sinoa
1248 2973 1325 3038 dire
1352 2975 1419 3039 che
1444 2973 1535 3038 lddio
1548 2969 1605 3035 nai

398 3081 515 3144 hauea
527 3079 718 3144 manchato
733 3081 802 3143 alla
822 3097 887 3144 sua
902 3079 1035 3160 chiesa,
1063 3090 1096 3144 et
1115 3081 1205 3144 hora
1224 3081 1357 3144 hauere
1381 3082 1546 3146 ordenato
1563 3094 1603 3140 re·

312 3187 320 3202 '
399 3197 561 3251 staurare
579 3185 587 3218 ¹
604 3187 627 3250 ii
642 3185 772 3250 mondo
787 3203 850 3267 per
865 3196 991 3267 questa
1002 3187 1144 3268 Comp.²
1156 3185 1183 3251 il
1194 3188 1389 3252 medesimo
1403 3187 1543 3252 testifica
1553 3183 1607 3246 che

399 3295 502 3374 quasi
517 3293 562 3356 da
578 3295 667 3356 altre
681 3310 832 3373 persone
857 3294 880 3356 ii
895 3311 960 3358 suo
985 3294 1202 3358 monasterio
1218 3300 1324 3358 none
1345 3296 1535 3376 proueduto
1552 3289 1606 3352 che

399 3401 446 3464 da
461 3401 573 3482 quelle
589 3401 654 3463 che
669 3416 815 3479 apresso
835 3399 870 3462 di
881 3401 940 3463 noi
959 3399 1201 3480 frequentano.
1219 3399 1264 3464 Et
1284 3410 1383 3480 certo
1398 3401 1464 3466 che
1477 3400 1608 3463 douemo

401 3509 510 3572 molto
526 3507 704 3586 regratiar
717 3508 752 3570 ia
764 3505 894 3571 Diuina
906 3505 1069 3587 Magesta
1087 3507 1123 3571 di
1138 3507 1206 3571 Dio
1231 3525 1311 3571 nro.
1338 3507 1407 3572 81²
1431 3525 1492 3589 per
1510 3504 1567 3568 che
1579 3509 1609 3563 et

401 3616 469 3679 alle
484 3614 685 3692 elemosine,
701 3623 737 3676 et
751 3631 772 3676 a
788 3623 875 3678 tutte
890 3616 922 3677 le
938 3613 1053 3677 buone
1069 3631 1176 3694 opere
1191 3630 1281 3677 sono
1301 3616 1410 3678 molto
1430 3611 1566 3686 escitati,
1580 3615 1607 3669 et

401 3723 438 3786 in
452 3721 566 3802 quelle
581 3703 866 3801 diligentemente
880 3719 911 3784 si
925 3720 1134 3818 esercigano.

461 3828 560 3892 Hora
574 3826 725 3892 iacendo
740 3827 808 3890 fine
822 3842 935 3907 prego
950 3828 983 3889 la
998 3827 1185 3890 clementia
1200 3825 1237 3889 di
1251 3825 1450 3892 Gesuchro.
1466 3841 1535 3890 nro,
1551 3819 1607 3884 81³

403 3935 468 4000 che
484 3935 516 3999 ci
530 3933 678 4016 perdoni
693 3935 724 3997 le
739 3936 845 3998 molte
859 3942 980 3997 nostre
991 3933 1221 4014 negligentie,
1233 3950 1297 4014 per
1312 3934 1345 3997 le
1356 3935 1465 4015 qualii
1478 3933 1606 3996 haueno

403 4043 440 4104 in
454 4042 591 4123 grande
605 4041 765 4105 maniera
780 4041 970 4104 manchato
982 4041 1088 4103 aisuo
1100 4039 1222 4104 diuino
1234 4039 1392 4120 seruitio,
1409 4032 1607 4105 facendoselo

403 4149 534 4212 sentire
549 4150 607 4211 nel
632 4165 751 4227 cuore,
768 4156 802 4211 et
824 4147 977 4211 dandoci
997 4146 1116 4226 gratia
1141 4147 1178 4210 di
1202 4147 1335 4210 sentire
1356 4147 1607 4227 periectamente

404 4255 471 4319 che
486 4255 598 4318 siamo
614 4255 709 4318 serui
725 4254 849 4334 invtiii,
867 4253 968 4318 accio
990 4271 1057 4317 con
1072 4271 1159 4316 vera
1174 4253 1336 4317 humilita
1361 4255 1392 4317 si
1412 4249 1607 4334 disponiamo

404 4380 466 4443 per
493 4363 513 4425 i’
541 4361 710 4425 hauenire
726 4377 747 4424 a
761 4360 816 4424 sar
832 4379 899 4424 con
914 4369 1006 4426 tutta
1021 4359 1204 4439 diligentia
1220 4369 1354 4440 quanto
1366 4361 1506 4442 piacera
1523 4363 1607 4420 asna

404 4571 604 4589 fi——a

445 4713 454 4746 ¹
483 4715 658 4756 rosianarare
669 4713 766 4756 hahere
777 4719 818 4755 sat
828 4711 962 4766 perspicue
971 4709 1075 4753 videtur
1083 4705 1284 4760 nutozraphnm.
