3436 5526
423 531 480 592 666
894 537 1071 596 Arrrrnrx
1090 549 1192 594 ornis

424 677 543 760 quello
558 677 623 742 che
637 695 678 744 sa
703 678 750 742 V.
777 678 818 743 R.
845 685 928 743 sarii
953 681 1015 760 pio
1035 679 1181 743 seruitio
1201 677 1238 742 d'
1257 676 1370 758 Iddio;
1390 677 1572 759 imperoche
1591 675 1617 737 io

424 801 606 866 cognosco
625 784 690 849 che
705 783 751 850 V.
768 785 810 850 R.
827 797 862 850 et
876 787 900 850 li
915 787 998 851 miei
1016 785 1022 817 ¹
1039 786 1215 866 superiori
1228 787 1339 849 molto
1353 801 1562 866 sparennono
1572 779 1581 812 ⁸
1591 791 1617 843 et

427 893 547 956 hanno
566 889 728 972 grande¹
757 909 844 957 cura
864 893 955 956 delio
974 893 1047 957 mia
1066 893 1201 972 sanim
1224 896 1265 956 so
1287 892 1404 956 niente
1423 891 1550 956 dimeno
1567 887 1616 951 che

425 1007 517 1062 tutto
531 1006 664 1080 quanto
679 997 787 1063 fanno
802 1005 822 1062 c
836 1016 899 1080 per
914 999 1165 1063 commissione
1179 1009 1214 1063 et
1224 999 1372 1064 volunta
1386 998 1444 1063 dei
1458 997 1519 1063 Si⁸
1532 994 1615 1070 iddio,

425 1106 450 1170 ii
465 1107 569 1188 quale
585 1105 618 1169 ci
631 1104 691 1169 dia
709 1105 746 1168 in
765 1105 835 1170 tale
856 1105 962 1170 modo
978 1105 1165 1186 adimpirlo
1180 1105 1246 1169 che
1266 1121 1406 1185 sempre
1427 1101 1616 1170 restiamoin

423 1212 543 1292 gratia
558 1229 635 1277 sua.
652 1211 778 1276 Amen.

486 1317 541 1383 De
555 1319 727 1398 Monreai,
744 1319 804 1382 alii
818 1319 838 1382 9
852 1318 896 1382 de
910 1319 1039 1401 Jugnio
1062 1319 1150 1383 1553.

1163 1425 1218 1489 De
1236 1425 1282 1489 V.
1305 1424 1347 1489 R.
1372 1424 1410 1492 P.

484 1532 733 1614 indignissimo
749 1541 783 1596 et
797 1532 1021 1598 inutilissimo
1036 1548 1142 1596 seruo
1156 1534 1213 1595 nel
1228 1528 1296 1595 Ss‘
1311 1549 1389 1596 nro.
1405 1531 1487 1614 Jesu
1500 1526 1552 1594 X?

1089 1745 1283 1812 Bassiano
1306 1745 1486 1812 Ouusmo.

483 2067 749 2149 Superscn'ptio
774 2067 813 2129 in
837 2072 969 2146 quarta
990 2065 1154 2147 pagina:
1175 2067 1202 2146 †
1221 2064 1268 2130 Al
1292 2067 1402 2131 molto
1426 2063 1498 2130 Rio
1516 2065 1547 2127 in
1566 2055 1613 2122 X·⁰

391 2248 397 2262 ι
423 2176 462 2240 Ρ.
492 2177 517 2239 il
543 2174 658 2239 Padre
686 2174 733 2258 M.
763 2171 902 2253 Ignatio
931 2174 974 2238 de
1002 2173 1139 2255 Loyoia
1166 2172 1352 2254 Proposito
1380 2172 1518 2253 general
1541 2165 1609 2232 della

423 2282 564 2362 Comp.i
578 2282 622 2346 de
636 2280 721 2362 Jesu
736 2281 772 2344 in
787 2279 912 2344 Roma.

490 2388 688 2468 Vestigium
708 2403 808 2449 cerae
827 2385 959 2464 si'griii.

460 2593 469 2626 Ι
494 2592 572 2655 ¹Prius
582 2591 707 2646 scriptum
717 2595 775 2634 erat
784 2592 850 2634 iiiiii
859 2590 881 2634 ii
890 2591 966 2634 miei.

458 2666 470 2697 ¹
497 2664 540 2709 Sic
550 2664 684 2720 perspicue
694 2663 719 2706 in
730 2673 776 2707 mr.
784 2664 894 2717 positum
904 2661 1024 2708 fortassis
1035 2673 1081 2717 pro
1093 2663 1286 2716 risparmiano.

457 2737 469 2768 ἱ
496 2735 545 2781 Ubi
556 2746 622 2780 nunc
632 2741 671 2779 est
682 2734 795 2790 grande,
805 2734 948 2790 scripserat
957 2735 1039 2790 primo
1051 2733 1182 2780 oliverius
1193 2737 1296 2788 troppo.
