3382 5528
640 541 703 602 Aa.
724 541 796 602 1556
1275 541 1327 605 ast

110 687 260 768 populus
285 685 451 767 rudisque
473 683 640 765 juventus
663 685 844 750 Christum
869 686 1030 766 imbibat,
1053 695 1211 768 tempore
1233 688 1279 752 ad
1301 688 1336 752 id

107 811 210 858 mane
223 802 357 858 statuto
372 791 410 856 Ρ.
426 791 586 857 Mironus
601 793 834 858 concionibus
849 793 922 858 suis
936 794 1075 858 turbam
1090 793 1183 858 hanc
1195 795 1240 858 ad
1256 813 1334 859 coe·

107 901 207 966 iestia
227 901 401 979 hortatur,
423 909 464 964 vt
484 899 643 964 dolorem
665 918 710 964 ex
730 899 847 965 Patris
865 899 1028 965 Ramirez
1049 902 1208 966 discessu
1230 901 1336 966 altius
1414 977 1419 988 ,

109 1017 318 1090 conceptum
334 1007 517 1071 diminuat.
533 1006 681 1088 Insuper
700 1005 745 1070 ad
764 1006 954 1071 confitendi
968 1008 1131 1089 peritiam
1150 1010 1260 1090 probe
1279 1025 1335 1073 co·

109 1115 360 1196 gnoscendam,
377 1123 415 1178 ut
430 1114 490 1178 alii
506 1114 550 1179 ad
565 1129 645 1178 eam
660 1113 726 1178 rite
740 1113 946 1194 formentur,
960 1115 1217 1196 praelectiones
1231 1133 1333 1196 quae·

109 1223 187 1288 dam
203 1223 322 1302 (casus
336 1221 575 1286 conscientiae
588 1223 731 1298 vocant)
746 1219 911 1286 Patribus
922 1240 964 1285 ac
978 1221 1122 1304 reliquis
1137 1221 1182 1286 ad
1197 1223 1266 1287 hoc
1276 1241 1333 1288 ne·

109 1331 243 1410 gotium
258 1327 537 1393 accommodatis
547 1337 782 1409 exponuntur.

158 1435 369 1517 Recepimus
383 1451 496 1516 nuper
511 1433 546 1497 in
567 1444 727 1499 nostrum
743 1436 1010 1500 contubernium
1028 1432 1205 1518 juvenem,
1227 1438 1334 1503 diale-

109 1545 215 1608 ctices
226 1551 332 1625 atque
344 1541 587 1623 philosophiae
596 1541 692 1606 baud
704 1543 901 1622 vulgariter
912 1543 1087 1608 eruditum
1096 1555 1129 1610 et
1141 1545 1177 1608 in
1186 1544 1273 1610 bene
1286 1547 1334 1610 di-

110 1651 208 1716 cendi
222 1650 391 1714 facultate
405 1666 476 1714 non
490 1648 716 1714 mediocriter
727 1649 972 1729 exercitatum,
986 1651 1042 1714 cui
1057 1651 1108 1716 rei
1123 1663 1333 1731 argumento

110 1777 149 1823 ea
163 1757 317 1836 suerunt,
338 1773 428 1838 quae
449 1754 584 1836 ingenii
601 1755 812 1837 explorandi
833 1771 943 1820 causa
963 1756 1011 1822 illi
1031 1758 1241 1838 explicanda
1256 1777 1334 1840 pro·

111 1865 302 1947 posuimus:
324 1872 487 1957 tenentur
507 1872 542 1927 et
563 1862 623 1927 alii
644 1880 715 1928 nou
735 1864 841 1944 pauci
856 1863 979 1928 eadem
1000 1881 1098 1943 cura,
1122 1882 1211 1946 quos
1230 1863 1335 1930 Pater

111 1971 268 2037 Mironus
282 1970 373 2034 mira
389 1969 543 2052 quadam
557 1969 767 2034 dexteritate
782 1971 891 2035 veluti
907 1971 1023 2051 lapide
1037 1971 1133 2052 lydio
1146 1972 1283 2052 probat,
1297 1983 1334 2037 ut

111 2079 346 2159 postmodum,
361 2094 425 2160 per
443 2077 565 2141 varias
584 2079 746 2158 repulsas
768 2079 931 2142 examine
953 2078 1060 2158 sacto,
1084 2079 1193 2143 tutius
1212 2079 1334 2146 admit-

111 2197 239 2252 tantur.

169 2293 279 2359 Multo
295 2295 396 2375 plura
412 2291 516 2374 hujus
530 2293 684 2374 generis,
701 2303 734 2358 et
749 2293 1003 2374 propemodum
1017 2295 1212 2375 innumera,
1228 2296 1335 2360 scribi

114 2410 268 2482 possunt,
285 2401 413 2482 quibus
427 2417 471 2464 ne
485 2399 520 2462 in
533 2398 666 2479 justum
679 2401 845 2464 volumen
860 2399 949 2464 haec
963 2401 1112 2482 epistola
1127 2419 1335 2468 excrescere

114 2507 285 2588 videatur,
311 2517 385 2571 tum
410 2525 454 2570 ne
473 2507 621 2570 molesta
647 2507 835 2571 dicacitate
856 2507 954 2572 Tuae
978 2507 1207 2574 paternitatis
1231 2527 1335 2575 aures

112 2613 298 2692 offendam,
315 2611 539 2694 supersedeo.
556 2612 652 2676 Velit
666 2612 776 2690 Deus,
792 2624 831 2678 ut
852 2631 897 2677 ex
916 2615 983 2678 hac
998 2615 1073 2679 vita
1095 2616 1135 2680 in·
1145 2620 1334 2682 coelestem

112 2721 206 2786 illam
221 2721 408 2786 vnauimes
422 2737 465 2784 ac
480 2719 676 2784 concordes
690 2722 881 2786 euolemus.
1319 2743 1321 2748 ’

168 2827 396 2893 Orationibus
410 2825 508 2891 Tuae
523 2825 754 2892 Paternitatis
767 2828 920 2894 maxime
932 2828 1009 2894 Deo
1024 2834 1264 2898 commendari
1276 2849 1334 2898 ex·

110 2936 298 3016 poscimus.

288 3041 490 3120 Valentiae,
506 3051 636 3106 octavo
650 3042 730 3108 idus
744 3041 839 3124 Sept.

509 3147 606 3214 Tuus
622 3149 657 3214 in
673 3149 815 3214 Christo
830 3150 933 3231 lilius,

910 3366 1092 3433 Canacen.

170 3681 437 3766 Superscriptrb
457 3701 496 3748 m
515 3689 624 3750 sexta
637 3686 797 3768 pagina:
818 3691 840 3763 i
858 3687 904 3754 Al
924 3705 1008 3771 muy
1030 3687 1107 3754 Ra,
1126 3709 1171 3756 en
1192 3691 1334 3757 Christo

111 3785 225 3855 Padre
247 3793 281 3856 el
307 3790 346 3856 Ρ.
371 3789 464 3854 M.²¹⁰
486 3791 623 3873 ignatio
645 3795 696 3860 de·
711 3795 847 3878 Loyola
868 3797 1047 3878 preposito
1068 3801 1213 3878 general
1235 3797 1278 3862 de
1299 3801 1334 3861 la

111 3893 306 3978 Compania
320 3898 364 3962 de
377 3899 492 3981 Jesus,
509 3917 554 3966 en
568 3899 692 3967 Roma.

170 4002 254 4068 Alr'a
268 4022 394 4070 manu:
411 4004 498 4070 1556.
513 4005 711 4074 Valentiae.
727 4009 864 4075 Octauo
879 4011 961 4076 idus
975 4009 1202 4092 Septembris
1219 4012 1261 4092 Q.
1274 4015 1296 4088 †

181 4107 379 4192 Vestigium
391 4127 493 4180 cerae
505 4115 635 4196 sr'gr'lli.
