3410 5528
606 531 670 594 Au.
693 527 765 592 1556
812 581 814 584 .
1243 529 1293 590 aot

92 679 266 760 suetudine,
280 698 403 747 ornnes
417 680 608 760 insaniunt,
625 696 759 760 eorum,
773 681 833 760 qui
846 679 1027 761 personati
1040 688 1112 744 tota
1130 677 1216 742 urbe
1228 679 1296 743 dis-

1 807 2 810 *
93 790 279 867 currebant,
306 789 447 870 plurimi
471 789 591 853 laruas
619 787 687 852 sibi
711 787 964 867 detraxerunt,
990 803 1070 851 cum
1099 785 1192 850 hanc
1217 786 1296 850 bae·

1 975 2 978 Ἴ
93 895 203 960 chandi
216 896 408 975 licentiam,
424 912 497 959 non
511 905 584 960 tam
599 913 644 960 ex
664 895 939 959 christianorum
959 895 1142 958 hominum
1162 893 1298 956 institu-

1 983 2 988 '
93 1011 133 1080 to,
147 1019 244 1084 quam
263 1003 372 1084 impia
391 1019 614 1084 paganorum
635 1003 807 1083 religione
829 1019 1060 1084 promanasse
1080 1000 1296 1065 didicissent:

93 1125 224 1189 quorum
237 1109 482 1192 resipiscentia
497 1109 630 1174 factum
642 1118 694 1173 est
706 1119 744 1174 ut
757 1108 938 1191 aliquanto
950 1108 1101 1191 quietius
1113 1125 1156 1172 ac
1170 1107 1299 1172 minori

1 1203 2 1226 ²
93 1233 161 1280 cum
174 1219 330 1282 molestia
345 1218 421 1282 dies
436 1217 514 1281 illos
528 1217 819 1298 transigeremus,
836 1235 907 1281 non
922 1216 1133 1292 audentibus
1147 1215 1299 1279 caeteris

93 1323 208 1388 circum
222 1323 328 1389 aedes
341 1334 485 1389 nostras
501 1326 687 1404 oberrare,
703 1339 748 1424 ne
769 1324 908 1388 anobis
923 1323 1110 1403 intercepti
1131 1341 1152 1387 a
1171 1339 1298 1404 propo·

1 1513 2 1530 χ
92 1431 149 1495 sito
170 1431 364 1498 bacchandi
390 1442 646 1497 reuerterentur.
679 1432 956 1512 circulatorum,
988 1448 1139 1511 quorum
1166 1445 1299 1511 magna

1 1611 2 1622 χ
89 1555 156 1602 esse
170 1540 351 1605 consueuit
365 1540 494 1621 ubique
509 1541 628 1621 eopia,
645 1539 800 1604 maxima
822 1556 916 1604 nunc
937 1547 992 1603 est
1011 1538 1169 1603 Biuonae
1190 1555 1299 1619 penu·

89 1645 146 1726 ria;
160 1665 238 1712 narn
251 1647 365 1712 tribus
380 1663 451 1710 uno
466 1646 522 1711 die
538 1646 709 1710 coniectis
728 1647 764 1709 in
785 1663 982 1727 carcerem,
999 1646 1060 1727 qui
1079 1645 1297 1728 superstitio·

33 1779 35 1784 v
90 1769 196 1818 sarum
209 1755 442 1836 quarumdam
457 1753 908 1836 orationumdiuenditione
922 1752 1096 1835 grandem
1108 1754 1297 1834 pecuniam

1 1851 2 1864 ’
90 1859 324 1940 conflauerant,
341 1861 494 1926 caeteris
508 1861 709 1942 exemplum
724 1869 896 1926 statutum
911 1873 964 1926 est
979 1879 1023 1926 ne
1038 1861 1108 1925 huc
1123 1861 1159 1924 in
1182 1869 1299 1941 poste·

1 2027 2 2040 ,
91 1984 158 2032 runi
171 1969 350 2033 accedant.
372 1967 408 2034 Si
428 1968 488 2050 qui
509 1985 594 2033 uero
614 1969 760 2049 periculi
779 1967 897 2048 ignari
917 1967 1140 2044 aduenerint,
1164 1967 1296 2046 statim,

91 2075 196 2140 audita
210 2091 394 2141 carcerum
409 2075 524 2155 sama,
545 2076 649 2140 citius
670 2077 780 2140 multo
802 2092 908 2157 quarn
928 2076 1089 2139 uenerint
1115 2074 1296 2140 recedunt.

89 2177 151 2245 Nec
164 2182 210 2246 lta
226 2182 369 2261 dudum,
386 2199 467 2248 cum
482 2200 527 2247 ex
541 2183 609 2247 hoc
631 2183 812 2247 hominium
832 2193 963 2263 genere
983 2182 1128 2263 quidam
1148 2181 1300 2247 circum·

1 2281 2 2286 ’
91 2288 180 2354 datus
199 2289 422 2372 serpentibus
445 2289 617 2354 insonum
636 2290 843 2370 prodiisset,
861 2287 962 2354 Pauli
980 2287 1166 2353 Mantuani
1191 2287 1213 2370 ¹,
1238 2291 1300 2370 qui

1 2413 2 2420 ¹
88 2403 150 2460 tum
162 2395 251 2462 sorte
266 2397 409 2463 fortuna
425 2405 691 2477 superuenerat‚
709 2397 870 2460 oratione
886 2395 934 2459 ita
950 2396 1153 2476 exagitatus
1166 2405 1230 2474 est,
1248 2405 1296 2476 ut,

87 2505 219 2570 reclusis
242 2503 420 2585 anguibus
439 2514 473 2569 et
492 2505 617 2570 relicta
637 2504 825 2583 concione,
846 2521 953 2586 quarn
972 2503 1298 2584 frequentissimam

89 2599 251 2693 coegerat,
269 2613 305 2677 in
321 2611 441 2677 nescio
456 2628 545 2693 quas
559 2613 679 2675 statim
694 2611 849 2676 latebras
864 2628 941 2676 sese
956 2610 1181 2692 proripuerit.

137 2717 261 2785 Multas
282 2734 470 2800 praeterea
491 2719 659 2797 familias,
684 2735 773 2798 quae
799 2721 932 2783 nullum
958 2727 1119 2783 mortuos
1144 2735 1230 2782 suos
1250 2719 1299 2782 lu·

89 2821 180 2903 gendi
193 2827 299 2892 finem
313 2826 503 2905 faciebant,
520 2827 755 2908 uisitauimus,
768 2835 803 2890 et
814 2835 852 2892 ut
863 2827 976 2892 dolori
991 2827 1132 2891 modum
1146 2827 1299 2908 impone·

88 2943 165 3015 rent,
179 2935 343 3016 quamuis
358 2951 477 3015 aegre,
496 2934 777 3015 impetrauimus.
795 2933 872 3014 Quo
888 2943 1008 2998 autem
1025 2934 1122 2997 luctu
1141 2943 1299 2999 mortuos

88 3055 159 3104 suos
170 3040 308 3108 Siculae
320 3043 485 3106 mulieres
497 3051 768 3124 prosequantur,
782 3043 906 3123 paucis
917 3041 1097 3123 explicare
1110 3042 1154 3104 ab
1165 3058 1203 3105 re
1216 3042 1298 3105 alie·

88 3163 235 3214 numnon
243 3159 342 3231 puto.
356 3147 477 3230 ltaque
490 3166 583 3229 eum,
597 3149 657 3231 qui
669 3148 854 3212 defunctus
866 3156 931 3229 est,
945 3146 1238 3230 splendidissimis
1250 3147 1300 3210 in·

87 3253 194 3321 dotum
208 3256 367 3320 uestibus
381 3265 444 3320 aut
455 3256 529 3320 suis
542 3265 603 3321 aut
618 3274 638 3320 e
653 3255 784 3320 uicinia
800 3255 1025 3320 commodato
1040 3255 1209 3336 acceptis
1222 3253 1299 3318 sub·

86 3361 187 3428 limem
201 3365 237 3428 111
250 3363 336 3428 sede
351 3363 537 3440 collocant,
554 3373 724 3445 tanquam
738 3363 837 3446 Jouis
858 3363 1040 3444 capitolini
1063 3372 1123 3426 aut
1149 3361 1300 3426 Veneris

85 3471 223 3550 paphiae
238 3471 485 3548 simulacrum
502 3488 608 3551 quem
623 3471 756 3536 circum
771 3471 930 3535 conferto
953 3469 1093 3550 agmine
1114 3469 1299 3534 circumfu-

84 3593 140 3640 sae
157 3578 393 3658 mulierculae,
409 3577 563 3658 praefica
589 3579 745 3658 ineptum
765 3595 914 3659 prorsus
932 3593 975 3642 ac
1000 3577 1132 3659 puerile
1154 3595 1299 3641 carmen

84 3685 298 3761 praecinente
313 3685 429 3766 passis
444 3684 489 3748 ad
501 3683 705 3750 defunctum
717 3685 889 3765 manibus,
903 3685 1046 3750 domum
1062 3687 1206 3766 implent
1225 3687 1300 3748 ulu-

1 3847 2 3850 ,
84 3791 219 3871 latibus,
240 3791 390 3874 capillos
412 3790 595 3868 scindunt,
618 3793 745 3856 faciem
767 3793 942 3872 unguibus
961 3794 1139 3867 lacerant,
1160 3809 1232 3856 non
1255 3793 1300 3858 ad

83 3915 183 3963 unum
195 3910 333 3964 tantum
344 3899 448 3978 diem,
462 3916 586 3964 uerum
598 3899 704 3964 etiarn
717 3899 762 3962 ad
774 3901 1116 3981 quinquagesimum,
1133 3917 1204 3963 non
1216 3918 1300 3965 raro

83 4006 122 4068 ad
136 4007 326 4072 secundum
340 4013 375 4070 et
389 4005 533 4072 tertium
548 4023 690 4086 annum,
707 4025 773 4070 nec
788 4016 861 4071 toto
876 4025 918 4070 eo
933 4017 1093 4089 tempore
1109 4016 1170 4071 aut
1186 4008 1300 4072 sacris

82 4186 279 4198 *—

115 4285 123 4318 ¹
150 4283 699 4338 11.1111111111111111,’111111111111111
715 4285 812 4329 Rornae
827 4297 843 4330 1
861 4286 888 4331 Β.
898 4285 1001 4340 ignatio
1016 4287 1050 4332 ud
1065 4287 1208 4332 domesticu
1225 4288 1300 4332 obre·

79 4356 132 4408 quia
141 4357 207 4400 inter
216 4367 276 4401 suos
286 4361 423 4411 cooptatus
433 4363 473 4400 est
483 4367 549 4400 anno
563 4355 622 4410 15⁵5,
633 4361 661 4399 ut
674 4357 727 4410 ipse
738 4357 916 4411 flagitaverat.
929 4357 978 4400 Sed
994 4369 1051 4404 cum
1069 4357 1185 4414 ignatius
1200 4360 1298 4404 litteris

78 4427 150 4479 probe
158 4429 289 4472 excultum
299 4426 477 4481 comperisset.
485 4426 596 4470 bominis
606 4427 807 4481 temperantium
818 4428 960 4472 admiratus
972 4435 997 4471 er
1007 4427 1113 4473 adultae
1123 4429 1231 4474 virtutis
1241 4439 1300 4484 spe·

77 4499 153 4543 111111
163 4509 195 4542 ex
204 4509 234 4542 eo
244 4505 389 4552 assecutus,
400 4509 477 4553 quam
487 4499 594 4542 idoneus
604 4498 706 4543 iuturus
716 4507 785 4544 esset
795 4501 828 4545 ud
839 4499 940 4554 majora
955 4499 1093 4544 Societutls
1109 4501 1193 4546 officia
1208 4511 1302 4555 coguo-

79 4569 119 4612 vit.
130 4567 214 4620 Quare
223 4567 256 4612 ud
267 4567 447 4614 Sacerdotium
457 4568 548 4612 11111111
558 4575 678 4612 evectum
691 4568 845 4614 Panormnut
856 4569 966 4622 misit...,
978 4568 1127 4620 Aournuuu.
1139 4569 1301 4615 Provinciae

78 4638 178 4684 Stertlu
188 4639 330 4683 Societaus
337 4639 406 4694 Jesu
417 4637 498 4683 Ortus
508 4642 533 4684 et
544 4651 589 4684 res
598 4643 698 4695 gestae,
710 4647 778 4695 part.
788 4650 806 4693 1,
817 4651 873 4694 cup.
885 4651 940 4694 virt,
951 4651 1054 4684 mxxxi.
1072 4637 1168 4696 Hujus,
1184 4641 1228 4698 qul
1243 4652 1301 4686 con·

78 4713 174 4765 tuglou
183 4712 242 4757 tube
251 4711 355 4756 luiectir
365 4711 509 4756 inserviens
518 4716 628 4755 mortem
638 4712 715 4764 obiit,
731 4712 856 4756 memoria
872 4711 1036 4755 desideratur
1052 4711 1078 4754 in
1094 4723 1171 4766 opere
1190 4713 1300 4758 Petrum

79 4781 225 4839 Allembe
234 4789 260 4827 et
272 4781 379 4836 Nudusl,
390 4781 491 4827 Heroas
501 4786 527 4826 et
543 4781 672 4826 victimae
684 4783 836 4828 charitatis.
