3472 5528
371 443 425 505 tta
753 443 925 505 Ltrrsnne
944 459 1216 513 outonrunsraes

370 591 518 670 collega·
529 591 635 654 butas
648 591 878 671 postulamus
891 591 982 654 uotis
996 607 1072 654 esse
1088 607 1222 654 memor
1237 589 1358 654 nostri
1368 590 1406 652 in
1422 591 1600 654 orationi·

372 700 436 761 bats
450 715 492 761 nc
506 698 694 779 sorrr'flni's
709 699 796 779 tuis,
811 697 909 762 uelut
924 716 1001 762 esse
1021 697 1199 762 credrinus
1220 714 1261 761 ac
1276 699 1452 777 saturum
1472 706 1599 778 spera·

372 824 463 870 mus.
483 805 703 871 Postulantcs
719 823 790 869 vno
805 821 884 868 cum
899 806 964 868 boc
982 814 1144 868 sanctam
1167 815 1262 869 tuam
1285 817 1541 886 paternamque
1562 805 1599 870 in

372 913 513 978 Christo
527 913 818 976 benedictionem.
834 911 936 990 Vale,
953 910 1058 976 Pater
1074 911 1408 978 obseruandissirne.

433 1021 619 1100 Compluti,
636 1019 805 1084 Kalendis
821 1019 904 1082 Maii
924 1019 1010 1082 1556.

434 1126 686 1191 pmpmp

433 1235 565 1318 Seruus
586 1235 751 1300 minimus
772 1252 813 1297 nc
836 1234 1103 1314 indignissimus
1123 1235 1160 1298 in
1179 1233 1331 1322 Christo.
1354 1233 1407 1298 Ex
1433 1232 1600 1296 commis-

373 1343 472 1424 sione
487 1342 604 1406 Patris
619 1341 786 1422 Carrillo,

1262 1557 1435 1622 Rreatnn.

398 2239 585 2284 Praecedentes
594 2239 685 2285 fratris
695 2239 844 2297 Hieronymi
855 2239 885 2282 de
897 2239 1008 2295 Ripalda
1017 2239 1114 2284 latinae
1123 2239 1226 2282 litterae
1236 2249 1253 2282 a
1263 2237 1291 2283 P.
1300 2237 1571 2284 Polancodecurtatnc

877 2320 902 2358 et
912 2313 1063 2358 emendatae
1074 2309 1091 2356 ¹.

973 2531 996 2610 †

927 2612 1039 2696 Jesus.

430 2853 506 2918 R.<¹⁰
524 2854 559 2917 in
579 2854 721 2918 Christo
736 2853 832 2918 Patri
849 2854 895 2918 M.
913 2853 1050 2934 ignatio
1070 2855 1114 2918 de
1133 2855 1280 2935 Loyola‚
1301 2847 1508 2933 Praeposito
1530 2853 1598 2919 Ge·

369 2961 479 3024 nerali
494 2959 682 3034 Societntis
695 2962 791 3044 Jesu,
809 2962 959 3025 salutem
979 2972 1012 3024 et
1032 2961 1239 3042 obsequium
1255 2961 1290 3024 in
1306 2960 1471 3026 Domino.

428 3067 553 3133 Gratia
569 3078 602 3130 et
623 3085 694 3148 pax
708 3067 840 3133 Christi
854 3077 922 3132 etc.
1480 3133 1484 3138 .

428 3175 602 3255 Quoniam
620 3194 682 3258 per
702 3194 781 3240 eam
801 3177 1001 3258 epistolam,
1023 3194 1130 3259 quam
1149 3184 1300 3256 quatuor
1321 3175 1447 3240 abhinc
1469 3178 1598 3242 mensi·

366 3283 430 3348 bus
446 3283 490 3346 ad
506 3292 540 3348 te
557 3285 725 3364 misimus,
743 3283 1063 3348 obseruandissime
1083 3282 1203 3361 Pater,
1225 3285 1396 3364 scriptum
1416 3291 1470 3348 est
1491 3303 1596 3366 quom

366 3390 469 3455 finem
485 3391 671 3460 habuerint
684 3391 734 3455 illi
749 3393 874 3470 morbi,
891 3392 1016 3473 quibus
1031 3392 1099 3455 hoc
1112 3391 1301 3470 collegium
1316 3391 1596 3473 opprimebatur,

366 3498 454 3562 haec
468 3498 504 3561 id
519 3515 612 3562 nunc
627 3516 818 3579 exposcere
835 3500 982 3578 uidetur,
1001 3508 1037 3562 ut
1053 3515 1143 3579 qnae
1158 3498 1253 3577 apud
1267 3515 1332 3561 nos
1346 3507 1427 3579 post
1444 3499 1598 3562 salutem

365 3605 564 3670 restitutam
577 3613 679 3686 gesta
695 3606 776 3684 sint,
795 3607 978 3686 breuitate,
995 3623 1065 3688 qua
1080 3607 1247 3686 solemus,
1263 3606 1473 3670 scribamus.

282 3693 288 3706 ⁸
424 3712 552 3778 Statim
576 3730 667 3794 ergo
693 3723 797 3795 atque
819 3715 983 3778 ualetudo
1003 3714 1147 3779 Petrum
1168 3714 1217 3778 ita
1238 3713 1445 3779 confirmata
1466 3723 1536 3792 est,
1559 3726 1597 3778 ut

365 3829 518 3901 possent,
536 3821 625 3884 citra
641 3821 851 3902 periculum,
875 3823 997 3886 solitas
1017 3839 1100 3886 suas
1120 3821 1394 3886 exercitationes
1414 3823 1596 3903 prosequi,

364 3945 434 4008 qua
449 3929 608 3992 solebant
623 3928 815 4009 diligentia,
831 3947 892 3993 aas
908 3938 989 3993 sunt
1009 3929 1229 4010 prosequuti,
1250 3938 1284 3992 et
1307 3928 1452 4007 perinde
1473 3933 1513 3990 vi
1535 3947 1597 3992 no·

364 4035 439 4114 stri,
450 4035 584 4099 uiribus
595 4035 855 4116 redintegratis,
866 4037 911 4101 ad
922 4035 1095 4100 iuuandos
1107 4035 1287 4116 proximos
1299 4034 1488 4099 accinxere
1499 4051 1592 4110 sese,

365 4143 413 4206 ita
433 4153 603 4207 renouata
625 4152 679 4207 est
701 4145 891 4208 multorum
909 4143 1092 4224 diligentia
1112 4143 1149 4207 in
1169 4141 1435 4223 frequentandis
1459 4142 1598 4208 confes·

366 4250 477 4314 sionis
496 4267 538 4314 ac
559 4251 815 4316 communionis
835 4251 1066 4314 sacramentis
1086 4248 1234 4329 aliisque
1254 4249 1393 4329 pietatis
1413 4250 1596 4331 operibus,

365 4358 402 4421 in
417 4357 544 4439 quibus
559 4358 738 4438 aliquanto
754 4357 974 4422 remissiores
989 4357 1128 4421 inerant
1143 4373 1188 4422 ex
1203 4374 1245 4420 eo
1260 4356 1354 4437 qnod
1369 4357 1420 4422 uti
1433 4374 1504 4422 non
1518 4375 1596 4440 pos·

365 4473 454 4542 sent,
471 4473 509 4527 ut
524 4477 640 4544 antea,
660 4463 801 4529 Petrum
815 4474 1020 4529 nostrorum
1035 4481 1156 4546 opera.
1170 4463 1377 4546 Complures
1392 4465 1518 4542 etiam,
1535 4467 1597 4547 qui

407 4707 415 4743 ¹
444 4708 514 4764 Quae
525 4710 627 4756 italicis
637 4709 834 4758 characteribus
846 4710 1008 4767 exhihentur,
1019 4717 1078 4757 sunt
1090 4721 1167 4758 manu
1177 4711 1257 4768 ipsine
1268 4711 1374 4757 Polanci
1385 4715 1505 4756 armata.
