3410 5528
659 486 724 550 Au,
746 487 816 554 1556
1296 487 1355 552 att

137 633 240 702 donee
252 635 312 700 ille
325 634 433 702 bomo
447 641 634 715 suspectus
662 633 948 700 obdormiuisset:
964 634 1063 700 humi
1077 634 1172 700 enim
1186 635 1352 716 dormire,

138 739 251 806 codem
271 751 391 808 tamen
409 741 642 822 hypocausto,
668 741 895 821 cogebamur,
918 742 1103 823 supposito
1124 749 1244 808 tamen
1265 751 1353 809 stra·

137 848 231 918 nune.
247 846 410 928 Denique
422 847 520 912 circa
530 845 684 912 medinm
692 855 836 916 noctem
847 864 915 916 nos
926 865 1064 930 quoque
1075 865 1238 915 somnum
1250 865 1351 931 cape·

134 970 168 1022 re
178 953 290 1020 adnisi
300 971 436 1034 sumus,
451 954 614 1020 omnibus
624 953 821 1032 silentibus,
834 954 871 1020 in
881 955 1006 1020 eodem
1017 971 1175 1020 scamno:
1188 957 1350 1037 sequenti

134 1077 212 1130 uero
234 1062 290 1128 die
315 1062 471 1130 diluculo
496 1076 647 1142 surgens
670 1060 727 1126 ille
752 1060 936 1142 praefatus
961 1061 1079 1140 homo,
1105 1079 1169 1144 per
1188 1064 1350 1130 eamdem

134 1168 233 1248 uiam
248 1185 326 1250 qun
347 1177 382 1234 et
402 1184 469 1233 nos
488 1166 730 1246 tendebamus,
753 1169 966 1248 praecessit,
983 1185 1064 1234 cum
1078 1179 1196 1234 tamen
1211 1179 1350 1238 contra·

133 1274 224 1356 dant,
241 1275 308 1340 boc
328 1284 392 1352 est,
417 1274 617 1356 oppositam
636 1273 782 1340 tendere
802 1273 997 1342 debuisset:
1018 1273 1113 1357 quod
1132 1293 1203 1342 non
1221 1294 1349 1358 parum

133 1382 223 1448 auxit
236 1382 398 1448 omnibus
411 1393 556 1452 metum.
572 1378 852 1462 Suspicabamur
871 1383 966 1448 enim
984 1383 1102 1448 socios
1124 1383 1191 1448 sibi
1206 1384 1249 1460 (si
1263 1384 1347 1466 quid

133 1489 207 1552 mali
220 1489 322 1554 nobis
332 1487 623 1567 motitustuisset)
634 1505 715 1553 eum
726 1499 1017 1568 conuocaturum,
1035 1505 1226 1572 omnesque
1241 1490 1347 1572 (quod

133 1593 228 1660 tacite
250 1594 434 1674 fecissent)
458 1611 526 1660 nos
549 1594 777 1676 spoliaturos.
803 1594 939 1662 Verum
964 1595 1051 1662 nibil
1075 1596 1177 1662 nobis
1202 1597 1347 1665 aduersi

134 1701 264 1771 accidit.
279 1703 376 1770 Laus
390 1711 425 1767 et
439 1701 638 1782 gratiarum
655 1702 749 1770 actio
764 1703 996 1784 omnipotenti
1011 1703 1212 1784 optimoque
1227 1702 1346 1770 Domi-

132 1825 175 1876 no
188 1807 271 1889 Deo,
288 1811 324 1876 in
338 1810 483 1876 saecula
497 1826 637 1891 semper
650 1807 847 1889 benedicto,
868 1811 1012 1891 quinos
1035 1817 1089 1874 tot
1108 1819 1143 1874 et
1163 1813 1273 1876 tantis
1285 1828 1345 1893 pe·

133 1915 244 1984 riculis
263 1918 370 1998 (quae
393 1915 535 1994 omitto)
557 1917 696 1998 eripuit.
717 1915 797 1982 Non
817 1916 910 1982 enim
928 1918 1043 1982 solum
1068 1918 1201 1982 uersati
1222 1933 1344 1984 sumus

134 2023 291 2102 periculis
303 2026 494 2102 latronum,
510 2024 574 2091 sed
587 2033 622 2088 et
635 2025 741 2103 longe
757 2023 846 2100 aliis,
863 2023 988 2104 quibus
1004 2024 1166 2090 omnibus
1180 2026 1344 2092 liberauit

132 2145 192 2196 nos
203 2129 388 2199 Dominus.
689 2195 698 2218 ,

185 2235 290 2304 Pallia
305 2248 429 2307 nostra
443 2256 465 2304 a
481 2237 621 2304 Vienna
636 2255 708 2302 non
722 2236 1069 2306 circumferebamus.
1094 2247 1133 2304 ut
1146 2239 1249 2304 nobis
1263 2256 1345 2305 con·

130 2345 279 2410 soluerat
305 2346 411 2411 Pater
436 2345 562 2428 Lanoy
589 2343 610 2410 ·.
636 2344 716 2411 Non
740 2345 835 2410 enim
855 2361 1008 2426 capaces
1036 2353 1118 2410 sunt
1144 2345 1344 2427 hujusmodi

127 2452 411 2519 uestimentorum
436 2453 473 2518 bi
497 2453 676 2532 homines,
703 2469 786 2518 nam
810 2451 917 2517 credo
941 2469 1008 2516 nos
1032 2451 1223 2533 aliquando
1250 2456 1343 2520 male

127 2555 296 2628 audiuisse
310 2570 455 2642 propter
470 2557 670 2641 hujusmodi
685 2561 804 2628 multis
818 2561 854 2627 in
869 2559 966 2624 locis.
981 2557 1151 2638 Quamuis
1165 2560 1343 2628 neminem

126 2673 278 2732 nostrum
288 2667 416 2748 opinor
426 2683 670 2748 quaecumque
680 2667 820 2732 obiecta
830 2666 940 2732 uerba
951 2666 1042 2730 male
1054 2667 1247 2747 accepisse,
1257 2668 1342 2748 quin

126 2770 236 2854 potius
248 2789 329 2840 cum
344 2773 501 2838 maxima
515 2773 739 2855 simplicitate
760 2773 1058 2838 obliuiscebantur
1077 2791 1115 2838 se
1130 2775 1342 2854 quandoque

126 2878 268 2946 amictos
281 2881 351 2950 illis
366 2896 456 2960 esse,
473 2897 554 2946 cum
569 2879 612 2948 de
632 2897 741 2946 curru
759 2880 795 2946 in
815 2880 1007 2962 hospitium
1027 2881 1228 2961 tenderent;
1252 2897 1340 2962 quos

125 2987 259 3068 saepius
273 2987 472 3068 relinquere
487 2987 607 3052 monui
621 2987 656 3052 in
671 3003 778 3052 curru
793 3005 847 3066 ea,
863 3003 954 3068 quae
970 2987 1194 3068 postmodum
1209 2988 1254 3052 ab
1269 3005 1339 3064 uno

122 3101 279 3161 uoshnm
293 3093 331 3160 in
344 3094 535 3176 hospitium
550 3091 812 3158 adferebantur.

176 3197 214 3267 Iu
237 3200 411 3282 hospitiis,
438 3199 649 3284 praesertim
673 3199 710 3264 in
734 3199 910 3277 Morauia,
938 3216 1007 3280 qua
1035 3198 1153 3266 lerunt
1181 3201 1339 3276 omnium

124 3321 279 3372 errorum
292 3305 474 3372 hominum
489 3323 597 3388 agere
612 3305 752 3370 diuersa
764 3322 898 3387 genera
910 3305 1062 3386 (peiores
1074 3323 1224 3386 namque
1236 3308 1342 3387 longe

121 3423 197 3484 sunt
220 3411 386 3492 Boemis),
411 3415 523 3478 multa
548 3412 719 3494 patientia
744 3412 845 3478 nobis
869 3429 960 3493 opus
981 3411 1063 3478 init:
1087 3430 1227 3478 sumere
1248 3413 1342 3480 enim

120 3535 206 3600 quae
217 3536 362 3586 mensae
374 3520 654 3604 apponebantur,
669 3528 704 3584 et
715 3519 853 3584 soluere
863 3529 1036 3600 quantum
1047 3521 1226 3596 uolebant,
1240 3537 1339 3601 opor·

122 3627 198 3706 tuit,
221 3628 355 3709 absque
374 3627 493 3709 aliqua
514 3625 810 3706 contradictione;
834 3626 924 3689 alias
949 3626 986 3690 in
1011 3626 1207 3692 mirabilem
1233 3627 1342 3694 animi

121 3735 391 3802 commotionem
416 3734 642 3815 agitabantur
668 3733 799 3812 absque
825 3732 942 3813 aliqua
967 3749 1076 3796 causa
1101 3742 1162 3798 ant
1186 3735 1335 3800 ratione.

121 3839 217 3921 Quod
230 3859 319 3908 sane
332 3841 523 3906 admodum
537 3840 656 3904 mirati
669 3855 801 3904 sumus.
821 3837 971 3918 Quando
991 3857 1076 3904 uero
1091 3840 1341 3905 celebrandum

7 4031 8 4042 ἵ
120 3945 191 4027 suit,
208 3949 286 4029 ipso
300 3947 491 4014 Dominico
506 3945 563 4012 die
578 3955 659 4026 post
673 3956 839 4026 octauam
854 3944 1026 4026 Paschae,
1042 3947 1247 4027 repulerunt
1260 3964 1338 4025 nos,

119 4055 274 4123 nolentes
292 4053 344 4133 (ut
362 4070 485 4118 eorum
503 4052 622 4118 uerbis
645 4053 741 4131 utar)
761 4051 836 4134 pati
852 4052 996 4118 missam
1016 4053 1155 4118 insuas
1170 4054 1339 4118 ecclesias

118 4159 198 4240 (sr'c)
212 4160 400 4225 celebrari:
414 4169 488 4226 tres
503 4160 607 4238 enim,
624 4170 685 4223 aut
700 4157 745 4222 ad
758 4176 932 4223 summum
945 4137 1107 4239 quatuor,
1121 4176 1185 4222 sua
1202 4160 1336 4239 lingua,

118 4267 259 4348 scilicet,
276 4267 443 4332 idiomate
457 4266 650 4331 cantabant
665 4265 781 4330 Pater
796 4271 940 4343 noster,
955 4266 1079 4347 bisque
1092 4267 1258 4342 contenti,
1275 4268 1334 4331 do·

117 4391 210 4439 mum
234 4383 471 4453 reuertuntur,
496 4373 567 4438 nisi
590 4374 774 4452 contingat
800 4371 1005 4436 concionari
1026 4390 1148 4436 eorum
1168 4373 1335 4454 aliquem,

116 4481 205 4562 quod
221 4491 339 4547 tamen
356 4497 439 4544 raro
453 4477 491 4544 fit
507 4479 540 4546 in
556 4481 671 4562 pagis.

152 4723 160 4758 ¹
189 4723 219 4770 Ρ.
230 4721 353 4768 Nicotaus
362 4685 462 4781 Lanop.
474 4722 627 4770 Viennensis
640 4721 747 4780 Collcqii
759 4723 863 4770 Rector.
