3504 5532
676 514 740 574 Au.
763 513 838 575 laos
1316 518 1372 580 lto

136 660 208 724 illi's
221 677 320 724 mors
335 659 580 742 impendisset,
596 670 636 724 vt
651 659 768 740 aliquo
788 677 834 724 ex
848 660 922 724 suis
937 660 1107 726 molestiis
1122 664 1367 745 angustiisque

135 770 343 832 leuarentur
357 765 503 832 Petrum
518 767 691 832 solamine
707 765 728 826 ¹¹.

196 874 385 938 Accedunt
399 875 507 938 etiam
521 874 622 938 multi
641 873 923 956 frequentissime
937 877 983 940 ad
997 875 1133 957 Patres
1151 880 1288 943 consilii
1309 897 1366 944 ca·

136 981 257 1063 piendi
271 981 400 1061 gratia,
418 990 524 1062 atque
539 981 688 1060 animos,
705 998 867 1046 moerore
888 985 1137 1064 aerumnisque
1152 965 1305 1050 afflictos
1322 1003 1366 1049 ac

135 1089 329 1166 confectos,
346 1087 539 1165 releuandi,
556 1088 742 1151 recreandi
756 1095 861 1168 atque
877 1089 1067 1154 reficiendi.
1081 1090 1212 1156 Multas
1224 1110 1367 1174 quoque

135 1194 381 1258 confessiones
399 1195 586 1274 generales
606 1193 817 1258 audiueruut
837 1193 974 1275 Patres,
1002 1197 1092 1260 alias
1112 1215 1288 1262 annorum
1308 1197 1366 1263 de-

136 1319 224 1378 cem,
241 1303 333 1365 alias
347 1300 486 1382 viginti,
501 1316 635 1380 magna
649 1300 790 1381 quidem
805 1299 1059 1382 poenitentium
1071 1306 1316 1370 consolatione
1331 1317 1366 1370 et

137 1410 280 1489 gaudio:
297 1408 405 1474 iidem
419 1407 544 1472 Patres
557 1407 688 1487 multiS,
705 1408 765 1488 qui
784 1425 884 1489 spem
903 1409 977 1474 fere
998 1428 1138 1475 ornnem
1158 1413 1365 1496 amiserant,

137 1533 239 1597 opem
259 1517 427 1592 tulerunt,
451 1530 660 1595 summaque
679 1514 854 1579 charitate
876 1517 1037 1583 auxiliati
1056 1527 1149 1582 sunt:
1170 1521 1231 1599 qui
1256 1521 1367 1585 homi·

135 1639 210 1701 nes,
226 1623 288 1686 vbi
307 1621 454 1686 Patrum
476 1620 624 1684 consilia
646 1629 727 1684 sunt
748 1622 871 1701 secuti,
894 1639 1086 1705 eorumque
1108 1626 1274 1690 remediis
1296 1630 1364 1708 usi,

136 1731 334 1794 multisunt
349 1728 611 1793 calamitatibus
626 1736 660 1791 et
676 1729 851 1808 angustiis
866 1729 1019 1810 liberati,
1037 1732 1219 1814 multaque
1239 1752 1363 1798 conso-

136 1836 269 1900 latione
284 1845 320 1900 et
334 1835 468 1900 laetitia
483 1834 610 1898 affecti.

191 1943 271 2008 Hoc
291 1943 501 2025 praesertim
522 1941 566 2005 de
587 1941 741 2022 quadam
762 1943 870 2007 nobili
891 1955 1055 2009 matrona
1077 1947 1264 2012 dicendum
1287 1967 1366 2014 esse

136 2053 314 2129 existima,
330 2067 432 2131 quae,
448 2048 595 2113 Petrum
610 2049 767 2113 consiliis
783 2050 1071 2131 obtemperando,
1088 2070 1126 2116 se
1137 2056 1253 2133 magis
1268 2055 1365 2136 impii

135 2177 178 2224 ac
208 2157 362 2222 crudelis
391 2156 509 2220 mariti
537 2155 657 2234 gladio
682 2155 830 2220 interfici
855 2158 1030 2238 malebat,
1056 2175 1163 2238 quam
1189 2177 1364 2226 summum

137 2265 254 2330 Deum
270 2263 450 2327 offendere
465 2262 683 2343 turpiterque
697 2279 817 2342 agere:
833 2281 940 2344 quam
954 2265 1097 2329 tandem
1110 2265 1282 2331 Deussua
1294 2271 1363 2350 pie·

135 2384 208 2436 tate
224 2390 268 2436 ac
283 2369 470 2435 clementia
486 2387 532 2432 ex
545 2367 638 2432 illius
657 2366 873 2432 foedissimis
894 2371 1057 2434 manibus
1078 2373 1284 2438 mirabiliter
1300 2377 1363 2440 eri-

134 2481 221 2560 puit,
244 2497 356 2560 eaque
379 2476 544 2558 angustia
568 2485 604 2540 et
629 2475 820 2540 afflictione
842 2476 1017 2541 liberauit:
1043 2495 1134 2558 quae
1154 2482 1260 2545 modo
1282 2501 1363 2547 curn

132 2587 224 2666 aliis,
242 2585 417 2650 eiusmodi
432 2583 695 2647 calamitatibus
708 2592 745 2646 ct
759 2583 1044 2648 tribulationibus
1058 2604 1122 2666 per
1136 2586 1260 2652 Patres
1281 2590 1362 2652 libe-

131 2696 232 2774 ratis,
250 2711 379 2757 nornen
394 2691 582 2756 Societatis
597 2689 805 2770 praedicant
821 2701 1102 2773 propagantque;
1119 2711 1188 2774 qua
1202 2696 1298 2758 fama
1320 2717 1363 2760 ac

131 2817 278 2864 rumore
292 2799 393 2863 multi
406 2798 551 2878 impulsi
564 2798 738 2861 accedunt
754 2796 799 2860 ad
814 2796 939 2861 Patres
953 2808 992 2861 vt
1007 2817 1072 2862 sua
1091 2810 1239 2880 peccata
1259 2803 1363 2866 conli-

131 2918 286 2985 teantur,
304 2906 388 2970 etin
408 2906 475 2969 hoc
496 2904 701 2986 frequenter
723 2913 954 2984 occupantur.
975 2905 1159 2970 Dederunt
1177 2918 1362 2988 praeterea

130 3031 281 3096 operam
301 3022 340 3076 vt
362 3011 489 3076 mulier
509 3011 696 3091 quaedam,
720 3028 812 3090 quae
835 3027 898 3090 per
913 3012 1001 3075 duos
1020 3030 1133 3076 annos
1151 3015 1186 3077 in
1206 3018 1362 3095 peccatis

129 3122 260 3198 fuerat,
277 3119 434 3183 maxima
448 3117 600 3196 illorum,
617 3117 676 3197 qui
687 3135 766 3180 eam
779 3129 963 3194 nouerant,
978 3118 1223 3184 aedificatione
1234 3125 1359 3204 exiret,

129 3239 241 3308 utque
257 3235 377 3306 patres
391 3225 482 3303 filiis,
499 3231 633 3287 matres
647 3223 796 3302 filiabuS,
815 3225 972 3306 aliosque
987 3229 1181 3306 permultos
1196 3246 1276 3291 curn
1288 3232 1361 3293 suis

129 3334 288 3399 inimicis
302 3332 546 3396 conciliarent.

189 3441 379 3521 Reliquum
394 3448 448 3501 cst
463 3446 502 3500 vt
516 3435 557 3500 R.
576 3436 830 3500 Paternitatem
851 3446 949 3501 tuam
965 3440 1152 3504 certiorem
1167 3441 1210 3505 de
1226 3445 1359 3508 schola-

127 3549 302 3612 sticorum
315 3561 463 3609 numero
483 3543 670 3623 fructuque
691 3542 832 3608 faciam.
854 3543 1029 3608 Numerus
1051 3564 1157 3626 porro
1177 3550 1360 3614 scholasti-

127 3671 257 3718 corum
270 3671 343 3716 non
358 3660 412 3715 est
426 3651 513 3714 satis
527 3651 711 3730 frequens,
729 3660 874 3730 propter
889 3653 1068 3732 morbum,
1089 3655 1148 3733 qui
1163 3655 1199 3717 in
1214 3656 1281 3718 hac
1297 3657 1360 3721 fuit

127 3762 288 3825 ciuitate.
306 3757 397 3823 Sunt
412 3757 506 3821 enim
518 3755 570 3820 55:
586 3755 715 3819 crescit
730 3765 859 3835 tamen,
877 3765 982 3838 atque
998 3759 1034 3821 in
1049 3759 1124 3823 dies
1137 3775 1288 3838 augetur
1299 3781 1360 3825 nu-

125 3885 261 3932 merus.
277 3865 430 3929 Fructus
446 3873 563 3926 autem
578 3873 632 3926 est
646 3879 811 3942 magnus,
828 3865 1012 3944 maiorque
1028 3865 1161 3943 fuisset,
1179 3868 1247 3930 nisi
1271 3869 1360 3932 haec

124 3975 340 4038 calamitosa
355 3983 517 4050 ternpore
532 3969 760 4033 obstitissent:
779 3987 861 4032 nam
877 3989 921 4034 ex
937 3971 991 4048 iis,
1008 3973 1067 4052 qui
1079 3975 1255 4054 superiori
1266 3993 1360 4038 anno

125 4083 266 4162 primae
291 4078 418 4142 classis
442 4077 665 4157 praeceptori
692 4092 838 4156 operam
863 4077 1046 4155 dederunt,
1074 4081 1227 4161 quinque
1250 4099 1359 4146 scxue

121 4189 289 4268 publicas
304 4185 475 4248 lectiones
492 4181 504 4214 ³
520 4181 642 4246 audire
657 4192 862 4263 coeperunt.
878 4183 934 4247 Ex
949 4184 992 4248 iis
1011 4197 1130 4249 autem
1149 4189 1209 4251 alil
1224 4190 1292 4253 iuri
1314 4191 1360 4253 ci·

119 4295 194 4373 uili,
214 4293 276 4356 alii
292 4289 537 4372 philosophiae
553 4306 699 4368 operam
714 4290 874 4354 sedulam
888 4301 1033 4356 nauant:
1050 4295 1121 4373 qui,
1138 4295 1204 4357 etsi
1226 4296 1357 4360 artium

119 4403 191 4466 hoc
217 4417 315 4464 anno
338 4414 481 4462 cursum
507 4413 615 4476 agere
634 4397 825 4476 coeperint,
852 4399 1027 4462 accedunt
1046 4410 1166 4464 tamen
1190 4403 1235 4466 ad
1254 4405 1355 4467 colle·

160 4676 170 4712 t
203 4675 274 4719 Vide
283 4675 398 4718 Potaucr
410 4672 565 4725 carontcon,
575 4679 593 4716 t.
603 4685 629 4727 v,
641 4683 699 4727 pag.
712 4673 760 4728 157,
771 4685 795 4717 n.
805 4673 855 4718 449.

159 4750 172 4784 ¹
201 4747 345 4792 “lectiones
356 4745 473 4799 publices
483 4745 667 4790 universitatls
676 4745 852 4799 (patavinae),
863 4744 1003 4798 Patareus,
1016 4748 1032 4791 l.
1043 4759 1071 4796 c..
1079 4761 1139 4804 pag.
1152 4751 1196 4802 159,
1206 4765 1229 4798 n.
1238 4755 1286 4798 tsi,

289 4831 328 4889 Τ.
344 4849 386 4891 iv.
1190 4857 1221 4898 ro
