3382 5528
685 481 750 542 Au.
773 482 843 542 1556
1316 482 1371 548 lb

126 623 229 706 opt.
245 625 342 690 Max.
358 627 557 692 clarissima
571 645 660 692 uoce
675 628 896 693 confitentes
912 627 1014 709 Quod
1030 627 1170 710 quidem
1185 646 1256 692 non
1279 637 1372 708 pote-

138 742 199 796 rat
216 751 287 796 non
303 750 471 815 magnam
485 735 1019 816 spectantibusadmirationem
1039 746 1074 799 et
1093 735 1372 800 consolationem

128 838 297 904 adferre.

201 946 300 1010 Inter
313 947 379 1012 hos
393 948 459 1011 fuit
472 949 616 1029 quidam
631 960 745 1028 turca,
762 952 823 1031 qui
837 951 1079 1031 superioribus
1090 950 1193 1014 annis
1203 965 1308 1013 sacro
1324 947 1373 1012 la·

138 1070 255 1117 uacro
270 1053 385 1118 fuerat
400 1055 579 1136 expiatus;
601 1056 678 1136 qui,
701 1057 760 1120 ubi
780 1057 950 1122 intellexit
973 1073 1012 1120 se
1031 1057 1102 1121 iam
1122 1055 1273 1120 fiammis
1293 1071 1373 1118 esse

137 1159 358 1224 destinatum
373 1162 645 1242 propediemque
658 1163 948 1242 comburendum,
961 1173 1060 1228 tanta
1072 1173 1126 1228 est
1137 1163 1190 1227 ira
1202 1162 1369 1242 percitus,

125 1277 312 1352 *tantaque
327 1268 424 1332 rabie
439 1279 473 1332 et
488 1269 607 1334 furore
622 1269 805 1350 incensus,
822 1281 860 1334 ut
876 1271 1041 1335 maximis
1060 1270 1208 1334 uocibus
1226 1278 1371 1349 propter

137 1374 249 1438 animi
274 1375 504 1440 acerbitatem
528 1378 769 1456 exclamaret,
796 1378 984 1460 multisque
1010 1377 1090 1442 aliis
1118 1377 1230 1458 signis
1255 1374 1370 1439 dirum

135 1479 237 1544 illurn
252 1482 363 1545 animi
377 1482 533 1547 furorem
548 1493 583 1546 et
601 1484 860 1564 aegritudinem
880 1485 1114 1565 significaret,
1138 1484 1186 1546 ita
1209 1491 1246 1546 ut
1267 1499 1371 1549 nemo

134 1598 260 1667 posset
275 1606 356 1652 cum
371 1607 413 1652 eo
427 1607 536 1670 agere
551 1600 589 1654 ut
603 1590 647 1654 de
660 1591 736 1655 suis
750 1592 909 1673 peccatis
923 1590 1169 1656 confiteretur:
1187 1607 1298 1671 eoque
1313 1589 1370 1652 de-

137 1695 294 1758 mentiae
308 1697 415 1774 uenit,
431 1707 469 1760 ut
484 1715 558 1776 eoS,
575 1698 635 1777 qui
649 1697 743 1762 bona
758 1697 966 1775 suadebant,
983 1715 1004 1762 a
1024 1715 1062 1762 se
1084 1697 1288 1777 expelleret,
1304 1713 1369 1759 nec

124 1818 201 1865 reos
226 1803 331 1866 uellet
356 1805 490 1868 audire.
517 1804 677 1869 Tandem
701 1806 760 1886 qui
785 1823 823 1868 se
848 1806 999 1886 primurn
1022 1815 1096 1868 tam
1117 1804 1272 1868 ferreum
1289 1802 1370 1866 feri·
1473 1879 1476 1885 y

137 1925 296 1990 numque
315 1911 554 1991 praestiterat,
576 1913 626 1977 ita
647 1912 780 1977 Christi
805 1929 978 1976 concessu
1002 1911 1114 1976 flexus
1139 1911 1369 1992 placatusque

136 2027 206 2095 est,
222 2025 261 2079 ut
275 2033 348 2080 non
362 2019 476 2082 solum
491 2019 600 2083 animi
616 2019 783 2099 mitigati,
800 2035 923 2082 uerum
942 2028 978 2082 et
992 2018 1219 2098 poenitentis,
1236 2033 1367 2096 magna

136 2122 243 2204 signa
259 2123 406 2188 dederit.
423 2125 605 2205 Insperato
620 2142 706 2190 uero
725 2135 845 2190 tantae
864 2127 916 2188 rei
936 2135 1064 2188 euentu
1085 2133 1218 2205 quanta
1237 2123 1368 2196 fuerint

137 2246 264 2294 omnes
277 2233 459 2311 uoluptate
474 2232 617 2312 perfusi,
635 2234 696 2297 uix
711 2232 920 2298 Paternitati
940 2242 1020 2295 tuae
1035 2231 1215 2312 explicare
1229 2239 1365 2312 potero.

134 2336 324 2401 Seruatori
334 2338 487 2418 Christo,
501 2357 602 2420 aquo
615 2340 702 2404 hacc
714 2339 833 2404 omnia
845 2339 936 2404 bona
952 2338 1176 2418 proueniunt,
1189 2338 1366 2402 maximae

124 2445 425 2526 immortalesque
444 2447 583 2526 gratiae
598 2455 761 2526 agantur.

196 2551 249 2615 Eo
264 2552 332 2629 die,
349 2569 418 2632 quo
433 2553 523 2618 haec
535 2563 638 2634 gesta
657 2565 750 2631 sunt,
766 2553 941 2635 quaedam
955 2553 1153 2630 comoedia,
1171 2569 1261 2632 quae
1280 2551 1365 2616 dici·

135 2666 194 2722 tur
207 2658 413 2738 Acolastus,
428 2661 602 2724 innostro
617 2658 774 2740 Collegio
788 2660 903 2725 fuerat
918 2658 1074 2740 agenda:
1091 2671 1222 2724 etcum
1244 2659 1362 2722 omnia

133 2762 208 2844 jam
221 2765 298 2829 fere
312 2775 430 2830 essent
449 2777 640 2848 apparata,
657 2768 749 2833 illius
768 2768 819 2834 rei
839 2785 948 2832 causa
970 2767 1086 2830 uisum
1105 2776 1159 2830 est
1179 2765 1276 2830 Patri
1294 2765 1365 2830 Do·

136 2873 228 2936 ctori
241 2870 249 2904 ¹
262 2873 349 2936 utin
363 2883 568 2954 sequentem
579 2874 671 2940 diem
687 2875 901 2938 dominicum
912 2873 1164 2940 Sanctissimae
1178 2873 1363 2938 Trinitatis

135 2977 350 3042 differretur.
366 2979 414 3043 At
429 2997 515 3044 uero
530 2998 611 3046 cum
631 2982 750 3062 plures
771 2981 1084 3046 intermitterentur
1103 2979 1194 3056 dieS,
1216 2981 1363 3060 plusque

135 3086 307 3167 temporis
328 3086 374 3150 ad
394 3087 597 3168 quaerenda
612 3089 814 3152 necessaria
828 3089 983 3166 daretur,
1000 3090 1111 3152 multo
1130 3087 1309 3166 copiosius
1327 3095 1365 3150 et

134 3195 373 3294 abuudantius
386 3196 505 3260 omnia
519 3195 531 3226 ¹
544 3206 627 3260 sunt
640 3197 796 3261 inuenta.
814 3194 1065 3260 Constructum
1080 3207 1133 3258 est
1154 3202 1362 3275 suggestum

133 3301 210 3366 siue
225 3303 451 3383 proscenium
465 3303 501 3366 in
516 3303 700 3384 peristylio
714 3303 991 3382 ornatissimum,
1007 3312 1113 3382 atque
1124 3302 1171 3366 ad
1186 3301 1364 3382 agendum

133 3408 401 3506 amplissimum:
417 3410 533 3473 ornati
547 3421 628 3474 sunt
642 3409 796 3490 parietes
811 3409 945 3473 aulaeis
959 3427 1003 3474 ac
1017 3408 1277 3490 peristromatis
1291 3425 1364 3472 ma-

134 3515 220 3578 ximi
234 3515 350 3596 pretii,
367 3533 506 3580 necnon
519 3525 554 3580 et
573 3518 760 3581 columnae
778 3517 951 3598 perystilii
972 3516 1237 3596 pretiosissimis
1252 3515 1363 3596 pictu-

135 3621 293 3703 ratisque
311 3623 507 3704 tapetibus,
530 3624 566 3687 in
587 3624 714 3705 quibus
735 3624 886 3704 plurima
908 3624 1111 3704 optimaque
1133 3621 1238 3686 affixa
1260 3629 1363 3686 erant

136 3729 406 3816 epigrammata,
429 3731 571 3795 Allatae
584 3741 667 3795 sunt
682 3731 789 3795 etiam
803 3730 1082 3812 quamplurimae
1096 3731 1237 3794 tabulae
1251 3731 1363 3793 uariis

136 3835 302 3918 mirisque
317 3837 531 3916 imaginibus
545 3838 722 3918 depictae,
739 3837 866 3918 quibus
881 3838 973 3902 bona
988 3855 1073 3916 pars
1088 3837 1213 3902 domus
1227 3854 1298 3900 non
1312 3837 1361 3900 in-

134 3953 257 4006 ornate
278 3953 357 4007 erat
378 3945 562 4008 instructa.
589 3943 711 4008 Ramis
735 3955 921 4024 praeterea
945 3944 1188 4008 frondentibus
1213 3944 1362 4023 aliisque

135 4050 357 4128 peruenustis
371 4060 406 4114 et
421 4049 609 4115 odoriferis
618 4051 806 4116 frondibus
816 4051 1117 4132 arundinibusque
1128 4058 1230 4115 erant
1242 4051 1361 4114 omnia

134 4165 257 4234 strata,
273 4174 426 4238 quorum
440 4156 597 4221 omniunt
612 4157 690 4221 uisu
710 4157 856 4221 mirifice
871 4158 964 4221 oculi
986 4158 1218 4238 capiebantur
1237 4173 1280 4219 ac
1300 4174 1358 4236 pa·

135 4263 335 4327 scebantur.
352 4263 440 4328 Cum
455 4265 575 4344 itaque
589 4265 718 4328 domus
738 4265 901 4330 omm'bus
919 4264 976 4328 his
995 4265 1101 4328 rebus
1115 4263 1300 4328 'astructa
1319 4279 1362 4326 ac

131 4453 329 4470 --ῡ--ιι-ι-ιῦὰ

173 4573 182 4606 ¹
210 4575 304 4632 Nempe
317 4574 392 4620 Patri
402 4575 568 4632 Provinciall,
579 4576 697 4622 Michaeli
708 4578 739 4622 de
750 4544 853 4622 Turres.

171 4644 258 4760 'bille
273 4647 391 4692 additum
404 4655 458 4692 est:
474 4651 504 4691 ut
520 4649 625 4704 tapetia
643 4653 669 4693 et
684 4649 841 4694 huiusmodi
847 4682 854 4700 ,
871 4661 940 4709 quae
956 4653 993 4696 ad
1008 4654 1163 4712 ornandam
1176 4663 1285 4698 scenam
1301 4658 1371 4709 pen.

133 4719 189 4762 elne
207 4721 261 4762 ant.
