3382 5528
359 491 415 556 494
745 494 917 559 errsaan
936 507 1207 565 onanaransrans
1226 459 1227 463 Ἰ

360 641 405 705 tis
420 650 543 724 aperte
558 643 764 710 declarauit.
781 643 872 709 Nam
894 661 976 708 cum
990 643 1036 708 ad
1050 660 1111 708 eos
1127 643 1248 709 literas
1267 646 1432 722 mitteret,
1450 643 1579 726 quibus·

360 765 441 814 cum
460 750 561 815 nobis
580 768 638 816 res
656 760 720 832 est,
741 760 864 816 nostra
887 751 1003 816 omnia
1027 752 1227 818 arctissime
1246 751 1517 832 commendauit,
1540 771 1579 816 ac

361 873 465 937 spero
481 857 572 921 nihil
585 875 665 922 eum
682 859 703 938 ¹,
720 859 815 941 quod
829 857 875 922 ad
889 856 993 938 hujus
1007 859 1148 939 collegii
1166 858 1465 940 amplitudinem*
1485 861 1579 942 perti·

360 973 453 1040 neat,
479 964 518 1028 in
542 965 739 1030 exhibendo
761 965 882 1046 officio
904 966 1250 1046 praetermissurum.
1271 965 1363 1031 Nam
1382 966 1489 1031 mdia
1502 967 1578 1032 scri·

360 1071 430 1152 psit
445 1069 456 1102 ⁸
471 1071 538 1136 sibi
552 1090 691 1154 panem,
707 1089 815 1154 quam
829 1072 910 1136 buic
925 1073 1076 1153 collegio
1090 1075 1305 1153 necessaria,
1322 1072 1456 1138 deesse.
1476 1073 1536 1138 Est
1549 1083 1580 1137 et

360 1179 504 1259 quidam
518 1180 674 1244 liberalis
695 1181 795 1260 ciuis,
817 1181 874 1245 cui
894 1197 953 1245 res
971 1190 1115 1246 nostrae
1136 1182 1291 1247 maxime
1312 1197 1419 1246 curae
1441 1190 1531 1246 sunt:
1552 1183 1580 1246 is

283 1355 287 1364 ,
360 1302 443 1351 cum
456 1303 565 1368 equos
579 1297 613 1351 et
628 1288 831 1352 uenatorios
847 1305 955 1352 canes
970 1291 1092 1370 aleret,
1113 1307 1182 1370 quo
1198 1287 1314 1353 studio
1336 1289 1482 1354 mirifice
1497 1289 1581 1353 dele·

361 1402 488 1474 ctatur,
505 1412 544 1459 se
559 1396 677 1460 omnia
699 1395 926 1460 dimissurum
941 1397 1123 1478 professus
1143 1406 1209 1477 est,
1225 1414 1296 1479 quo
1319 1395 1458 1462 facilius
1478 1397 1583 1478 possit

361 1504 466 1568 rebus
491 1503 622 1568 nostris
645 1502 844 1568 subuenire.
868 1501 959 1568 Tum
980 1503 1179 1586 Episcopus
1199 1505 1342 1586 eiusque
1362 1505 1527 1571 Vicarius
1547 1521 1583 1568 se

361 1621 484 1675 nostra
497 1610 727 1675 libentissime
743 1619 930 1676 curaturos
953 1609 1152 1690 ostendunt,
1169 1622 1215 1691 et,
1233 1614 1349 1693 quoad
1364 1613 1441 1676 fieri
1461 1619 1581 1693 potest,

361 1734 424 1780 nec
437 1717 593 1796 auxilio,
604 1735 670 1782 nec
682 1718 908 1797 authoritate,
922 1736 988 1784 nec
1003 1718 1249 1798 largitionibus
1264 1718 1401 1784 desunt.
1419 1713 1582 1798 Reir'pui‘

362 1826 459 1890 ciues
472 1833 572 1889 tanto
588 1824 702 1889 nostri
724 1825 959 1890 incenduntur
974 1825 1101 1906 studio,
1125 1837 1163 1890 ut
1177 1827 1309 1891 uiritim
1325 1843 1390 1907 pro
1413 1826 1514 1891 nobis
1528 1826 1581 1889 sti·

363 1949 443 2014 pem
458 1932 709 2016 quaeritantes,
723 1933 841 1997 omnia
857 1932 996 1997 abunde
1008 1934 1211 1998 necessaria
1222 1935 1499 1999 subministrent.
1514 1932 1580 1997 Nec

362 2049 531 2106 ueremur
549 2039 680 2120 aliquid
701 2041 744 2104 de
765 2041 909 2122 propria
930 2041 1108 2120 grauitate
1123 2041 1313 2122 remittere,
1338 2041 1444 2106 modo
1457 2043 1581 2106 nostris

362 2149 469 2213 rebus
491 2157 525 2212 et
540 2147 749 2212 utilitatibus
768 2150 968 2213 consulant.
990 2148 1045 2213 De
1063 2149 1219 2213 ciuitatis
1241 2149 1490 2214 Gubernatore
1504 2147 1582 2214 nibil

363 2256 454 2334 dico,
478 2255 644 2336 quoniam
666 2273 781 2320 nouus
799 2264 853 2319 est
874 2257 911 2320 in
931 2255 998 2321 hac
1020 2255 1123 2321 urbe:
1144 2256 1297 2322 ostendit
1318 2265 1437 2322 tamen
1462 2259 1498 2322 in
1523 2273 1581 2320 nos

363 2363 451 2427 bene
467 2360 479 2392 ⁵
494 2380 571 2426 esse
585 2361 761 2427 affectum.

423 2469 520 2534 Haec
536 2486 599 2549 pro
615 2488 694 2534 mea
716 2470 969 2535 consuetudine
982 2470 1138 2536 breuiter
1152 2470 1428 2552 simpliciterque
1449 2471 1581 2552 scripsi:

362 2594 452 2658 quae
466 2583 643 2657 gerentur
656 2577 821 2658 deinceps
835 2576 1051 2657 diligentius
1062 2579 1249 2643 scribenda
1263 2578 1480 2644 curabimus.
1497 2577 1581 2642 Vale

362 2685 513 2764 interim,
530 2696 564 2748 et
580 2701 645 2748 nos
659 2683 750 2749 habe
765 2685 834 2749 tuis
849 2685 1069 2750 orationibus
1083 2685 1361 2751 commendatos.

421 2790 601 2872 Perusiae,
617 2792 766 2872 septimo
782 2792 861 2856 idus
876 2789 1105 2873 Septembris,
1123 2809 1215 2857 anno
1227 2811 1247 2856 a
1260 2791 1456 2856 Natiuitate
1470 2791 1582 2857 Domi·

362 2899 399 2963 ui
417 2898 505 2963 1556.

725 3007 765 3071 T.
783 3007 820 3071 P.
837 3025 961 3072 seruus
976 3008 1155 3088 indignus,

1018 3223 1177 3304 Joauuas
1192 3223 1373 3290 Aarourus
1387 3226 1467 3290 Vre.

425 3545 693 3629 superscriptio
707 3546 745 3610 iu
761 3552 893 3628 quarta
903 3547 1066 3628 pagr’na:
1080 3548 1104 3631 †
1120 3549 1166 3614 Al
1180 3549 1287 3612 molto
1301 3547 1379 3613 R.‘¹⁰
1401 3549 1437 3613 in
1452 3548 1515 3614 X.⁰
1528 3545 1586 3610 Pa-

364 3655 427 3719 dre
441 3656 465 3718 il
479 3654 517 3718 Ρ.
534 3654 612 3718 Mn
626 3654 774 3738 Jacomo
789 3655 944 3735 Laynez,
967 3654 1113 3721 Vicario
1135 3657 1302 3735 generale
1317 3656 1361 3720 de
1381 3657 1415 3720 la
1444 3657 1585 3734 compa·

365 3764 426 3826 ilia
440 3761 483 3826 de
497 3762 594 3846 Jesu,
615 3761 740 3827 Roma.

436 3869 521 3934 Alia
537 3886 661 3934 manu:
680 3870 764 3934 1556.
783 3870 926 3936 Perosa.
943 3871 1056 3952 Quad.
1073 3872 1117 3937 de
1131 3871 1220 3937 Set.e
1249 3872 1366 3936 latine.
1384 3869 1527 3936 Emend.

372 4027 375 4033 .
434 3976 634 4057 Vestigium
648 3993 748 4040 carue
762 3977 891 4058 sigilli.

408 4257 415 4289 ¹
446 4257 551 4301 nulium
562 4268 624 4301 eum
635 4256 761 4312 officium.
771 4256 913 4302 Pomanus.

406 4329 418 4362 ἱ
445 4331 580 4374 ornatum.
596 4327 633 4375 ln.

406 4399 418 4434 ὅ
445 4401 549 4456 scripsit
561 4401 650 4445 malie.
662 4399 698 4446 lo.

406 4474 418 4506 ⁴
445 4473 522 4517 nobis
531 4473 634 4518 desunt.
645 4473 774 4517 Plurimil
785 4471 842 4516 alli.
853 4471 890 4516 lo.

405 4543 418 4580 ⁸
445 4555 475 4591 se
485 4546 585 4591 addidit
600 4545 736 4591 l’olaucns.
