<?xml version="1.0" encoding="UTF-8"?>
<!DOCTYPE html PUBLIC "-//W3C//DTD XHTML 1.0 Transitional//EN"
    "http://www.w3.org/TR/xhtml1/DTD/xhtml1-transitional.dtd">
<html xmlns="http://www.w3.org/1999/xhtml" xml:lang="en" lang="en">
 <head>
  <title>
</title>
<meta http-equiv="Content-Type" content="text/html;charset=utf-8" />
  <meta name='ocr-system' content='tesseract 3.04.00' />
  <meta name='ocr-capabilities' content='ocr_page ocr_carea ocr_par ocr_line ocrx_word'/>
</head>
<body>
  <div class='ocr_page' id='page_1' title='image "./litteraequadrim00jesugoog/litteraequadrim00jesugoog_0193.png"; bbox 0 0 3504 5532; ppageno 0'>
   <div class='ocr_carea' id='block_1_1' title="bbox 658 537 1347 602">
    <p class='ocr_par' dir='ltr' id='par_1_1' title="bbox 658 537 1347 602">
     <span class='ocr_line' id='line_1_1' title="bbox 658 537 1347 602; baseline -0.006 -1"><span class='ocrx_word' id='word_1_1' title='bbox 658 539 722 602; x_wconf 81' lang='lat' dir='ltr'><strong>Art.</strong></span> <span class='ocrx_word' id='word_1_2' title='bbox 745 539 815 602; x_wconf 75' lang='lat'>1556</span> <span class='ocrx_word' id='word_1_3' title='bbox 1296 537 1347 598; x_wconf 81' lang='lat' dir='ltr'><strong>tat</strong></span> 
     </span>
    </p>
   </div>
   <div class='ocr_carea' id='block_1_2' title="bbox 119 685 1399 3239">
    <p class='ocr_par' dir='ltr' id='par_1_2' title="bbox 119 685 1399 3239">
     <span class='ocr_line' id='line_1_2' title="bbox 123 685 1346 774; baseline 0 -22"><span class='ocrx_word' id='word_1_4' title='bbox 123 691 177 752; x_wconf 83' lang='lat' dir='ltr'><strong>tes</strong></span> <span class='ocrx_word' id='word_1_5' title='bbox 198 687 219 765; x_wconf 80' lang='lat'><strong>¹,</strong></span> <span class='ocrx_word' id='word_1_6' title='bbox 240 706 330 771; x_wconf 92' lang='lat' dir='ltr'><strong>quos</strong></span> <span class='ocrx_word' id='word_1_7' title='bbox 354 689 412 754; x_wconf 91' lang='lat' dir='ltr'><strong>ille</strong></span> <span class='ocrx_word' id='word_1_8' title='bbox 435 689 573 774; x_wconf 81' lang='lat' dir='ltr'><strong>plenius</strong></span> <span class='ocrx_word' id='word_1_9' title='bbox 599 689 751 770; x_wconf 88' lang='lat' dir='ltr'>edocuit,</span> <span class='ocrx_word' id='word_1_10' title='bbox 779 691 984 771; x_wconf 78' lang='lat' dir='ltr'><strong>monuitque</strong></span> <span class='ocrx_word' id='word_1_11' title='bbox 999 685 1296 772; x_wconf 87' lang='lat' dir='ltr'><strong>quemadmodum</strong></span> <span class='ocrx_word' id='word_1_12' title='bbox 1311 687 1346 752; x_wconf 94' lang='lat' dir='ltr'><strong>in</strong></span> 
     </span>
     <span class='ocr_line' id='line_1_3' title="bbox 124 796 1346 879; baseline -0.002 -17"><span class='ocrx_word' id='word_1_13' title='bbox 124 805 304 878; x_wconf 89' lang='lat' dir='ltr'><strong>posterum</strong></span> <span class='ocrx_word' id='word_1_14' title='bbox 318 797 443 878; x_wconf 70' lang='lat' dir='ltr'><strong>gerere</strong></span> <span class='ocrx_word' id='word_1_15' title='bbox 457 814 497 862; x_wconf 86' lang='lat' dir='ltr'><strong>se</strong></span> <span class='ocrx_word' id='word_1_16' title='bbox 510 796 672 862; x_wconf 83' lang='lat' dir='ltr'><strong>debeant.</strong></span> <span class='ocrx_word' id='word_1_17' title='bbox 689 797 745 862; x_wconf 82' lang='lat' dir='ltr'><strong>Ex</strong></span> <span class='ocrx_word' id='word_1_18' title='bbox 759 797 814 862; x_wconf 89' lang='lat' dir='ltr'><strong>his</strong></span> <span class='ocrx_word' id='word_1_19' title='bbox 829 797 970 879; x_wconf 86' lang='lat' dir='ltr'><strong>plurimi</strong></span> <span class='ocrx_word' id='word_1_20' title='bbox 991 796 1144 861; x_wconf 86' lang='lat' dir='ltr'>confessi</span> <span class='ocrx_word' id='word_1_21' title='bbox 1165 803 1265 875; x_wconf 88' lang='lat' dir='ltr'><strong>sunt,</strong></span> <span class='ocrx_word' id='word_1_22' title='bbox 1277 796 1346 859; x_wconf 91' lang='lat' dir='ltr'><strong>ius·</strong></span> 
     </span>
     <span class='ocr_line' id='line_1_4' title="bbox 122 903 1347 992; baseline -0.001 -24"><span class='ocrx_word' id='word_1_23' title='bbox 122 905 222 986; x_wconf 85' lang='lat' dir='ltr'><strong>sique</strong></span> <span class='ocrx_word' id='word_1_24' title='bbox 250 905 434 971; x_wconf 86' lang='lat' dir='ltr'><strong>restituere</strong></span> <span class='ocrx_word' id='word_1_25' title='bbox 466 921 558 987; x_wconf 89' lang='lat' dir='ltr'><strong>quae</strong></span> <span class='ocrx_word' id='word_1_26' title='bbox 581 904 774 984; x_wconf 83' lang='lat' dir='ltr'><strong>debebant,</strong></span> <span class='ocrx_word' id='word_1_27' title='bbox 806 906 955 970; x_wconf 88' lang='lat' dir='ltr'><strong>libenter</strong></span> <span class='ocrx_word' id='word_1_28' title='bbox 979 905 1157 992; x_wconf 77' lang='lat' dir='ltr'><strong>iecerunt:</strong></span> <span class='ocrx_word' id='word_1_29' title='bbox 1185 903 1347 968; x_wconf 88' lang='lat' dir='ltr'><strong>restituta</strong></span> 
     </span>
     <span class='ocr_line' id='line_1_5' title="bbox 122 1009 1347 1094; baseline -0.001 -19"><span class='ocrx_word' id='word_1_30' title='bbox 122 1020 216 1091; x_wconf 86' lang='lat' dir='ltr'><strong>sunt,</strong></span> <span class='ocrx_word' id='word_1_31' title='bbox 232 1012 369 1093; x_wconf 87' lang='lat' dir='ltr'><strong>opinor,</strong></span> <span class='ocrx_word' id='word_1_32' title='bbox 384 1009 542 1094; x_wconf 77' lang='lat' dir='ltr'><strong>amplius</strong></span> <span class='ocrx_word' id='word_1_33' title='bbox 556 1011 569 1043; x_wconf 83' lang='lat'>¹</span> <span class='ocrx_word' id='word_1_34' title='bbox 583 1013 653 1078; x_wconf 92' lang='lat' dir='ltr'><strong>duo</strong></span> <span class='ocrx_word' id='word_1_35' title='bbox 668 1013 776 1078; x_wconf 89' lang='lat' dir='ltr'><strong>millia</strong></span> <span class='ocrx_word' id='word_1_36' title='bbox 792 1028 992 1077; x_wconf 89' lang='lat' dir='ltr'><strong>aureorum.</strong></span> <span class='ocrx_word' id='word_1_37' title='bbox 1008 1011 1076 1076; x_wconf 92' lang='lat' dir='ltr'><strong>Vir</strong></span> <span class='ocrx_word' id='word_1_38' title='bbox 1087 1011 1230 1094; x_wconf 89' lang='lat' dir='ltr'><strong>quidam</strong></span> <span class='ocrx_word' id='word_1_39' title='bbox 1244 1009 1347 1074; x_wconf 91' lang='lat' dir='ltr'><strong>huius</strong></span> 
     </span>
     <span class='ocr_line' id='line_1_6' title="bbox 122 1119 1348 1212; baseline 0 -30"><span class='ocrx_word' id='word_1_40' title='bbox 122 1120 289 1212; x_wconf 75' lang='lat' dir='ltr'><strong>ciuitatis,</strong></span> <span class='ocrx_word' id='word_1_41' title='bbox 305 1120 478 1206; x_wconf 86' lang='lat' dir='ltr'><strong>imprimis</strong></span> <span class='ocrx_word' id='word_1_42' title='bbox 493 1120 630 1200; x_wconf 90' lang='lat' dir='ltr'><strong>nobilis,</strong></span> <span class='ocrx_word' id='word_1_43' title='bbox 646 1122 683 1185; x_wconf 92' lang='lat' dir='ltr'><strong>in</strong></span> <span class='ocrx_word' id='word_1_44' title='bbox 698 1120 891 1185; x_wconf 85' lang='lat' dir='ltr'><strong>monachos</strong></span> <span class='ocrx_word' id='word_1_45' title='bbox 905 1120 979 1185; x_wconf 90' lang='lat' dir='ltr'><strong>diui</strong></span> <span class='ocrx_word' id='word_1_46' title='bbox 993 1119 1171 1184; x_wconf 88' lang='lat' dir='ltr'><strong>Dominici</strong></span> <span class='ocrx_word' id='word_1_47' title='bbox 1189 1120 1348 1198; x_wconf 86' lang='lat' dir='ltr'><strong>grauiter</strong></span> 
     </span>
     <span class='ocr_line' id='line_1_7' title="bbox 122 1225 1347 1308; baseline -0.002 -18"><span class='ocrx_word' id='word_1_48' title='bbox 122 1225 205 1291; x_wconf 87' lang='lat' dir='ltr'><strong>odio</strong></span> <span class='ocrx_word' id='word_1_49' title='bbox 219 1227 395 1308; x_wconf 89' lang='lat' dir='ltr'><strong>incensus,</strong></span> <span class='ocrx_word' id='word_1_50' title='bbox 422 1228 517 1308; x_wconf 87' lang='lat' dir='ltr'><strong>quod</strong></span> <span class='ocrx_word' id='word_1_51' title='bbox 542 1245 563 1291; x_wconf 89' lang='lat' dir='ltr'><strong>a</strong></span> <span class='ocrx_word' id='word_1_52' title='bbox 589 1225 742 1308; x_wconf 87' lang='lat' dir='ltr'><strong>quodam</strong></span> <span class='ocrx_word' id='word_1_53' title='bbox 767 1228 842 1292; x_wconf 91' lang='lat' dir='ltr'><strong>eius</strong></span> <span class='ocrx_word' id='word_1_54' title='bbox 864 1227 1071 1292; x_wconf 90' lang='lat' dir='ltr'><strong>monasterii</strong></span> <span class='ocrx_word' id='word_1_55' title='bbox 1096 1225 1347 1290; x_wconf 82' lang='lat' dir='ltr'><strong>concionatore</strong></span> 
     </span>
     <span class='ocr_line' id='line_1_8' title="bbox 121 1335 1345 1417; baseline 0 -19"><span class='ocrx_word' id='word_1_56' title='bbox 121 1343 217 1398; x_wconf 89' lang='lat' dir='ltr'><strong>esset</strong></span> <span class='ocrx_word' id='word_1_57' title='bbox 245 1335 288 1400; x_wconf 90' lang='lat' dir='ltr'><strong>de</strong></span> <span class='ocrx_word' id='word_1_58' title='bbox 316 1336 470 1417; x_wconf 87' lang='lat' dir='ltr'><strong>quodam</strong></span> <span class='ocrx_word' id='word_1_59' title='bbox 499 1336 587 1400; x_wconf 86' lang='lat' dir='ltr'><strong>vitio</strong></span> <span class='ocrx_word' id='word_1_60' title='bbox 612 1336 667 1415; x_wconf 84' lang='lat' dir='ltr'><strong>(vt</strong></span> <span class='ocrx_word' id='word_1_61' title='bbox 693 1336 759 1399; x_wconf 90' lang='lat' dir='ltr'><strong>sibi</strong></span> <span class='ocrx_word' id='word_1_62' title='bbox 785 1335 990 1412; x_wconf 89' lang='lat' dir='ltr'><strong>videbatur)</strong></span> <span class='ocrx_word' id='word_1_63' title='bbox 1021 1335 1160 1415; x_wconf 91' lang='lat' dir='ltr'><strong>publice</strong></span> <span class='ocrx_word' id='word_1_64' title='bbox 1190 1341 1345 1412; x_wconf 89' lang='lat' dir='ltr'><strong>notatus,</strong></span> 
     </span>
     <span class='ocr_line' id='line_1_9' title="bbox 121 1441 1345 1524; baseline 0 -20"><span class='ocrx_word' id='word_1_65' title='bbox 121 1449 261 1523; x_wconf 87' lang='lat' dir='ltr'><strong>postea,</strong></span> <span class='ocrx_word' id='word_1_66' title='bbox 272 1443 493 1524; x_wconf 75' lang='lat' dir='ltr'><strong>poenitentia</strong></span> <span class='ocrx_word' id='word_1_67' title='bbox 517 1444 647 1508; x_wconf 86' lang='lat' dir='ltr'><strong>ductus</strong></span> <span class='ocrx_word' id='word_1_68' title='bbox 668 1441 691 1522; x_wconf 84' lang='lat'><strong>⁸,</strong></span> <span class='ocrx_word' id='word_1_69' title='bbox 709 1444 860 1508; x_wconf 90' lang='lat' dir='ltr'><strong>accessit</strong></span> <span class='ocrx_word' id='word_1_70' title='bbox 887 1444 932 1507; x_wconf 94' lang='lat' dir='ltr'><strong>ad</strong></span> <span class='ocrx_word' id='word_1_71' title='bbox 957 1443 1033 1508; x_wconf 91' lang='lat' dir='ltr'><strong>eius</strong></span> <span class='ocrx_word' id='word_1_72' title='bbox 1052 1442 1258 1507; x_wconf 87' lang='lat' dir='ltr'><strong>monasterii</strong></span> <span class='ocrx_word' id='word_1_73' title='bbox 1276 1441 1345 1505; x_wconf 86' lang='lat' dir='ltr'><strong>An-</strong></span> 
     </span>
     <span class='ocr_line' id='line_1_10' title="bbox 119 1549 1346 1632; baseline 0.001 -20"><span class='ocrx_word' id='word_1_74' title='bbox 119 1549 268 1614; x_wconf 90' lang='lat' dir='ltr'><strong>tistitem</strong></span> <span class='ocrx_word' id='word_1_75' title='bbox 282 1559 449 1632; x_wconf 81' lang='lat' dir='ltr'><strong>rogatum</strong></span> <span class='ocrx_word' id='word_1_76' title='bbox 463 1549 553 1614; x_wconf 80' lang='lat' dir='ltr'><strong>sebi⁴</strong></span> <span class='ocrx_word' id='word_1_77' title='bbox 563 1552 789 1632; x_wconf 83' lang='lat' dir='ltr'><strong>ignoscerent</strong></span> <span class='ocrx_word' id='word_1_78' title='bbox 800 1552 831 1614; x_wconf 86' lang='lat' dir='ltr'><strong>si</strong></span> <span class='ocrx_word' id='word_1_79' title='bbox 842 1549 925 1631; x_wconf 91' lang='lat' dir='ltr'><strong>quid</strong></span> <span class='ocrx_word' id='word_1_80' title='bbox 936 1567 998 1615; x_wconf 91' lang='lat' dir='ltr'><strong>eos</strong></span> <span class='ocrx_word' id='word_1_81' title='bbox 1010 1549 1222 1626; x_wconf 79' lang='lat' dir='ltr'><strong>offendisset:</strong></span> <span class='ocrx_word' id='word_1_82' title='bbox 1241 1549 1346 1613; x_wconf 82' lang='lat' dir='ltr'><strong>oflen-</strong></span> 
     </span>
     <span class='ocr_line' id='line_1_11' title="bbox 121 1655 1348 1740; baseline 0 -21"><span class='ocrx_word' id='word_1_83' title='bbox 121 1655 224 1726; x_wconf 90' lang='lat' dir='ltr'><strong>derat</strong></span> <span class='ocrx_word' id='word_1_84' title='bbox 234 1668 353 1724; x_wconf 87' lang='lat' dir='ltr'><strong>autem</strong></span> <span class='ocrx_word' id='word_1_85' title='bbox 367 1659 526 1738; x_wconf 78' lang='lat' dir='ltr'><strong>grauiter</strong></span> <span class='ocrx_word' id='word_1_86' title='bbox 541 1657 701 1723; x_wconf 89' lang='lat' dir='ltr'><strong>detracta</strong></span> <span class='ocrx_word' id='word_1_87' title='bbox 727 1657 814 1740; x_wconf 92' lang='lat' dir='ltr'><strong>ipsis</strong></span> <span class='ocrx_word' id='word_1_88' title='bbox 839 1658 945 1722; x_wconf 85' lang='lat' dir='ltr'><strong>fama.</strong></span> <span class='ocrx_word' id='word_1_89' title='bbox 973 1657 1180 1738; x_wconf 89' lang='lat' dir='ltr'><strong>Complures</strong></span> <span class='ocrx_word' id='word_1_90' title='bbox 1199 1657 1271 1735; x_wconf 91' lang='lat' dir='ltr'><strong>alii,</strong></span> <span class='ocrx_word' id='word_1_91' title='bbox 1288 1657 1348 1738; x_wconf 90' lang='lat' dir='ltr'><strong>qui</strong></span> 
     </span>
     <span class='ocr_line' id='line_1_12' title="bbox 121 1764 1349 1847; baseline 0 -20"><span class='ocrx_word' id='word_1_92' title='bbox 121 1764 235 1828; x_wconf 83' lang='lat' dir='ltr'><strong>variis</strong></span> <span class='ocrx_word' id='word_1_93' title='bbox 246 1765 323 1846; x_wconf 87' lang='lat' dir='ltr'><strong>(pro</strong></span> <span class='ocrx_word' id='word_1_94' title='bbox 334 1765 504 1847; x_wconf 90' lang='lat' dir='ltr'><strong>cuiusque</strong></span> <span class='ocrx_word' id='word_1_95' title='bbox 513 1765 619 1844; x_wconf 88' lang='lat' dir='ltr'><strong>statu)</strong></span> <span class='ocrx_word' id='word_1_96' title='bbox 628 1766 831 1844; x_wconf 85' lang='lat' dir='ltr'><strong>sceleribus,</strong></span> <span class='ocrx_word' id='word_1_97' title='bbox 844 1767 974 1829; x_wconf 87' lang='lat' dir='ltr'><strong>multos</strong></span> <span class='ocrx_word' id='word_1_98' title='bbox 983 1765 1054 1828; x_wconf 89' lang='lat' dir='ltr'><strong>iam</strong></span> <span class='ocrx_word' id='word_1_99' title='bbox 1066 1780 1179 1829; x_wconf 88' lang='lat' dir='ltr'><strong>annos</strong></span> <span class='ocrx_word' id='word_1_100' title='bbox 1187 1764 1349 1828; x_wconf 90' lang='lat' dir='ltr'><strong>obstricti</strong></span> 
     </span>
     <span class='ocr_line' id='line_1_13' title="bbox 120 1869 1351 1953; baseline -0.002 -17"><span class='ocrx_word' id='word_1_101' title='bbox 120 1871 346 1950; x_wconf 86' lang='lat' dir='ltr'><strong>tenebantur,</strong></span> <span class='ocrx_word' id='word_1_102' title='bbox 363 1873 492 1953; x_wconf 90' lang='lat' dir='ltr'><strong>partim</strong></span> <span class='ocrx_word' id='word_1_103' title='bbox 507 1872 738 1937; x_wconf 90' lang='lat' dir='ltr'><strong>concionibus</strong></span> <span class='ocrx_word' id='word_1_104' title='bbox 758 1871 887 1936; x_wconf 80' lang='lat' dir='ltr'><strong>Patris</strong></span> <span class='ocrx_word' id='word_1_105' title='bbox 906 1870 929 1952; x_wconf 80' lang='lat'><strong>⁸,</strong></span> <span class='ocrx_word' id='word_1_106' title='bbox 955 1871 1086 1953; x_wconf 87' lang='lat' dir='ltr'><strong>partim</strong></span> <span class='ocrx_word' id='word_1_107' title='bbox 1110 1869 1242 1935; x_wconf 86' lang='lat' dir='ltr'><strong>auxilio</strong></span> <span class='ocrx_word' id='word_1_108' title='bbox 1268 1889 1351 1934; x_wconf 88' lang='lat' dir='ltr'><strong>con·</strong></span> 
     </span>
     <span class='ocr_line' id='line_1_14' title="bbox 120 1978 1348 2059; baseline -0.001 -17"><span class='ocrx_word' id='word_1_109' title='bbox 120 1979 309 2050; x_wconf 83' lang='lat' dir='ltr'><strong>sessorum.</strong></span> <span class='ocrx_word' id='word_1_110' title='bbox 326 1989 407 2044; x_wconf 88' lang='lat' dir='ltr'><strong>sunt</strong></span> <span class='ocrx_word' id='word_1_111' title='bbox 420 1979 465 2044; x_wconf 90' lang='lat' dir='ltr'><strong>ad</strong></span> <span class='ocrx_word' id='word_1_112' title='bbox 476 1980 657 2044; x_wconf 91' lang='lat' dir='ltr'><strong>meliorem</strong></span> <span class='ocrx_word' id='word_1_113' title='bbox 668 1979 807 2059; x_wconf 79' lang='lat' dir='ltr'><strong>frugem</strong></span> <span class='ocrx_word' id='word_1_114' title='bbox 819 1979 988 2043; x_wconf 88' lang='lat' dir='ltr'><strong>reuocati.</strong></span> <span class='ocrx_word' id='word_1_115' title='bbox 1002 1978 1251 2042; x_wconf 85' lang='lat' dir='ltr'><strong>Confessiones</strong></span> <span class='ocrx_word' id='word_1_116' title='bbox 1267 1987 1348 2042; x_wconf 89' lang='lat' dir='ltr'><strong>sunt</strong></span> 
     </span>
     <span class='ocr_line' id='line_1_15' title="bbox 122 2086 1348 2168; baseline -0.001 -19"><span class='ocrx_word' id='word_1_117' title='bbox 122 2087 441 2167; x_wconf 80' lang='lat' dir='ltr'><strong>frequentissimae:</strong></span> <span class='ocrx_word' id='word_1_118' title='bbox 457 2087 607 2151; x_wconf 89' lang='lat' dir='ltr'><strong>iteratae</strong></span> <span class='ocrx_word' id='word_1_119' title='bbox 622 2095 708 2150; x_wconf 86' lang='lat' dir='ltr'><strong>sunt</strong></span> <span class='ocrx_word' id='word_1_120' title='bbox 719 2087 863 2168; x_wconf 86' lang='lat' dir='ltr'><strong>aliquot,</strong></span> <span class='ocrx_word' id='word_1_121' title='bbox 879 2086 974 2150; x_wconf 80' lang='lat' dir='ltr'><strong>inter</strong></span> <span class='ocrx_word' id='word_1_122' title='bbox 989 2103 1081 2167; x_wconf 80' lang='lat' dir='ltr'><strong>quas</strong></span> <span class='ocrx_word' id='word_1_123' title='bbox 1095 2087 1279 2165; x_wconf 86' lang='lat' dir='ltr'><strong>vnasaeta</strong></span> <span class='ocrx_word' id='word_1_124' title='bbox 1293 2091 1348 2149; x_wconf 90' lang='lat' dir='ltr'><strong>est</strong></span> 
     </span>
     <span class='ocr_line' id='line_1_16' title="bbox 121 2192 1399 2277; baseline -0.001 -20"><span class='ocrx_word' id='word_1_125' title='bbox 121 2210 255 2274; x_wconf 83' lang='lat' dir='ltr'><strong>magna</strong></span> <span class='ocrx_word' id='word_1_126' title='bbox 271 2197 307 2259; x_wconf 89' lang='lat' dir='ltr'><strong>vi</strong></span> <span class='ocrx_word' id='word_1_127' title='bbox 321 2195 586 2277; x_wconf 89' lang='lat' dir='ltr'><strong>lachrymarum</strong></span> <span class='ocrx_word' id='word_1_128' title='bbox 607 2212 651 2259; x_wconf 89' lang='lat' dir='ltr'><strong>ac</strong></span> <span class='ocrx_word' id='word_1_129' title='bbox 670 2193 906 2275; x_wconf 88' lang='lat' dir='ltr'><strong>poenitentiae</strong></span> <span class='ocrx_word' id='word_1_130' title='bbox 921 2211 1039 2258; x_wconf 90' lang='lat' dir='ltr'><strong>sensu.</strong></span> <span class='ocrx_word' id='word_1_131' title='bbox 1067 2193 1174 2258; x_wconf 83' lang='lat' dir='ltr'><strong>Alius</strong></span> <span class='ocrx_word' id='word_1_132' title='bbox 1190 2192 1348 2274; x_wconf 80' lang='lat' dir='ltr'><strong>quidam,</strong></span> <span class='ocrx_word' id='word_1_133' title='bbox 1397 2199 1399 2204; x_wconf 80' lang='grc'><strong>“</strong></span> 
     </span>
     <span class='ocr_line' id='line_1_17' title="bbox 121 2299 1349 2381; baseline -0.002 -18"><span class='ocrx_word' id='word_1_134' title='bbox 121 2301 187 2380; x_wconf 80' lang='lat' dir='ltr'><strong>qui</strong></span> <span class='ocrx_word' id='word_1_135' title='bbox 202 2301 342 2381; x_wconf 84' lang='lat' dir='ltr'><strong>pudore</strong></span> <span class='ocrx_word' id='word_1_136' title='bbox 366 2301 524 2380; x_wconf 82' lang='lat' dir='ltr'><strong>triginta</strong></span> <span class='ocrx_word' id='word_1_137' title='bbox 549 2319 666 2365; x_wconf 87' lang='lat' dir='ltr'><strong>annos</strong></span> <span class='ocrx_word' id='word_1_138' title='bbox 691 2300 844 2365; x_wconf 83' lang='lat' dir='ltr'><strong>mortale</strong></span> <span class='ocrx_word' id='word_1_139' title='bbox 864 2306 1048 2380; x_wconf 84' lang='lat' dir='ltr'><strong>peccatum</strong></span> <span class='ocrx_word' id='word_1_140' title='bbox 1074 2300 1111 2362; x_wconf 82' lang='lat' dir='ltr'><strong>r&#39;n</strong></span> <span class='ocrx_word' id='word_1_141' title='bbox 1126 2299 1349 2378; x_wconf 80' lang='lat' dir='ltr'><strong>confessione</strong></span> 
     </span>
     <span class='ocr_line' id='line_1_18' title="bbox 120 2407 1347 2490; baseline -0.002 -18"><span class='ocrx_word' id='word_1_142' title='bbox 120 2414 398 2490; x_wconf 77' lang='lat' dir='ltr'><strong>suppresserat,</strong></span> <span class='ocrx_word' id='word_1_143' title='bbox 422 2411 613 2490; x_wconf 86' lang='lat' dir='ltr'><strong>consessus</strong></span> <span class='ocrx_word' id='word_1_144' title='bbox 636 2413 712 2488; x_wconf 84' lang='lat' dir='ltr'><strong>est,</strong></span> <span class='ocrx_word' id='word_1_145' title='bbox 736 2425 778 2473; x_wconf 84' lang='lat' dir='ltr'><strong>ac</strong></span> <span class='ocrx_word' id='word_1_146' title='bbox 800 2417 940 2490; x_wconf 85' lang='lat' dir='ltr'><strong>paucos</strong></span> <span class='ocrx_word' id='word_1_147' title='bbox 959 2414 1046 2489; x_wconf 88' lang='lat' dir='ltr'><strong>post</strong></span> <span class='ocrx_word' id='word_1_148' title='bbox 1071 2407 1147 2470; x_wconf 80' lang='lat' dir='ltr'><strong>dies</strong></span> <span class='ocrx_word' id='word_1_149' title='bbox 1167 2412 1347 2470; x_wconf 82' lang='lat' dir='ltr'><strong>mortuus.</strong></span> 
     </span>
     <span class='ocr_line' id='line_1_19' title="bbox 120 2513 1346 2597; baseline -0.002 -17"><span class='ocrx_word' id='word_1_150' title='bbox 120 2514 389 2597; x_wconf 79' lang='lat' dir='ltr'><strong>Blasphemiae,</strong></span> <span class='ocrx_word' id='word_1_151' title='bbox 412 2515 630 2580; x_wconf 76' lang='lat' dir='ltr'><strong>iusiurando</strong></span> <span class='ocrx_word' id='word_1_152' title='bbox 654 2513 665 2546; x_wconf 80' lang='lat'>⁸</span> <span class='ocrx_word' id='word_1_153' title='bbox 691 2525 795 2597; x_wconf 89' lang='lat' dir='ltr'><strong>atque</strong></span> <span class='ocrx_word' id='word_1_154' title='bbox 821 2513 1022 2580; x_wconf 90' lang='lat' dir='ltr'><strong>huiusmodi</strong></span> <span class='ocrx_word' id='word_1_155' title='bbox 1046 2514 1134 2579; x_wconf 88' lang='lat' dir='ltr'><strong>vitia</strong></span> <span class='ocrx_word' id='word_1_156' title='bbox 1156 2531 1286 2594; x_wconf 79' lang='lat' dir='ltr'><strong>magna</strong></span> <span class='ocrx_word' id='word_1_157' title='bbox 1302 2531 1346 2578; x_wconf 90' lang='lat' dir='ltr'><strong>ex</strong></span> 
     </span>
     <span class='ocr_line' id='line_1_20' title="bbox 120 2621 1346 2705; baseline -0.002 -19"><span class='ocrx_word' id='word_1_158' title='bbox 120 2633 224 2703; x_wconf 90' lang='lat' dir='ltr'><strong>parte</strong></span> <span class='ocrx_word' id='word_1_159' title='bbox 250 2639 466 2705; x_wconf 89' lang='lat' dir='ltr'><strong>compressa,</strong></span> <span class='ocrx_word' id='word_1_160' title='bbox 492 2623 688 2692; x_wconf 84' lang='lat' dir='ltr'><strong>simultates</strong></span> <span class='ocrx_word' id='word_1_161' title='bbox 713 2624 940 2705; x_wconf 84' lang='lat' dir='ltr'><strong>compositae,</strong></span> <span class='ocrx_word' id='word_1_162' title='bbox 968 2621 1105 2687; x_wconf 89' lang='lat' dir='ltr'><strong>reducti</strong></span> <span class='ocrx_word' id='word_1_163' title='bbox 1131 2621 1346 2702; x_wconf 85' lang='lat' dir='ltr'><strong>ingratiam</strong></span> 
     </span>
     <span class='ocr_line' id='line_1_21' title="bbox 120 2730 1348 2813; baseline -0.003 -17"><span class='ocrx_word' id='word_1_164' title='bbox 120 2731 402 2813; x_wconf 86' lang='lat' dir='ltr'><strong>quiinimicltias</strong></span> <span class='ocrx_word' id='word_1_165' title='bbox 417 2731 507 2795; x_wconf 89' lang='lat' dir='ltr'><strong>inter</strong></span> <span class='ocrx_word' id='word_1_166' title='bbox 522 2748 560 2795; x_wconf 91' lang='lat' dir='ltr'><strong>se</strong></span> <span class='ocrx_word' id='word_1_167' title='bbox 576 2740 682 2812; x_wconf 88' lang='lat' dir='ltr'><strong>atque</strong></span> <span class='ocrx_word' id='word_1_168' title='bbox 695 2730 775 2796; x_wconf 88' lang='lat' dir='ltr'><strong>odia</strong></span> <span class='ocrx_word' id='word_1_169' title='bbox 790 2731 974 2811; x_wconf 84' lang='lat' dir='ltr'><strong>gerebant:</strong></span> <span class='ocrx_word' id='word_1_170' title='bbox 987 2730 1032 2795; x_wconf 87' lang='lat' dir='ltr'><strong>ad</strong></span> <span class='ocrx_word' id='word_1_171' title='bbox 1043 2738 1212 2810; x_wconf 83' lang='lat' dir='ltr'><strong>aegrotos</strong></span> <span class='ocrx_word' id='word_1_172' title='bbox 1224 2739 1257 2793; x_wconf 91' lang='lat' dir='ltr'><strong>et</strong></span> <span class='ocrx_word' id='word_1_173' title='bbox 1274 2746 1348 2807; x_wconf 92' lang='lat' dir='ltr'><strong>eos,</strong></span> 
     </span>
     <span class='ocr_line' id='line_1_22' title="bbox 122 2837 1356 2920; baseline -0.003 -17"><span class='ocrx_word' id='word_1_174' title='bbox 122 2839 182 2920; x_wconf 92' lang='lat' dir='ltr'><strong>qui</strong></span> <span class='ocrx_word' id='word_1_175' title='bbox 209 2840 246 2904; x_wconf 92' lang='lat' dir='ltr'><strong>in</strong></span> <span class='ocrx_word' id='word_1_176' title='bbox 271 2838 472 2904; x_wconf 82' lang='lat' dir='ltr'><strong>carceribus</strong></span> <span class='ocrx_word' id='word_1_177' title='bbox 497 2837 708 2916; x_wconf 89' lang='lat' dir='ltr'><strong>detinentur,</strong></span> <span class='ocrx_word' id='word_1_178' title='bbox 734 2837 845 2902; x_wconf 92' lang='lat' dir='ltr'><strong>habiti</strong></span> <span class='ocrx_word' id='word_1_179' title='bbox 867 2847 948 2902; x_wconf 91' lang='lat' dir='ltr'><strong>sunt</strong></span> <span class='ocrx_word' id='word_1_180' title='bbox 970 2853 1152 2901; x_wconf 89' lang='lat' dir='ltr'><strong>sermones</strong></span> <span class='ocrx_word' id='word_1_181' title='bbox 1177 2837 1312 2918; x_wconf 88' lang='lat' dir='ltr'><strong>aliquot</strong></span> <span class='ocrx_word' id='word_1_182' title='bbox 1328 2853 1356 2899; x_wconf 91' lang='lat' dir='ltr'><strong>a</strong></span> 
     </span>
     <span class='ocr_line' id='line_1_23' title="bbox 120 2940 1349 3025; baseline -0.002 -16"><span class='ocrx_word' id='word_1_183' title='bbox 120 2944 287 3012; x_wconf 85' lang='lat' dir='ltr'><strong>Patribus</strong></span> <span class='ocrx_word' id='word_1_184' title='bbox 301 2943 439 3025; x_wconf 84' lang='lat' dir='ltr'><strong>magna</strong></span> <span class='ocrx_word' id='word_1_185' title='bbox 455 2940 465 2974; x_wconf 74' lang='lat'><strong>¹</strong></span> <span class='ocrx_word' id='word_1_186' title='bbox 479 2945 621 3009; x_wconf 90' lang='lat' dir='ltr'><strong>illorum</strong></span> <span class='ocrx_word' id='word_1_187' title='bbox 635 2945 889 3009; x_wconf 91' lang='lat' dir='ltr'><strong>consolatione.</strong></span> <span class='ocrx_word' id='word_1_188' title='bbox 906 2942 986 3006; x_wconf 90' lang='lat' dir='ltr'><strong>Non</strong></span> <span class='ocrx_word' id='word_1_189' title='bbox 1005 2943 1131 3008; x_wconf 90' lang='lat' dir='ltr'><strong>desunt</strong></span> <span class='ocrx_word' id='word_1_190' title='bbox 1150 2941 1276 3024; x_wconf 89' lang='lat' dir='ltr'><strong>quibus</strong></span> <span class='ocrx_word' id='word_1_191' title='bbox 1290 2959 1349 3023; x_wconf 91' lang='lat' dir='ltr'><strong>pe·</strong></span> 
     </span>
     <span class='ocr_line' id='line_1_24' title="bbox 120 3050 1348 3134; baseline -0.002 -19"><span class='ocrx_word' id='word_1_192' title='bbox 120 3052 272 3117; x_wconf 89' lang='lat' dir='ltr'><strong>culiaria</strong></span> <span class='ocrx_word' id='word_1_193' title='bbox 286 3053 382 3116; x_wconf 85' lang='lat' dir='ltr'><strong>vitae</strong></span> <span class='ocrx_word' id='word_1_194' title='bbox 405 3052 626 3134; x_wconf 85' lang='lat' dir='ltr'><strong>perfectioris</strong></span> <span class='ocrx_word' id='word_1_195' title='bbox 644 3051 821 3117; x_wconf 87' lang='lat' dir='ltr'><strong>desideria</strong></span> <span class='ocrx_word' id='word_1_196' title='bbox 841 3051 938 3115; x_wconf 90' lang='lat' dir='ltr'><strong>Deus</strong></span> <span class='ocrx_word' id='word_1_197' title='bbox 958 3051 1117 3131; x_wconf 89' lang='lat' dir='ltr'><strong>inspiret,</strong></span> <span class='ocrx_word' id='word_1_198' title='bbox 1140 3050 1185 3115; x_wconf 90' lang='lat' dir='ltr'><strong>ad</strong></span> <span class='ocrx_word' id='word_1_199' title='bbox 1201 3067 1348 3130; x_wconf 86' lang='lat' dir='ltr'><strong>eamque</strong></span> 
     </span>
     <span class='ocr_line' id='line_1_25' title="bbox 120 3157 1349 3239; baseline -0.002 -17"><span class='ocrx_word' id='word_1_200' title='bbox 120 3159 277 3224; x_wconf 88' lang='lat' dir='ltr'><strong>assiduis</strong></span> <span class='ocrx_word' id='word_1_201' title='bbox 301 3159 533 3239; x_wconf 88' lang='lat' dir='ltr'><strong>orationibus,</strong></span> <span class='ocrx_word' id='word_1_202' title='bbox 552 3159 702 3239; x_wconf 68' lang='lat' dir='ltr'><strong>ieiuniis</strong></span> <span class='ocrx_word' id='word_1_203' title='bbox 729 3159 853 3224; x_wconf 90' lang='lat' dir='ltr'><strong>ciliciis</strong></span> <span class='ocrx_word' id='word_1_204' title='bbox 873 3158 1020 3238; x_wconf 89' lang='lat' dir='ltr'><strong>aliisque</strong></span> <span class='ocrx_word' id='word_1_205' title='bbox 1040 3157 1230 3238; x_wconf 89' lang='lat' dir='ltr'><strong>asperioris</strong></span> <span class='ocrx_word' id='word_1_206' title='bbox 1253 3157 1349 3221; x_wconf 88' lang='lat' dir='ltr'><strong>vitae</strong></span> 
     </span>
    </p>
   </div>
   <div class='ocr_carea' id='block_1_3' title="bbox 121 3263 1429 3331">
    <p class='ocr_par' dir='ltr' id='par_1_3' title="bbox 121 3263 1429 3331">
     <span class='ocr_line' id='line_1_26' title="bbox 121 3263 1429 3331; baseline -0.003 -1"><span class='ocrx_word' id='word_1_207' title='bbox 121 3265 324 3331; x_wconf 88' lang='lat' dir='ltr'><strong>actionibus</strong></span> <span class='ocrx_word' id='word_1_208' title='bbox 349 3265 574 3331; x_wconf 88' lang='lat' dir='ltr'><strong>contendant.</strong></span> <span class='ocrx_word' id='word_1_209' title='bbox 605 3264 798 3330; x_wconf 86' lang='lat' dir='ltr'><strong>Doctrinae</strong></span> <span class='ocrx_word' id='word_1_210' title='bbox 827 3264 1042 3328; x_wconf 88' lang='lat' dir='ltr'><strong>christianae</strong></span> <span class='ocrx_word' id='word_1_211' title='bbox 1068 3263 1182 3327; x_wconf 89' lang='lat' dir='ltr'><strong>maior</strong></span> <span class='ocrx_word' id='word_1_212' title='bbox 1211 3264 1246 3328; x_wconf 89' lang='lat' dir='ltr'><strong>in</strong></span> <span class='ocrx_word' id='word_1_213' title='bbox 1274 3263 1350 3327; x_wconf 91' lang='lat' dir='ltr'><strong>dies</strong></span> <span class='ocrx_word' id='word_1_214' title='bbox 1426 3285 1429 3294; x_wconf 91' lang='lat'>·</span> 
     </span>
    </p>
   </div>
   <div class='ocr_carea' id='block_1_4' title="bbox 118 3371 1351 3990">
    <p class='ocr_par' dir='ltr' id='par_1_4' title="bbox 118 3371 1351 3990">
     <span class='ocr_line' id='line_1_27' title="bbox 120 3371 1348 3454; baseline -0.002 -16"><span class='ocrx_word' id='word_1_215' title='bbox 120 3373 261 3438; x_wconf 86' lang='lat' dir='ltr'><strong>iructus</strong></span> <span class='ocrx_word' id='word_1_216' title='bbox 276 3374 434 3438; x_wconf 86' lang='lat' dir='ltr'><strong>cernitur</strong></span> <span class='ocrx_word' id='word_1_217' title='bbox 459 3373 496 3436; x_wconf 90' lang='lat' dir='ltr'><strong>in</strong></span> <span class='ocrx_word' id='word_1_218' title='bbox 510 3372 640 3454; x_wconf 92' lang='lat' dir='ltr'><strong>pueris,</strong></span> <span class='ocrx_word' id='word_1_219' title='bbox 668 3382 773 3454; x_wconf 90' lang='lat' dir='ltr'><strong>atque</strong></span> <span class='ocrx_word' id='word_1_220' title='bbox 798 3371 833 3437; x_wconf 92' lang='lat' dir='ltr'><strong>in</strong></span> <span class='ocrx_word' id='word_1_221' title='bbox 859 3372 924 3449; x_wconf 90' lang='lat' dir='ltr'><strong>his,</strong></span> <span class='ocrx_word' id='word_1_222' title='bbox 952 3371 1011 3452; x_wconf 92' lang='lat' dir='ltr'><strong>qui</strong></span> <span class='ocrx_word' id='word_1_223' title='bbox 1033 3371 1096 3434; x_wconf 89' lang='lat' dir='ltr'><strong>vix</strong></span> <span class='ocrx_word' id='word_1_224' title='bbox 1118 3371 1232 3434; x_wconf 92' lang='lat' dir='ltr'><strong>adhuc</strong></span> <span class='ocrx_word' id='word_1_225' title='bbox 1252 3372 1348 3452; x_wconf 91' lang='lat' dir='ltr'><strong>loqui</strong></span> 
     </span>
     <span class='ocr_line' id='line_1_28' title="bbox 119 3478 1349 3560; baseline -0.002 -16"><span class='ocrx_word' id='word_1_226' title='bbox 119 3491 264 3544; x_wconf 91' lang='lat' dir='ltr'><strong>norunt.</strong></span> <span class='ocrx_word' id='word_1_227' title='bbox 282 3479 428 3545; x_wconf 90' lang='lat' dir='ltr'><strong>Maurus</strong></span> <span class='ocrx_word' id='word_1_228' title='bbox 442 3478 596 3560; x_wconf 87' lang='lat' dir='ltr'><strong>quidam,</strong></span> <span class='ocrx_word' id='word_1_229' title='bbox 614 3481 673 3560; x_wconf 92' lang='lat' dir='ltr'><strong>qui</strong></span> <span class='ocrx_word' id='word_1_230' title='bbox 695 3480 797 3543; x_wconf 91' lang='lat' dir='ltr'><strong>nullis</strong></span> <span class='ocrx_word' id='word_1_231' title='bbox 819 3495 975 3559; x_wconf 89' lang='lat' dir='ltr'><strong>vnquam</strong></span> <span class='ocrx_word' id='word_1_232' title='bbox 998 3478 1285 3559; x_wconf 89' lang='lat' dir='ltr'><strong>persuasionibus</strong></span> <span class='ocrx_word' id='word_1_233' title='bbox 1300 3479 1349 3541; x_wconf 94' lang='lat' dir='ltr'><strong>in·</strong></span> 
     </span>
     <span class='ocr_line' id='line_1_29' title="bbox 120 3585 1350 3669; baseline -0.002 -17"><span class='ocrx_word' id='word_1_234' title='bbox 120 3588 203 3652; x_wconf 90' lang='lat' dir='ltr'><strong>duci</strong></span> <span class='ocrx_word' id='word_1_235' title='bbox 225 3587 338 3669; x_wconf 93' lang='lat' dir='ltr'><strong>potuit</strong></span> <span class='ocrx_word' id='word_1_236' title='bbox 367 3596 407 3650; x_wconf 92' lang='lat' dir='ltr'><strong>vt</strong></span> <span class='ocrx_word' id='word_1_237' title='bbox 431 3587 661 3651; x_wconf 86' lang='lat' dir='ltr'><strong>christianam</strong></span> <span class='ocrx_word' id='word_1_238' title='bbox 685 3585 788 3650; x_wconf 90' lang='lat' dir='ltr'><strong>iidem</strong></span> <span class='ocrx_word' id='word_1_239' title='bbox 813 3587 1024 3666; x_wconf 89' lang='lat' dir='ltr'><strong>susciperet,</strong></span> <span class='ocrx_word' id='word_1_240' title='bbox 1051 3585 1183 3649; x_wconf 90' lang='lat' dir='ltr'><strong>auditis</strong></span> <span class='ocrx_word' id='word_1_241' title='bbox 1208 3587 1350 3667; x_wconf 87' lang='lat' dir='ltr'><strong>saepius</strong></span> 
     </span>
     <span class='ocr_line' id='line_1_30' title="bbox 121 3692 1350 3776; baseline -0.003 -16"><span class='ocrx_word' id='word_1_242' title='bbox 121 3696 256 3776; x_wconf 91' lang='lat' dir='ltr'><strong>pueris,</strong></span> <span class='ocrx_word' id='word_1_243' title='bbox 286 3694 483 3760; x_wconf 88' lang='lat' dir='ltr'><strong>doctrinam</strong></span> <span class='ocrx_word' id='word_1_244' title='bbox 513 3693 743 3759; x_wconf 87' lang='lat' dir='ltr'><strong>christianam</strong></span> <span class='ocrx_word' id='word_1_245' title='bbox 770 3711 834 3775; x_wconf 89' lang='lat' dir='ltr'><strong>per</strong></span> <span class='ocrx_word' id='word_1_246' title='bbox 858 3694 982 3756; x_wconf 90' lang='lat' dir='ltr'><strong>vrbem</strong></span> <span class='ocrx_word' id='word_1_247' title='bbox 1011 3692 1254 3770; x_wconf 86' lang='lat' dir='ltr'><strong>cantantibus,</strong></span> <span class='ocrx_word' id='word_1_248' title='bbox 1285 3710 1350 3757; x_wconf 90' lang='lat' dir='ltr'><strong>sua</strong></span> 
     </span>
     <span class='ocr_line' id='line_1_31' title="bbox 118 3799 1351 3883; baseline -0.003 -17"><span class='ocrx_word' id='word_1_249' title='bbox 118 3811 248 3883; x_wconf 91' lang='lat' dir='ltr'><strong>sponte</strong></span> <span class='ocrx_word' id='word_1_250' title='bbox 264 3802 436 3883; x_wconf 89' lang='lat' dir='ltr'><strong>baptizari</strong></span> <span class='ocrx_word' id='word_1_251' title='bbox 455 3802 579 3865; x_wconf 84' lang='lat' dir='ltr'><strong>voluit.</strong></span> <span class='ocrx_word' id='word_1_252' title='bbox 600 3799 929 3866; x_wconf 83' lang='lat' dir='ltr'><strong>Reverendissimus</strong></span> <span class='ocrx_word' id='word_1_253' title='bbox 952 3799 1148 3880; x_wconf 89' lang='lat' dir='ltr'><strong>Episcopus</strong></span> <span class='ocrx_word' id='word_1_254' title='bbox 1167 3799 1351 3864; x_wconf 87' lang='lat' dir='ltr'><strong>mandauit</strong></span> 
     </span>
     <span class='ocr_line' id='line_1_32' title="bbox 119 3905 1350 3990; baseline -0.004 -17"><span class='ocrx_word' id='word_1_255' title='bbox 119 3909 287 3974; x_wconf 88' lang='lat' dir='ltr'><strong>omnibus</strong></span> <span class='ocrx_word' id='word_1_256' title='bbox 301 3909 405 3974; x_wconf 90' lang='lat' dir='ltr'><strong>huius</strong></span> <span class='ocrx_word' id='word_1_257' title='bbox 417 3908 620 3974; x_wconf 90' lang='lat' dir='ltr'><strong>dioeceseos</strong></span> <span class='ocrx_word' id='word_1_258' title='bbox 634 3907 847 3990; x_wconf 71' lang='lat' dir='ltr'><strong>pastoribus</strong></span> <span class='ocrx_word' id='word_1_259' title='bbox 865 3916 902 3970; x_wconf 91' lang='lat' dir='ltr'><strong>vt</strong></span> <span class='ocrx_word' id='word_1_260' title='bbox 914 3905 1112 3971; x_wconf 88' lang='lat' dir='ltr'><strong>commissis</strong></span> <span class='ocrx_word' id='word_1_261' title='bbox 1124 3906 1190 3969; x_wconf 91' lang='lat' dir='ltr'><strong>sibi</strong></span> <span class='ocrx_word' id='word_1_262' title='bbox 1202 3906 1350 3987; x_wconf 90' lang='lat' dir='ltr'><strong>quisque</strong></span> 
     </span>
    </p>
   </div>
   <div class='ocr_carea' id='block_1_5' title="bbox 120 4011 1350 4103">
    <p class='ocr_par' dir='ltr' id='par_1_5' title="bbox 120 4011 1350 4103">
     <span class='ocr_line' id='line_1_33' title="bbox 120 4011 1350 4103; baseline -0.002 -23"><span class='ocrx_word' id='word_1_263' title='bbox 120 4017 263 4098; x_wconf 90' lang='lat' dir='ltr'><strong>populis</strong></span> <span class='ocrx_word' id='word_1_264' title='bbox 277 4033 357 4081; x_wconf 87' lang='lat' dir='ltr'><strong>eam</strong></span> <span class='ocrx_word' id='word_1_265' title='bbox 378 4016 612 4103; x_wconf 81' lang='lat' dir='ltr'><strong>declararent:</strong></span> <span class='ocrx_word' id='word_1_266' title='bbox 629 4015 728 4079; x_wconf 91' lang='lat' dir='ltr'><strong>missi</strong></span> <span class='ocrx_word' id='word_1_267' title='bbox 742 4023 823 4078; x_wconf 92' lang='lat' dir='ltr'><strong>sunt</strong></span> <span class='ocrx_word' id='word_1_268' title='bbox 835 4013 1062 4078; x_wconf 89' lang='lat' dir='ltr'><strong>nihilominus</strong></span> <span class='ocrx_word' id='word_1_269' title='bbox 1073 4031 1119 4077; x_wconf 84' lang='lat' dir='ltr'><strong>ex</strong></span> <span class='ocrx_word' id='word_1_270' title='bbox 1135 4014 1266 4077; x_wconf 91' lang='lat' dir='ltr'><strong>nostris</strong></span> <span class='ocrx_word' id='word_1_271' title='bbox 1281 4011 1350 4078; x_wconf 91' lang='lat' dir='ltr'><strong>duo</strong></span> 
     </span>
    </p>
   </div>
   <div class='ocr_carea' id='block_1_6' title="bbox 121 4197 334 4206">
    <p class='ocr_par' dir='ltr' id='par_1_6' title="bbox 121 4197 334 4206">
     <span class='ocr_line' id='line_1_34' title="bbox 121 4197 334 4206; baseline 0.005 -1"><span class='ocrx_word' id='word_1_272' title='bbox 121 4197 334 4206; x_wconf 75' lang='grc'><strong>-.-----</strong></span> 
     </span>
    </p>
   </div>
   <div class='ocr_carea' id='block_1_7' title="bbox 119 4292 1354 4851">
    <p class='ocr_par' dir='ltr' id='par_1_7' title="bbox 156 4292 544 4348">
     <span class='ocr_line' id='line_1_35' title="bbox 156 4292 544 4348; baseline 0 -10"><span class='ocrx_word' id='word_1_273' title='bbox 156 4293 165 4326; x_wconf 77' lang='lat'>¹</span> <span class='ocrx_word' id='word_1_274' title='bbox 196 4292 378 4348; x_wconf 77' lang='lat' dir='ltr'><strong>conserentes.</strong></span> <span class='ocrx_word' id='word_1_275' title='bbox 388 4293 529 4338; x_wconf 67' lang='lat' dir='ltr'><strong>Ponticos.</strong></span> <span class='ocrx_word' id='word_1_276' title='bbox 542 4320 544 4324; x_wconf 85' lang='lat'><em>.</em></span> 
     </span>
    </p>

    <p class='ocr_par' dir='ltr' id='par_1_8' title="bbox 156 4362 341 4422">
     <span class='ocr_line' id='line_1_36' title="bbox 156 4362 341 4422; baseline 0.011 -13"><span class='ocrx_word' id='word_1_277' title='bbox 156 4367 169 4398; x_wconf 83' lang='lat'><strong>¹</strong></span> <span class='ocrx_word' id='word_1_278' title='bbox 197 4362 341 4422; x_wconf 67' lang='lat' dir='ltr'><strong>supralu.</strong></span> 
     </span>
    </p>

    <p class='ocr_par' dir='ltr' id='par_1_9' title="bbox 156 4437 641 4493">
     <span class='ocr_line' id='line_1_37' title="bbox 156 4437 641 4493; baseline 0 -11"><span class='ocrx_word' id='word_1_279' title='bbox 156 4439 170 4470; x_wconf 78' lang='lat'><strong>¹</strong></span> <span class='ocrx_word' id='word_1_280' title='bbox 199 4439 236 4482; x_wconf 80' lang='lat' dir='ltr'><strong>ad</strong></span> <span class='ocrx_word' id='word_1_281' title='bbox 244 4437 444 4493; x_wconf 69' lang='lat' dir='ltr'><strong>poenirentiam</strong></span> <span class='ocrx_word' id='word_1_282' title='bbox 455 4437 591 4482; x_wconf 76' lang='lat' dir='ltr'><strong>inductus.</strong></span> <span class='ocrx_word' id='word_1_283' title='bbox 601 4437 641 4482; x_wconf 82' lang='lat' dir='ltr'><strong>lo.</strong></span> 
     </span>
    </p>

    <p class='ocr_par' dir='ltr' id='par_1_10' title="bbox 156 4509 345 4555">
     <span class='ocr_line' id='line_1_38' title="bbox 156 4509 345 4555; baseline -0.011 0"><span class='ocrx_word' id='word_1_284' title='bbox 156 4513 169 4546; x_wconf 71' lang='lat'>⁴</span> <span class='ocrx_word' id='word_1_285' title='bbox 197 4509 298 4555; x_wconf 73' lang='lat' dir='ltr'><strong>nisibi.</strong></span> <span class='ocrx_word' id='word_1_286' title='bbox 308 4509 345 4554; x_wconf 86' lang='lat' dir='ltr'><strong>ln.</strong></span> 
     </span>
    </p>

    <p class='ocr_par' dir='ltr' id='par_1_11' title="bbox 157 4579 439 4627">
     <span class='ocr_line' id='line_1_39' title="bbox 157 4579 439 4627; baseline 0.004 -1"><span class='ocrx_word' id='word_1_287' title='bbox 157 4583 169 4616; x_wconf 81' lang='lat'>⁸</span> <span class='ocrx_word' id='word_1_288' title='bbox 200 4579 439 4627; x_wconf 62' lang='lat' dir='ltr'><strong>harecherium.</strong></span> 
     </span>
    </p>

    <p class='ocr_par' dir='ltr' id='par_1_12' title="bbox 119 4653 1354 4782">
     <span class='ocr_line' id='line_1_40' title="bbox 156 4653 1354 4712; baseline 0.001 -14"><span class='ocrx_word' id='word_1_289' title='bbox 156 4653 169 4686; x_wconf 82' lang='lat'>⁸</span> <span class='ocrx_word' id='word_1_290' title='bbox 198 4654 263 4698; x_wconf 75' lang='lat' dir='ltr'><strong>Fuit</strong></span> <span class='ocrx_word' id='word_1_291' title='bbox 278 4654 325 4708; x_wconf 77' lang='lat' dir='ltr'><strong>qui</strong></span> <span class='ocrx_word' id='word_1_292' title='bbox 336 4655 477 4709; x_wconf 80' lang='lat' dir='ltr'><strong>peecatum</strong></span> <span class='ocrx_word' id='word_1_293' title='bbox 495 4654 609 4699; x_wconf 78' lang='lat' dir='ltr'><strong>mortale</strong></span> <span class='ocrx_word' id='word_1_294' title='bbox 626 4655 723 4712; x_wconf 84' lang='lat' dir='ltr'><strong>pudore</strong></span> <span class='ocrx_word' id='word_1_295' title='bbox 739 4654 848 4708; x_wconf 67' lang='lat' dir='ltr'><strong>triptota</strong></span> <span class='ocrx_word' id='word_1_296' title='bbox 863 4664 944 4704; x_wconf 59' lang='lat' dir='ltr'><strong>inuios</strong></span> <span class='ocrx_word' id='word_1_297' title='bbox 961 4658 1139 4710; x_wconf 76' lang='lat' dir='ltr'><strong>suppressum</strong></span> <span class='ocrx_word' id='word_1_298' title='bbox 1156 4656 1288 4702; x_wconf 72' lang='lat' dir='ltr'><strong>contusus</strong></span> <span class='ocrx_word' id='word_1_299' title='bbox 1306 4661 1354 4704; x_wconf 81' lang='lat' dir='ltr'><strong>est:</strong></span> 
     </span>
     <span class='ocr_line' id='line_1_41' title="bbox 119 4714 785 4782; baseline 0.003 -13"><span class='ocrx_word' id='word_1_300' title='bbox 119 4725 308 4782; x_wconf 73' lang='lat' dir='ltr'><strong>blasphemiae,</strong></span> <span class='ocrx_word' id='word_1_301' title='bbox 318 4725 483 4770; x_wconf 68' lang='lat' dir='ltr'><strong>iuramenta.</strong></span> <span class='ocrx_word' id='word_1_302' title='bbox 495 4724 533 4770; x_wconf 86' lang='lat' dir='ltr'><strong>lu.</strong></span> <span class='ocrx_word' id='word_1_303' title='bbox 782 4714 785 4720; x_wconf 44' lang='lat'><strong>¹</strong></span> 
     </span>
    </p>

    <p class='ocr_par' dir='ltr' id='par_1_13' title="bbox 158 4795 428 4851">
     <span class='ocr_line' id='line_1_42' title="bbox 158 4795 428 4851; baseline -0.007 -9"><span class='ocrx_word' id='word_1_304' title='bbox 158 4797 170 4830; x_wconf 65' lang='grc' dir='ltr'>ἵ</span> <span class='ocrx_word' id='word_1_305' title='bbox 200 4807 265 4842; x_wconf 73' lang='lat' dir='ltr'><strong>tun</strong></span> <span class='ocrx_word' id='word_1_306' title='bbox 275 4795 428 4851; x_wconf 62' lang='lat' dir='ltr'><strong>mansio.</strong></span> 
     </span>
    </p>
   </div>
   <div class='ocr_carea' id='block_1_8' title="bbox 0 0 1756 5532">
    <p class='ocr_par' dir='ltr' id='par_1_14' title="bbox 0 0 1756 5532">
     <span class='ocr_line' id='line_1_43' title="bbox 0 0 1756 5532; baseline 0 0"><span class='ocrx_word' id='word_1_307' title='bbox 0 0 1756 5532; x_wconf 95' lang='lat' dir='ltr'><strong> </strong></span> 
     </span>
    </p>
   </div>
  </div>
 </body>
</html>
