3578 5534
734 506 797 566 Au.
820 505 889 566 1556
1375 503 1426 562 ,79

186 652 240 730 gli
253 650 436 731 bisognosi
451 651 488 715 di
503 662 627 732 questo
642 652 789 731 borgho,
807 652 843 714 di
857 651 982 715 deutro
1001 661 1035 714 et
1059 650 1163 730 fuori,
1191 660 1226 715 et
1252 651 1366 714 scritti
1383 651 1419 714 in

191 771 240 822 vn
254 758 456 837 cathalogo
474 759 608 822 accioa
629 759 710 821 tutti
734 775 960 822 soccorresse
986 768 1111 838 questa
1132 758 1319 822 benedetta
1336 774 1421 820 casa

190 863 350 930 secondo
365 867 400 928 la
414 866 490 928 loro
505 865 693 928 necessita.

252 969 395 1052 Quanto
409 972 479 1034 alla
494 971 742 1052 penitentiaria
758 981 793 1034 et
807 979 910 1034 santa
926 972 1136 1034 comunione
1151 989 1223 1035 non
1235 971 1314 1036 dico
1331 973 1422 1035 altro

186 1077 260 1142 che
274 1095 316 1142 so
330 1077 461 1142 essersi
475 1077 688 1142 comunicati
703 1077 739 1141 in
754 1086 879 1158 questa
892 1087 996 1141 santa
1009 1094 1093 1140 casa
1104 1076 1207 1141 fuora
1218 1077 1254 1141 di
1268 1077 1420 1158 Pasqua,

189 1183 319 1248 Natale
337 1194 372 1248 et
392 1184 550 1264 giubilei,
566 1185 603 1247 in
616 1185 638 1246 5
652 1201 673 1246 0
688 1183 708 1247 6
721 1183 920 1263 settimane,
945 1192 1019 1246 otto
1043 1183 1151 1247 millia
1174 1193 1208 1249 et
1228 1193 1424 1249 settecento

188 1307 355 1370 persone.
370 1290 407 1355 Si
422 1291 591 1371 predicha
605 1307 727 1370 spesse
742 1292 837 1354 volte
852 1290 888 1354 in
914 1291 1066 1365 chiessa,
1094 1291 1259 1355 massime
1281 1293 1314 1354 le
1333 1292 1423 1356 feste

185 1407 225 1460 et
237 1400 270 1461 le
281 1396 502 1476 domeniche,
519 1407 553 1461 et
568 1398 682 1462 anche
697 1397 746 1478 gli
760 1397 878 1477 giorni
892 1397 1018 1476 feriali,
1032 1398 1173 1479 quando
1185 1397 1221 1461 di
1235 1398 1290 1462 cio
1306 1399 1420 1463 siamo

187 1504 351 1568 richiesti
370 1505 415 1568 da
434 1504 569 1584 signori
591 1521 611 1566 o
638 1503 776 1584 prelati.
799 1503 929 1584 Queste
954 1503 1148 1586 4tempora
1160 1504 1196 1569 di
1214 1504 1341 1570 Natale
1360 1507 1425 1570 s'e

187 1611 377 1691 predicato
393 1613 473 1674 nell'
500 1611 620 1674 tinello
634 1610 727 1675 della
750 1619 854 1674 santa
879 1627 965 1674 casa
991 1611 1049 1674 alli
1070 1612 1164 1675 serui
1189 1621 1224 1676 et
1243 1613 1423 1677 laboranti

183 1719 226 1782 di
244 1719 373 1798 quella,
390 1717 455 1780 che
470 1733 583 1781 sonno
603 1718 639 1781 in
657 1734 748 1799 gran
763 1735 921 1798 numero,
943 1735 1007 1799 per
1028 1718 1174 1798 disporli
1196 1721 1230 1783 al
1251 1729 1355 1784 santo
1371 1719 1422 1783 di·

185 1825 302 1899 uiuno
316 1833 351 1886 et
365 1823 438 1888 §.¹¹¹¹
458 1821 680 1888 Sacramenti
692 1839 755 1902 per
766 1823 826 1902 piu
837 1823 1073 1903 degnameute
1084 1824 1264 1887 celebrare
1275 1825 1308 1888 le
1318 1823 1418 1888 leste:

187 1931 215 1993 il
229 1931 345 1994 simile
361 1931 392 1994 si
405 1930 482 1994 fece
497 1931 532 1994 in
543 1931 667 2010 plazza
680 1931 770 1995 doue
785 1947 909 2010 spesso
924 1931 951 1992 s'
972 1930 1222 2011 epredichato;
1247 1940 1282 1995 et
1301 1949 1423 1997 comu-

185 2045 357 2101 nemeute
374 2037 406 2100 si
420 2039 600 2118 predicha,
628 2035 769 2118 quando
794 2037 1042 2101 incommincia
1063 2037 1139 2101 lare
1164 2037 1232 2102 fine
1257 2039 1291 2101 la
1306 2040 1421 2119 predi·

184 2144 259 2207 cha
274 2142 366 2208 della
382 2145 515 2224 chiesa,
542 2162 605 2225 per
630 2144 815 2225 riprender
839 2144 946 2226 quelli
968 2144 1033 2207 che
1060 2155 1187 2207 stanno
1211 2146 1322 2210 ociosi
1342 2163 1418 2227 per·

184 2251 309 2317 dendo
321 2253 377 2315 col
391 2260 510 2332 tempo
525 2252 558 2315 la
574 2253 698 2331 parola
712 2251 745 2314 d’
759 2249 869 2328 Iddio;
886 2262 920 2314 et
936 2251 1035 2313 aceio
1056 2269 1126 2314 non
1146 2253 1282 2332 scampi
1297 2254 1417 2317 alchu·

187 2377 237 2424 no
254 2377 362 2424 senza
379 2360 429 2424 tal
443 2359 595 2434 ricordo,
617 2360 684 2420 alle
703 2359 799 2420 volte
814 2359 844 2420 si
865 2357 1034 2436 predicha
1051 2357 1086 2420 in
1102 2360 1182 2438 quel
1206 2358 1419 2424 medessimo

185 2480 312 2548 tempo
327 2466 418 2531 nelle
433 2467 500 2530 due
515 2466 648 2547 piazze.

253 2571 348 2654 Ogni
362 2573 399 2636 dl
412 2572 533 2637 feriale
551 2572 690 2652 legonsi
710 2573 759 2651 gli
776 2575 851 2635 casi
869 2570 904 2636 di
925 2571 1142 2636 conscientia
1162 2573 1199 2636 iu
1217 2573 1337 2638 chiesa
1358 2574 1417 2638 dal

186 2675 270 2746 R.‘¹⁰
287 2691 411 2745 nostro
433 2679 547 2743 Padre
566 2679 721 2772 Maestro
746 2678 915 2758 Montoya
938 2678 963 2758 ¹,
985 2689 1210 2760 soprastante
1236 2681 1272 2744 di
1295 2691 1421 2762 questo

184 2789 357 2869 collegio;
373 2797 408 2850 et
421 2787 466 2866 io,
484 2787 569 2866 ogni
584 2786 794 2851 domenicha
809 2796 844 2849 et
858 2785 967 2865 festa,
984 2788 1042 2850 nel
1060 2787 1271 2851 medessimo
1293 2789 1420 2853 luocho

183 2905 225 2959 et
241 2906 415 2974 tempore,
431 2893 527 2958 finito
542 2910 703 2973 vespero,
721 2894 755 2955 la
765 2893 888 2973 primu
902 2893 994 2956 Diui
1006 2892 1121 2957 Pauli
1132 2895 1180 2958 ud
1199 2894 1420 2974 Corthtlnos·

186 3013 225 3066 et
245 3003 283 3066 di
305 3012 397 3065 tutto
419 3019 458 3064 se
476 3019 521 3064 ne
545 3016 649 3064 serve
668 3000 776 3063 molto
797 3009 919 3063 nostro
939 2997 1088 3078 signore
1110 3019 1173 3082 per
1194 3018 1258 3064 sua
1283 3001 1420 3067 infinita

183 3107 336 3174 buonta.

249 3217 303 3282 La
319 3217 441 3280 schola
456 3224 578 3279 nostra
592 3214 627 3278 la
643 3223 696 3278 tre
712 3215 817 3278 classi
832 3213 1006 3277 distincte:
1024 3214 1093 3279 dua
1109 3215 1145 3278 di
1162 3217 1362 3294 gramatica
1384 3228 1420 3281 et

186 3323 209 3386 l'
224 3325 319 3388 altra
334 3323 369 3387 d'
382 3323 576 3400 humanita;
593 3330 628 3385 et
643 3321 724 3385 tutti
739 3331 792 3384 tre
807 3322 951 3386 maestri
966 3320 1074 3386 fanno
1089 3321 1110 3384 4
1127 3322 1262 3386 lettionl
1277 3323 1419 3388 diuerse

183 3431 276 3511 ogni
290 3431 326 3494 dl
342 3448 446 3494 senza
462 3431 494 3494 le
509 3429 768 3509 compositioni,
785 3428 934 3509 dispute‚
950 3438 986 3491 et
1004 3429 1085 3492 altri
1100 3429 1273 3494 essercitii
1288 3431 1419 3495 littera-

187 3539 224 3616 li,
249 3539 311 3602 alli
328 3539 424 3618 quali
444 3535 474 3599 si
495 3553 564 3616 puo
587 3536 743 3600 ritrouar
768 3535 853 3614 ogni
877 3552 948 3598 uno
974 3535 1129 3598 secondo
1151 3537 1183 3598 el
1203 3537 1304 3600 solito
1327 3538 1418 3602 della

182 3643 422 3725 Compagnia.
439 3643 485 3708 Al
501 3658 603 3706 meno
619 3642 704 3722 ogni
721 3642 759 3704 15
772 3642 888 3720 giorni
904 3643 934 3704 si
949 3642 1060 3704 recita
1072 3642 1332 3721 publicamente
1345 3662 1417 3707 vna

184 3752 354 3816 oratione
368 3750 549 3814 suassoria
565 3766 586 3811 a
601 3748 751 3830 qualche
765 3749 872 3826 virtu,
889 3767 910 3810 o
924 3765 1011 3811 vero
1031 3749 1268 3812 dissuassoria
1287 3748 1344 3813 del
1366 3751 1418 3813 vi-

186 3860 240 3922 tio
262 3857 455 3922 contrario.
1388 3869 1390 3874 ·

252 3961 386 4044 Questo
405 3963 662 4045 quadrimestre
682 3980 793 4027 sonno
809 3963 892 4026 stati
912 3963 972 4043 qui
991 3963 1092 4027 molti
1113 3963 1282 4044 prencipi,
1300 3965 1418 4044 signo·

185 4071 220 4134 ri
245 4080 281 4133 et
305 4071 459 4149 signore,
487 4071 498 4133 i
522 4071 618 4151 quali
640 4071 748 4134 molto
772 4071 802 4134 si
824 4087 937 4133 sonno
961 4069 1145 4149 rallegrati
1170 4070 1201 4132 d'
1228 4071 1338 4136 hauer
1358 4072 1417 4154 qui

181 4187 330 4242 trouata
346 4177 380 4240 la
396 4177 616 4258 Compagnia
632 4185 666 4240 et
686 4177 787 4257 quasi
802 4176 883 4240 tutti
902 4177 933 4239 si
949 4194 1060 4240 sonno
1084 4176 1129 4239 da
1150 4177 1209 4240 noi
1232 4179 1313 4241 altri
1335 4195 1417 4242 con·

180 4285 322 4363 sessati,
338 4295 373 4348 et
393 4285 506 4348 anche
524 4284 667 4347 alchuni
688 4283 913 4360 comunicati‚
930 4300 1002 4347 non
1023 4284 1207 4348 volendosi
1226 4285 1417 4350 altrimenti

179 4400 406 4456 contentare.
434 4390 588 4454 Alchuui
612 4391 807 4471 parimente
826 4391 859 4454 ci
878 4391 996 4454 hanno
1022 4389 1235 4454 domandato
1261 4393 1414 4457 alchuna

181 4499 405 4562 institutione
420 4497 511 4560 della
526 4513 590 4561 sua
607 4498 690 4576 vita,
708 4497 767 4561 alli
782 4498 876 4578 quali
891 4500 919 4560 s'
938 4495 1157 4560 esodissatto
1179 4499 1333 4564 secondo
1355 4515 1416 4564 no-

188 4645 406 4660 h-——r—-n

232 4745 241 4775 ⁸
271 4743 297 4787 P.
308 4742 419 4795 joannes
429 4741 460 4785 de
471 4741 601 4798 Monloyn.
