3382 5528
655 511 718 572 Aa.
741 511 811 572 1⁵56
1289 505 1342 567 iii

176 662 247 726 lam
262 659 368 726 Pater
383 660 537 739 aduenit,
554 669 589 724 et
603 677 718 724 nonus
733 659 837 723 hodie
856 659 932 722 dies
947 666 1000 721 est
1018 655 1111 738 quod
1133 669 1213 720 cum
1229 656 1341 718 altero

117 787 162 832 ex
173 767 439 850 inquisitoribus
448 777 503 832 est
516 766 710 848 proiectus,
724 775 763 830 vt
774 765 960 846 neophitis,
974 764 1034 846 qui
1048 781 1092 828 ex
1105 760 1342 826 mahometica

117 885 212 939 secta
224 874 387 939 conuersi
399 883 491 954 sunt,
504 873 703 938 rudimenta
714 872 795 938 fidei
805 873 955 936 edoceat
963 880 1071 954 atque
1082 871 1118 932 in
1129 870 1188 932 via
1197 867 1341 932 Domini

123 982 258 1062 dirigat.
272 979 447 1048 Dominus
462 992 579 1046 autem
595 981 781 1061 inquisitor
791 982 893 1062 plura
904 979 1030 1043 horum
1041 979 1121 1041 loca
1131 977 1294 1057 (quorum
1305 975 1341 1037 in

125 1089 186 1153 hoe
207 1105 320 1170 regno
342 1089 472 1153 multus
491 1097 545 1152 est
563 1091 746 1166 numerus)
766 1087 946 1150 invisurus
966 1084 1140 1158 abscedit,
1166 1082 1272 1163 idque
1291 1082 1342 1160 (vt

124 1195 284 1276 creditur)
299 1213 361 1277 per
376 1207 449 1260 tres
465 1206 525 1259 aut
536 1206 687 1275 quatuor
701 1194 888 1259 continuos
899 1208 1039 1256 menses
1050 1189 1186 1268 efficiet,
1200 1187 1342 1254 Patrem

125 1301 389 1367 Sautanderium
404 1319 543 1382 semper
557 1302 593 1366 in
608 1302 773 1366 comitem
787 1301 982 1365 habiturus.

176 1409 365 1473 Dimittunt
379 1409 522 1489 insuper
537 1425 600 1490 per
614 1411 715 1489 plura
730 1410 808 1472 loca
820 1407 1045 1488 inquisitores
1059 1406 1126 1487 ipsi
1140 1405 1345 1469 commissa·

126 1517 190 1579 rios
218 1516 349 1595 fideles,
372 1517 431 1596 qui
459 1532 581 1579 eorum
610 1516 726 1580 vicem
745 1517 944 1594 suppleant,
969 1510 1254 1594 quandoquidem
1275 1511 1344 1592 ipsi

127 1625 237 1686 omnia
252 1641 368 1704 perse
383 1623 526 1686 minime
541 1624 661 1686 valent
676 1637 859 1702 peragere:
875 1622 1002 1684 horum
1017 1631 1134 1683 autem
1150 1619 1287 1700 aliquos
1299 1636 1344 1683 ex

127 1731 251 1793 nostris
266 1729 552 1810 assumpsissent,
569 1739 604 1792 et
619 1728 653 1792 id
667 1745 760 1792 nunc
774 1729 863 1792 alter
882 1736 1180 1806 eorum-exoptat:
1202 1725 1264 1790 sed
1284 1743 1346 1788 nu·

128 1853 239 1900 merus
252 1853 324 1900 non
345 1836 511 1916 suppetit,
535 1835 817 1917 quandoquidem
839 1835 1006 1914 perpauci
1021 1850 1142 1898 sumus
1162 1832 1219 1895 hic
1238 1849 1344 1912 nego·

130 1942 191 2021 riis,
207 1960 298 2024 quae
312 1961 357 2006 ex
373 1942 531 2006 instituto
546 1952 668 2034 nostro
682 1959 721 2006 se
737 1941 900 2014 offerunt,
916 1940 1147 2006 satisfacturi:
1164 1940 1345 2021 inquisito-

128 2067 181 2114 res
194 2053 339 2130 insuper
358 2049 424 2131 ipsi
439 2066 578 2129 semper
592 2067 657 2113 nos
674 2066 799 2128 resque
819 2058 960 2112 nostras
979 2064 1110 2128 magno
1131 2063 1345 2128 prosequun-

129 2165 179 2221 tur
189 2157 378 2238 iouentque
393 2173 514 2220 amore
525 2165 632 2236 atque
642 2158 729 2219 zelo.
747 2155 824 2234 Quo
837 2155 951 2218 medio
963 2153 1070 2236 (quod
1085 2157 1278 2218 maximum
1290 2154 1347 2216 hic

128 2262 246 2336 obtulit
260 2263 369 2342 Deus)
385 2280 569 2344 speramus
584 2263 619 2326 in
636 2263 759 2326 eodem
774 2261 926 2326 Domino
940 2259 1027 2339 sore,
1041 2273 1080 2324 vt
1095 2262 1132 2324 in
1146 2261 1222 2325 dies
1236 2260 1346 2325 corda

129 2371 311 2434 multorum
332 2371 565 2448 emolliantur,
583 2371 677 2451 quod
699 2370 770 2432 iam
793 2385 923 2448 magna
947 2387 992 2432 ex
1012 2378 1112 2448 parte
1132 2369 1347 2448 experimur:

129 2476 194 2548 iam
214 2478 307 2542 enim
331 2478 456 2541 saltem
483 2477 519 2540 in
544 2477 682 2557 publico
704 2488 876 2557 apparent
906 2475 980 2539 sere
1005 2475 1123 2539 omnia
1145 2475 1346 2554 tranquilla,

129 2585 216 2661 quod
231 2582 372 2665 quidem
387 2584 428 2662 (si
445 2569 635 2663 praeterita
652 2583 861 2657 recolamus)
874 2584 976 2663 quasi
990 2601 1054 2664 pro
1071 2583 1242 2646 miraculo
1256 2582 1348 2644 sumi

130 2701 251 2766 posset.

184 2796 285 2861 Vnus
299 2817 344 2862 ex
359 2799 460 2862 nobis
475 2813 528 2862 ter
543 2799 578 2862 in
594 2798 816 2862 hebdomada
832 2797 974 2861 domum
986 2814 1182 2879 pauperum
1196 2795 1349 2862 infirmo·

131 2920 202 2968 rum
216 2905 350 2982 visitat,
366 2922 499 2987 eosque
514 2905 721 2969 exhortatur
734 2906 843 2986 pieac
859 2907 1073 2984 consolatur,
1090 2921 1179 2984 quos
1190 2902 1349 2996 indigere

131 3012 240 3092 magis
254 3011 387 3076 auxilio
403 3013 578 3091 spirituali
593 3012 854 3076 animaduertit:
871 3012 991 3090 sicque
1006 3010 1176 3092 paulatim
1190 3010 1347 3091 procedi·

131 3133 214 3196 muS,
230 3119 342 3183 donec
358 3132 496 3198 tempus
510 3119 676 3182 adueniat
696 3118 871 3212 idoneum,
893 3115 1035 3199 quando
1050 3117 1095 3181 ad
1111 3118 1247 3182 maiora
1262 3117 1349 3181 liber

127 3222 242 3290 aditus
257 3235 388 3304 pateat.
405 3223 463 3289 Ad
479 3224 731 3289 infirmantium
747 3226 872 3289 domus
887 3225 1076 3306 aliquando
1088 3221 1215 3291 Patres
1229 3224 1349 3287 vocati

127 3333 183 3394 vel
197 3333 339 3413 quando
356 3333 445 3397 alias
458 3332 615 3395 charitas
630 3333 844 3412 expostulat,
858 3331 1042 3410 accedunt,
1056 3331 1203 3412 aliisque
1217 3337 1350 3395 vacant

130 3439 265 3515 pietatis
279 3439 457 3520 operibus
474 3453 565 3520 quae
579 3439 774 3502 necessitas
793 3455 900 3518 saepe
914 3437 1158 3519 proximorum
1173 3433 1287 3502 offert.

185 3544 282 3610 Haec
296 3556 391 3624 sunt,
407 3543 513 3609 Pater
527 3545 783 3624 colendissimc,
802 3563 893 3626 quae
906 3535 970 3626 per
982 3545 1247 3626 indignissimos
1261 3544 1352 3614 filios

131 3661 216 3733 tuos,
231 3652 353 3718 diuina
368 3653 562 3734 opitulante
576 3653 706 3734 gratia,
721 3663 822 3732 gesta
838 3661 931 3717 sunt:
947 3669 1038 3743 qaae
1049 3653 1166 3717 omnia
1178 3661 1218 3715 vt
1232 3661 1350 3716 aucto-

114 3773 167 3854 4τε
180 3757 333 3824 Domino
348 3775 553 3824 successum
567 3777 788 3842 prosperum,
804 3770 839 3824 et
852 3759 961 3824 foelix
975 3759 1169 3824 sortiantur
1184 3775 1351 3844 augmen·

131 3873 212 3945 tum,
227 3877 338 3949 atque
352 3866 419 3947 ipsi
434 3865 511 3931 Deo
524 3865 645 3931 fideles
660 3867 769 3930 simus
784 3867 948 3946 ministri,
965 3867 1089 3931 humili
1103 3879 1208 3947 prece
1223 3865 1353 3946 dignis·

130 3973 252 4038 simam
266 3973 520 4038 Patemitatem
535 3985 635 4036 tuam
650 3973 877 4038 obsecramus
892 3984 931 4038 vt
945 3991 1011 4038 nos
1025 3973 1179 4049 Christo,
1197 3971 1271 4052 spei
1292 3989 1352 4037 no·

132 4086 233 4159 strae,
253 4089 403 4162 paterna
425 4080 555 4160 pietate
571 4079 820 4144 commendare
843 4079 1018 4160 dignetur,
1042 4089 1081 4143 vt
1103 4089 1137 4142 ct
1158 4080 1232 4159 ipse
1251 4081 1353 4144 nobis

127 4187 280 4262 gratiam
295 4187 456 4250 conterat
469 4187 651 4269 copiosam
666 4197 704 4250 vt
716 4188 978 4251 sanctissimam
994 4185 1068 4267 ejus
1081 4167 1219 4266 semper
1231 4189 1352 4249 volun·

130 4301 234 4356 tatem
249 4294 518 4374 adimpleamus.
541 4293 669 4358 Amen.

187 4399 507 4482 Caesaraugustae,
520 4399 631 4465 bidus
641 4401 868 4482 Septembris,
879 4417 972 4467 anno
981 4411 1100 4466 autem
1108 4399 1252 4466 Domini
1263 4401 1354 4470 1555.

186 4505 564 4587 indignissimusiilius
578 4517 614 4572 et
629 4525 754 4573 seruus
769 4507 847 4573 P.l¹⁸
864 4507 973 4590 Tuae,

961 4723 986 4804 †
1000 4647 1140 4788 Ruinam
1155 4727 1178 4798 †
