3382 5528
575 544 578 550 '
626 523 690 596 An.
712 522 782 596 15ὅὸ
1261 535 1316 598 tas

46 723 52 734 -
100 667 285 748 termittens
297 699 434 765 eorum,
449 703 541 766 quae
549 683 759 761 ,necessaria
774 682 1003 763 uidebantur,
1021 680 1134 747 donec
1154 683 1312 762 tandem,

100 793 245 870 peccatis
272 809 335 873 per
359 792 620 858 consessionem
645 792 804 870 ablutus,
832 800 867 854 et
892 792 984 855 almo
1008 791 1140 855 uiatico
1166 801 1313 855 sanctae

100 899 343 964 communionis
357 900 525 979 munitus,
542 907 579 963 ut
594 898 679 976 dixi,
695 896 867 963 foeliciter
881 897 989 962 cessit
1003 897 1039 961 in
1055 896 1218 962 Domino.

149 1005 247 1071 Nunc
261 1005 305 1071 de
319 1007 430 1096 fratre
445 1016 567 1071 nostro
582 1005 740 1086 Antonio
765 1003 772 1036 ⁸
791 1003 979 1069 dicendum
993 1004 1147 1084 uidetur,
1166 1005 1226 1086 qui
1241 1004 1312 1069 olii·

100 1114 179 1178 cium
194 1114 382 1194 diligenter
397 1115 482 1193 obit,
499 1113 593 1195 quod
609 1129 748 1194 semper
763 1113 903 1193 habuit,
920 1113 1072 1193 scilicet,
1089 1113 1315 1177 mendicandi

100 1237 152 1300 per
165 1221 300 1300 urbem,
317 1221 455 1286 emendi
470 1221 582 1286 uictni
596 1220 818 1300 necessaria,
836 1227 871 1284 et
886 1228 1028 1284 caetera
1043 1221 1114 1284 alia
1128 1220 1247 1284 omnia
1269 1218 1313 1284 ad

99 1339 355 1406 procuratorem
370 1328 496 1393 domus
510 1330 566 1392 uel
583 1328 732 1407 Collegii
748 1327 970 1409 pertinentia,
986 1328 1108 1392 sedulo
1124 1327 1315 1409 prouidens

98 1445 191 1516 atque
204 1435 469 1514 administrans,
485 1445 523 1500 ut
541 1445 636 1500 certe
653 1435 739 1500 nihil
754 1436 856 1500 nobis
869 1434 1009 1512 deesse,
1026 1433 1102 1500 Deo
1123 1435 1173 1498 ita
1195 1435 1312 1499 iuben·

100 1550 138 1620 te,
152 1542 325 1608 uideatur.

149 1649 226 1732 Jam
246 1650 276 1714 si
296 1650 339 1714 de
359 1651 533 1717 charitate
554 1669 597 1717 ac
617 1650 805 1715 deuotione
831 1650 985 1714 omnium
1010 1649 1084 1714 lere
1105 1648 1313 1730 Tyburtino·

100 1771 178 1834 rum,
194 1773 263 1838 qua
280 1757 347 1836 ipsi
363 1774 428 1821 nos
443 1775 565 1822 omnes
581 1758 862 1839 complectuntur
876 1765 981 1837 atque
996 1755 1189 1836 honorant,
1202 1756 1316 1837 deque

101 1859 260 1942 imprimis
275 1862 317 1927 R.
334 1863 379 1928 D.
397 1863 564 1947 Episcopi
579 1865 765 1946 Tyburtini
781 1881 823 1928 ac
838 1863 1096 1928 Gubernatoris
1110 1861 1133 1942 ¹,
1150 1863 1210 1945 qui
1221 1880 1315 1929 nunc

103 1969 195 2034 alteri
210 1970 431 2052 prouinciam
446 1971 563 2052 cessit,
580 1971 623 2036 de
638 1988 707 2053 quo
722 1989 793 2035 non
808 1971 924 2036 miuus
939 1987 1134 2052 speramuS,
1152 1987 1238 2051 erga
1250 1988 1315 2034 nos

104 2074 338 2142 beneuolentia
351 2078 642 2158 contestabimur,
658 2077 762 2142 linem
777 2077 916 2142 dicendi
930 2076 1112 2142 iaciemus.

152 2182 202 2247 Tu
217 2203 315 2263 uero,
332 2183 407 2248 R.‘¹e
426 2186 463 2249 in
477 2185 569 2266 Xpo.
586 2184 702 2264 Pater,
721 2185 750 2248 si
765 2203 830 2249 nos
851 2201 977 2266 parum
1000 2183 1135 2249 fructus
1154 2185 1223 2248 hoc
1246 2185 1313 2248 ela·

105 2307 161 2369 pso
175 2292 422 2372 quadrimestri
441 2291 601 2356 attulisse
621 2293 798 2370 censebiS,
820 2301 903 2356 tuae
927 2292 992 2355 erit
1013 2293 1069 2354 uel
1089 2300 1258 2372 paternae
1279 2291 1314 2354 in

101 2414 157 2460 nos
168 2397 374 2478 dilectionis,
389 2399 445 2464 uel
459 2399 673 2479 generaliter
685 2400 719 2463 in
732 2415 865 2479 omnes,
875 2399 1060 2462 charitatis
1069 2398 1183 2463 Deum
1196 2415 1311 2475 orare,

102 2513 134 2565 ut
157 2505 202 2568 ita
227 2506 331 2569 nobis
356 2507 538 2587 ignoscat,
565 2507 615 2570 uti
641 2517 675 2570 te
700 2506 770 2570 iam
795 2507 975 2586 ignouisse
1004 2523 1075 2570 non
1099 2505 1313 2585 dubitamus,

105 2614 254 2690 quamuis
268 2613 404 2692 indigni
416 2615 532 2692 uenia,
547 2623 580 2677 et
592 2631 636 2678 nc
651 2614 821 2676 talentum
833 2631 853 2676 a
866 2613 967 2677 nobis
978 2613 1126 2692 auferat,
1142 2613 1227 2694 quin
1242 2621 1315 2678 tan·

102 2725 165 2782 lum
180 2721 294 2800 potius
308 2721 343 2784 in
358 2721 434 2784 dies
449 2721 588 2800 gratiae
602 2737 688 2784 suae
703 2721 808 2784 nobis
823 2719 995 2800 infundat,
1012 2729 1050 2784 ut
1062 2721 1121 2800 qui
1134 2721 1203 2784 duo
1215 2737 1314 2784 acce·

102 2827 192 2904 perit,
208 2837 371 2907 quatu0r;
388 2838 422 2891 et
437 2829 498 2909 qui
513 2828 676 2910 quinque,
695 2828 827 2905 decem;
845 2836 879 2890 et
900 2827 960 2908 qui
974 2828 1093 2906 plura,
1116 2827 1237 2891 itidem
1252 2825 1315 2890 du·

102 2933 152 3011 plo
177 2935 272 3014 plura
300 2935 335 2997 in
361 2933 416 2998 die
438 2933 638 2998 reddendae
661 2934 809 2998 rationis
837 2943 918 2996 ante
948 2933 1151 3014 aequissimi
1177 2932 1315 3018 Judicis

104 3037 313 3106 Maiestatem
328 3043 421 3105 laeto
439 3039 557 3105 animo
573 3042 713 3126 reserat,
730 3051 764 3104 et
779 3041 976 3121 praemium
989 3039 1201 3121 centuplum,
1220 3037 1314 3120 quod

103 3143 192 3210 bonis
209 3148 495 3240 negociatoribus
514 3147 728 3228 promissum
748 3155 883 3226 manet,
907 3147 1049 3210 tandem
1070 3145 1312 3228 unusquisque

102 3264 248 3319 nostrum
265 3255 435 3326 loeliciter
450 3265 698 3335 consequatur.

154 3360 294 3443 Tyburi,
310 3361 365 3426 die
381 3361 583 3426 Natiuitatis
598 3361 684 3425 Bw
701 3378 840 3442 semper
855 3360 1016 3442 Virginis
1031 3360 1166 3424 Mariae
1184 3357 1271 3424 1556.

250 3469 292 3534 R.
309 3468 347 3533 P.
364 3469 404 3532 T.
422 3469 459 3533 in
473 3469 565 3550 Xpo.
582 3469 673 3534 filius
689 3485 731 3532 ac
750 3485 875 3533 seruus
892 3469 1034 3546 inutilis,

936 3628 1155 3694 Scaeuinus.

158 3899 420 3984 Superscripirb
434 3901 473 3965 in
488 3905 621 3982 quarta
637 3900 794 3981 pagina:
809 3898 833 3980 †
848 3898 1049 3964 Admodum
1068 3897 1145 3964 R.‘¹⁰
1165 3898 1199 3962 in
1220 3896 1317 3962 Chri·

105 4014 154 4069 sto
175 4007 268 4074 Patri
293 4009 384 4072 ΜΛΝ
411 4007 545 4091 Jacobo
573 4007 734 4087 Laynes,
763 4005 907 4071 Vicario
936 4004 1104 4070 Generali
1130 4003 1319 4068 Societatis

106 4111 190 4194 Jesu,
204 4115 351 4180 Romae.

159 4221 238 4285 Alia
254 4239 378 4286 manu:
396 4220 483 4285 1556.
500 4221 646 4302 Tyburi.
663 4219 928 4301 Quadrimestre
942 4218 962 4282 8
978 4218 1204 4300 Septembris.

168 4327 362 4409 Vestigium
376 4343 477 4392 cerae
491 4327 620 4407 sigilli.

112 4484 311 4498 ’ᾑ--ι

141 4563 151 4598 ¹
176 4565 203 4614 Β.
215 4569 328 4614 Antonio
337 4570 369 4615 de
379 4569 489 4616 Robore.

140 4637 152 4670 ¹
176 4638 230 4684 Duo
240 4641 319 4687 etim
329 4642 378 4688 hoc
388 4653 457 4686 anno
467 4642 538 4686 luere
549 4640 744 4687 Gubernatores
754 4641 830 4685 electi
840 4639 866 4683 in
877 4640 940 4684 urbe
951 4637 1062 4696 Tybnre,
1069 4639 1140 4693 prior
1148 4639 1264 4694 Angelus
1274 4639 1322 4686 Pa·

106 4705 164 4753 lazzi
173 4711 203 4754 de
214 4712 356 4766 Albertonl,
368 4713 498 4768 posterlor
506 4712 677 4770 Hieronymus
684 4713 787 4764 Altlerl.
795 4710 965 4767 Grusrmrsnr,
973 4709 1022 4754 De'
1036 4707 1177 4756 Vescwrer
1187 4711 1323 4756 Guberna-

107 4781 155 4823 lori
164 4781 191 4825 di
205 4781 297 4835 Trvoli,
305 4797 365 4840 pag.
378 4787 471 4830 tol-tbi.
485 4785 567 4829 -vrdo
578 4786 656 4830 etiarm
669 4783 1009 4833 l'ocnxc1Cirrouiron,t.v,
1021 4793 1080 4836 pag.
1090 4782 1125 4836 5¹2,
1137 4788 1222 4828 annot.
1234 4783 1254 4828 2.
