3436 5526
502 519 667 578 llooasoa
688 534 720 576 rs
740 533 827 576 rouo
847 533 995 578 sacuuoo
1308 518 1367 580 089

132 663 170 725 hi
184 661 363 742 Compluti
386 664 620 744 metaphysici
635 673 895 742 nuncupantur,
912 662 1006 743 quod
1021 671 1185 742 quartum
1200 663 1238 726 in
1252 665 1362 744 philo·

132 770 261 850 sophia
276 787 406 834 annum
420 773 490 834 iam
507 769 639 851 agant),
656 771 809 850 quinque
825 779 942 834 autem
957 769 1164 834 dialecticae
1175 769 1362 850 diligenter

133 879 352 956 incumbunt;
378 879 415 941 in
440 877 597 958 physicis
622 886 740 942 autem
765 877 836 958 (qui
861 887 915 940 est
938 895 1052 940 annus
1075 878 1112 940 in
1136 876 1363 957 philosophia

133 984 274 1062 tertius)
286 985 381 1048 solus
392 1001 437 1047 ex
449 985 580 1048 nostris
591 994 753 1048 uersatur
764 984 903 1048 Henao:
915 985 946 1048 is
957 992 1010 1047 est
1021 1001 1126 1065 quem
1137 1001 1202 1046 nos
1213 981 1361 1062 Romae,

132 1092 263 1156 isthinc
278 1090 510 1168 discedentes,
526 1091 733 1171 reliquimus
747 1095 769 1170 ¹,
786 1091 857 1172 qui,
873 1091 1015 1154 tametsi
1029 1091 1202 1153 hactenus
1216 1101 1362 1170 propter

131 1199 209 1262 eius
224 1200 449 1274 auunculum,
465 1207 503 1261 ut
518 1199 600 1276 scis,
616 1207 719 1261 extra
733 1197 930 1278 Collegium
945 1207 1105 1260 nostrum
1125 1197 1211 1260 foris
1225 1197 1360 1260 habita·

129 1306 195 1382 vit,
208 1305 279 1368 iam
290 1305 444 1380 tandem,
455 1304 498 1368 de
507 1303 618 1384 ipsius
629 1321 817 1382 consensu,
830 1303 977 1368 fratrem
988 1321 1068 1368 eum
1076 1313 1235 1368 nostrum
1244 1303 1361 1366 adhuc

127 1412 340 1491 ignorantia,
354 1412 598 1474 internoscat.
612 1410 876 1475 Grammaticae
887 1429 973 1474 uero
985 1428 1076 1474 unus
1086 1419 1222 1474 tantum
1234 1428 1279 1474 ex
1289 1409 1358 1474 lra-

127 1519 244 1583 tribus
255 1535 400 1598 operam
412 1517 482 1596 dat,
493 1517 587 1598 quod
598 1518 674 1581 eius
685 1518 721 1580 in
729 1536 772 1582 ea
784 1526 860 1582 arte
868 1518 957 1581 socii
966 1516 1169 1581 Corduuam
1180 1516 1358 1582 missisue·

127 1626 211 1690 rint.
229 1623 317 1690 Sunt
333 1634 516 1705 praeterea
528 1624 623 1688 domi
638 1633 782 1688 nostrae
796 1625 965 1688 lectiones
981 1623 1082 1702 duae,
1099 1625 1211 1686 altera
1226 1623 1358 1686 theolo-

125 1734 223 1812 giae,
240 1731 482 1813 philosophiae
498 1733 620 1810 altera,
637 1747 739 1810 quae,
756 1732 792 1795 in
811 1731 967 1810 gratiam
985 1731 1129 1795 Domini
1148 1729 1358 1810 Hieronymi

127 1837 189 1922 [et]
210 1839 443 1919 quorumdam
467 1838 630 1916 fratrum,
656 1838 701 1901 ab
718 1839 804 1919 ipsis
825 1838 1033 1903 dialecticae
1048 1837 1255 1902 rudimentis
1275 1853 1356 1902 sus-

126 1955 233 2027 cepta
248 1953 312 2009 est.
641 1961 644 1968 ’

188 2052 255 2116 His
278 2053 386 2132 igitur
412 2053 563 2129 omissis,
589 2053 675 2116 illud
699 2054 871 2133 imprimis
897 2069 975 2116 sese
993 2051 1218 2116 scribendum
1242 2051 1356 2130 offert,

124 2160 222 2239 quod
237 2177 357 2223 mense
373 2161 563 2238 septembri
577 2159 683 2224 Pater
698 2171 819 2224 noster
834 2159 1024 2224 Villanoua
1040 2177 1118 2222 cum
1130 2158 1240 2222 fratre
1251 2160 1357 2222 licen·

123 2269 214 2330 tiato
229 2267 363 2347 Lopide
380 2267 579 2332 Cordubam
594 2267 775 2348 profectus
786 2277 850 2346 est,
867 2269 925 2344 ubi
940 2285 1020 2330 eum
1033 2285 1053 2330 a
1066 2267 1184 2330 multis
1196 2268 1266 2330 iam
1280 2267 1354 2330 die-

121 2375 191 2437 bus
212 2376 460 2454 expectabant,
489 2385 523 2437 et
548 2373 592 2438 D.
612 2375 790 2439 Antonius
814 2375 924 2438 irater
947 2385 1066 2438 noster
1086 2384 1120 2437 et
1141 2385 1254 2438 mater
1278 2373 1356 2436 eius

121 2481 332 2544 Marchiona
345 2481 388 2544 de
405 2479 525 2560 Pliego
550 2490 694 2563 totaque
717 2483 855 2560 ciuitaS,
877 2493 915 2546 ut
940 2482 1055 2563 prima
1081 2483 1212 2546 iaceret
1231 2481 1353 2545 funda·

121 2597 245 2672 menta
272 2587 432 2668 collegii,
458 2587 693 2652 desiderabat.
716 2589 837 2669 Neque
853 2590 947 2652 enim
966 2589 1070 2652 citius
1092 2606 1213 2652 eorum
1238 2587 1352 2668 potuit

119 2697 218 2760 votis
232 2695 450 2772 satisfacere,
466 2697 682 2776 gravissima
698 2697 859 2760 detentus
873 2697 1088 2773 infirmitate,
1110 2707 1148 2759 ut
1163 2697 1276 2759 instar
1290 2697 1352 2760 mi·

118 2804 237 2867 raculi
251 2803 409 2866 habitum
425 2805 470 2866 sit
484 2803 528 2866 ad
545 2803 731 2882 pristinam
747 2805 884 2868 restitui
898 2805 1099 2882 sanitatem;
1123 2803 1175 2866 sic
1190 2811 1266 2866 erat
1281 2804 1352 2866 iam

116 2911 195 2974 sere
208 2910 418 2990 desperatae
433 2919 467 2973 et
483 2912 688 2988 deploratae
703 2912 838 2975 salutis:
855 2912 918 2975 sed
933 2913 1099 2974 misertus
1114 2920 1167 2974 est
1178 2908 1354 2974 Dominus

116 3029 153 3081 et
168 3017 283 3080 nostri
298 3027 334 3078 et
352 3020 553 3095 multorum,
581 3018 698 3080 sciens
719 3027 890 3098 quantum
912 3029 1005 3082 esset
1025 3019 1082 3080 ille
1108 3019 1209 3081 nobis
1234 3017 1351 3080 adhuc

113 3124 350 3205 plurimisque
365 3124 444 3187 aliis
458 3125 692 3204 necessarius,
709 3125 969 3205 prouidensque
983 3135 1114 3206 quanta
1129 3134 1223 3188 esset
1234 3123 1350 3188 adhuc

114 3249 182 3312 per
197 3247 343 3294 seruum
357 3248 461 3294 suum
475 3241 509 3294 et
524 3232 559 3294 in
575 3232 676 3296 breui
690 3233 858 3296 facturus

177 3337 284 3416 Nam,
301 3338 361 3401 ubi
383 3356 425 3401 eo
450 3338 640 3402 deuentum
666 3349 730 3416 est,
756 3340 807 3402 sic
832 3356 909 3402 rem
934 3337 1066 3403 Christi
1090 3339 1237 3402 fideliter
1257 3347 1291 3400 et
1306 3353 1349 3399 ea

113 3463 198 3510 cum
213 3445 451 3509 sollicitudine
465 3446 587 3525 gessit,
606 3455 643 3508 ut
657 3445 755 3509 dictu
770 3448 897 3510 mirum
913 3455 1045 3525 quanta
1067 3446 1173 3508 fuerit
1188 3445 1224 3508 in
1239 3446 1348 3509 omni·

111 3553 181 3616 bus
195 3553 294 3615 sacta
310 3569 330 3615 a
345 3551 410 3615 X.⁰
424 3553 572 3616 mutatio
598 3562 800 3633 quantoque
824 3552 929 3615 fuerit
950 3561 984 3615 et
1000 3553 1198 3616 animorum
1219 3563 1253 3616 et
1268 3571 1350 3633 ope·

110 3676 194 3724 rum
209 3658 368 3722 omnium
384 3661 556 3739 applausu
570 3667 768 3740 susceptus;
785 3661 886 3723 cuius
902 3661 953 3723 rei
968 3661 1023 3722 uel
1040 3660 1107 3722 hoc
1122 3659 1228 3723 fuerit
1243 3677 1347 3740 argu·

109 3776 290 3857 mentum,
316 3766 412 3846 quod
431 3766 587 3829 eiusdem
611 3767 767 3830 ciuitatis
788 3767 837 3845 (ut
857 3766 900 3830 de
920 3767 1000 3842 aliis
1020 3767 1170 3844 taceam)
1191 3767 1350 3832 decanus

109 3874 273 3954 quidam,
291 3873 392 3936 cuius
407 3873 481 3936 vita
502 3881 537 3936 et
552 3875 668 3936 studia
685 3891 755 3937 non
771 3871 959 3937 admodum
974 3873 1116 3936 fuerant
1130 3877 1187 3938 uel
1207 3875 1274 3953 ipsi
1288 3891 1347 3954 po·

107 3983 196 4062 pulo
212 3979 377 4060 probata,
394 3979 429 4042 in
445 3997 525 4044 eam
540 3991 683 4062 repente
699 3982 749 4044 sic
765 3991 818 4044 est
831 3990 946 4046 mente
962 3992 1129 4060 mutatus,
1144 3973 1348 4062 ut‘primum

106 4088 269 4169 quidem,
285 4086 344 4150 ubi
358 4085 500 4150 Patrem
521 4089 708 4152 aduenisse
726 4090 884 4168 resciuit,
905 4107 977 4151 non
996 4105 1077 4153 eum
1097 4089 1202 4153 suerit
1217 4105 1347 4170 passus

106 4194 208 4276 apud
224 4193 332 4256 alium
347 4193 532 4272 hospitari,
549 4195 612 4257 sed
627 4194 768 4258 domum
788 4211 890 4258 suam
909 4195 1090 4259 aduehens
1107 4197 1158 4259 sic
1181 4197 1348 4260 tractarit

102 4303 285 4367 hactenus
300 4300 383 4378 (iam
398 4301 491 4364 enim
506 4301 687 4381 propriam
703 4302 864 4365 habitant
883 4300 1051 4381 domum),
1074 4313 1112 4365 ut
1130 4319 1202 4366 non
1218 4319 1346 4384 parum

147 4470 158 4504 ¹
188 4469 240 4514 His
248 4474 348 4514 certum
358 4469 412 4532 sere
424 4471 541 4522 efficitur,
550 4471 616 4524 qnod
625 4471 679 4525 jam
690 4482 777 4526 supra,
789 4478 807 4515 t.
819 4481 846 4519 n.
855 4482 915 4526 pag.
925 4471 973 4526 498,
988 4478 1076 4516 annot.
1090 4473 1108 4524 l,
1125 4473 1261 4521 lunuimus.
1276 4471 1345 4516 acili-

104 4549 159 4597 cet,
171 4541 267 4586 harum
279 4541 426 4584 lltterarum
437 4547 570 4584 auctorem
586 4552 642 4585 esse
659 4539 851 4587 Emmanuelem
867 4543 897 4586 de
909 4541 970 4596 Sta,
986 4545 1028 4597 qul
1043 4542 1139 4588 Romae
1156 4555 1212 4588 cum
1227 4543 1255 4587 P.
1266 4541 1348 4587 Fran·

104 4615 181 4660 cisto
191 4614 223 4657 de
233 4613 314 4668 Borja
323 4613 434 4667 allisque
445 4623 511 4656 anno
525 4613 575 4656 1550
584 4612 671 4660 iuerat
680 4613 757 4668 (Vide
768 4614 882 4660 Potattcr
894 4614 1046 4666 Chronicon,
1057 4621 1076 4658 t.
1087 4626 1113 4670 u,
1124 4627 1185 4671 pag.
1197 4614 1230 4670 10,
1240 4627 1264 4659 n.
1278 4615 1311 4668 16)
1319 4623 1346 4658 et

102 4686 277 4740 Complutum
292 4695 349 4728 cum
366 4682 465 4738 Joanue
480 4684 512 4728 de
525 4683 612 4739 Barla,
629 4684 716 4729 Putrls
732 4683 865 4730 Franclscl
879 4687 910 4730 de
925 4686 1153 4742 nonnullarum
1169 4689 1220 4732 1551
1236 4695 1345 4731 venerat

102 4757 165 4812 llo..
175 4755 320 4812 {bumaga
330 4755 411 4810 man,
422 4755 481 4808 3⁴7).
