<?xml version="1.0" encoding="UTF-8"?>
<!DOCTYPE html PUBLIC "-//W3C//DTD XHTML 1.0 Transitional//EN"
    "http://www.w3.org/TR/xhtml1/DTD/xhtml1-transitional.dtd">
<html xmlns="http://www.w3.org/1999/xhtml" xml:lang="en" lang="en">
 <head>
  <title>
</title>
<meta http-equiv="Content-Type" content="text/html;charset=utf-8" />
  <meta name='ocr-system' content='tesseract 3.04.00' />
  <meta name='ocr-capabilities' content='ocr_page ocr_carea ocr_par ocr_line ocrx_word'/>
</head>
<body>
  <div class='ocr_page' id='page_1' title='image "./litteraequadrim00jesugoog_0040.png"; bbox 0 0 3578 5534; ppageno 0'>
   <div class='ocr_carea' id='block_1_1' title="bbox 357 503 1205 567">
    <p class='ocr_par' dir='ltr' id='par_1_1' title="bbox 357 503 1205 567">
     <span class='ocr_line' id='line_1_1' title="bbox 357 503 1205 567; baseline -0.006 -3"><span class='ocrx_word' id='word_1_1' title='bbox 357 503 394 564; x_wconf 87' lang='grc'>32</span> <span class='ocrx_word' id='word_1_2' title='bbox 743 503 914 560; x_wconf 77' lang='lat' dir='ltr'>errnnnn</span> <span class='ocrx_word' id='word_1_3' title='bbox 932 515 1205 567; x_wconf 78' lang='lat' dir='ltr'>ouanmnnsrnes</span> 
     </span>
    </p>
   </div>
   <div class='ocr_carea' id='block_1_2' title="bbox 316 645 1589 3822">
    <p class='ocr_par' dir='ltr' id='par_1_2' title="bbox 316 645 1589 1153">
     <span class='ocr_line' id='line_1_2' title="bbox 359 645 1589 722; baseline -0.002 -12"><span class='ocrx_word' id='word_1_4' title='bbox 359 658 393 710; x_wconf 90' lang='lat' dir='ltr'>et</span> <span class='ocrx_word' id='word_1_5' title='bbox 418 665 498 710; x_wconf 92' lang='lat' dir='ltr'>cum</span> <span class='ocrx_word' id='word_1_6' title='bbox 516 664 580 710; x_wconf 91' lang='lat' dir='ltr'>nec</span> <span class='ocrx_word' id='word_1_7' title='bbox 601 647 668 709; x_wconf 88' lang='lat' dir='ltr'>hoc</span> <span class='ocrx_word' id='word_1_8' title='bbox 689 648 775 710; x_wconf 87' lang='lat' dir='ltr'>satis</span> <span class='ocrx_word' id='word_1_9' title='bbox 795 646 915 722; x_wconf 85' lang='lat' dir='ltr'>luerit,</span> <span class='ocrx_word' id='word_1_10' title='bbox 940 646 1083 709; x_wconf 85' lang='lat' dir='ltr'>ciuitate</span> <span class='ocrx_word' id='word_1_11' title='bbox 1107 645 1288 722; x_wconf 85' lang='lat' dir='ltr'>dixissem;</span> <span class='ocrx_word' id='word_1_12' title='bbox 1306 655 1340 709; x_wconf 91' lang='lat' dir='ltr'>et</span> <span class='ocrx_word' id='word_1_13' title='bbox 1360 647 1496 709; x_wconf 91' lang='lat' dir='ltr'>utinam</span> <span class='ocrx_word' id='word_1_14' title='bbox 1517 664 1589 710; x_wconf 91' lang='lat' dir='ltr'>non</span> 
     </span>
     <span class='ocr_line' id='line_1_3' title="bbox 359 753 1589 835; baseline -0.002 -17"><span class='ocrx_word' id='word_1_15' title='bbox 359 755 474 832; x_wconf 86' lang='lat' dir='ltr'>abiis,</span> <span class='ocrx_word' id='word_1_16' title='bbox 497 771 645 835; x_wconf 89' lang='lat' dir='ltr'>quorum</span> <span class='ocrx_word' id='word_1_17' title='bbox 668 754 897 827; x_wconf 74' lang='lat' dir='ltr'>orationibus</span> <span class='ocrx_word' id='word_1_18' title='bbox 916 755 1090 832; x_wconf 85' lang='lat' dir='ltr'>exemplo,</span> <span class='ocrx_word' id='word_1_19' title='bbox 1108 753 1228 830; x_wconf 86' lang='lat' dir='ltr'>uerbo,</span> <span class='ocrx_word' id='word_1_20' title='bbox 1252 753 1288 815; x_wconf 91' lang='lat' dir='ltr'>id</span> <span class='ocrx_word' id='word_1_21' title='bbox 1310 754 1420 832; x_wconf 87' lang='lat' dir='ltr'>gladii</span> <span class='ocrx_word' id='word_1_22' title='bbox 1443 754 1589 834; x_wconf 87' lang='lat' dir='ltr'><strong>inopum</strong></span> 
     </span>
     <span class='ocr_line' id='line_1_4' title="bbox 357 859 1587 941; baseline 0 -17"><span class='ocrx_word' id='word_1_23' title='bbox 357 862 470 924; x_wconf 87' lang='lat' dir='ltr'>latera</span> <span class='ocrx_word' id='word_1_24' title='bbox 486 861 626 941; x_wconf 85' lang='lat' dir='ltr'>accingi</span> <span class='ocrx_word' id='word_1_25' title='bbox 640 860 835 924; x_wconf 87' lang='lat' dir='ltr'>debuerant</span> <span class='ocrx_word' id='word_1_26' title='bbox 852 859 872 919; x_wconf 88' lang='lat'>¹.</span> <span class='ocrx_word' id='word_1_27' title='bbox 889 859 1100 923; x_wconf 87' lang='lat' dir='ltr'>Perseuerat</span> <span class='ocrx_word' id='word_1_28' title='bbox 1115 871 1234 922; x_wconf 90' lang='lat' dir='ltr'>tamen</span> <span class='ocrx_word' id='word_1_29' title='bbox 1253 859 1401 939; x_wconf 90' lang='lat' dir='ltr'>pusillus</span> <span class='ocrx_word' id='word_1_30' title='bbox 1416 860 1474 922; x_wconf 90' lang='lat' dir='ltr'>ille</span> <span class='ocrx_word' id='word_1_31' title='bbox 1496 876 1587 939; x_wconf 84' lang='lat' dir='ltr'>grex</span> 
     </span>
     <span class='ocr_line' id='line_1_5' title="bbox 316 951 1587 1048; baseline 0 -18"><span class='ocrx_word' id='word_1_32' title='bbox 316 951 324 970; x_wconf 74' lang='grc'><strong>”</strong></span> <span class='ocrx_word' id='word_1_33' title='bbox 357 968 507 1044; x_wconf 84' lang='lat' dir='ltr'>sortiter,</span> <span class='ocrx_word' id='word_1_34' title='bbox 522 979 769 1048; x_wconf 86' lang='lat' dir='ltr'>pastoremque</span> <span class='ocrx_word' id='word_1_35' title='bbox 784 967 843 1030; x_wconf 90' lang='lat' dir='ltr'>uia</span> <span class='ocrx_word' id='word_1_36' title='bbox 858 967 975 1030; x_wconf 89' lang='lat' dir='ltr'>crucis</span> <span class='ocrx_word' id='word_1_37' title='bbox 990 967 1159 1046; x_wconf 89' lang='lat' dir='ltr'>sequitur:</span> <span class='ocrx_word' id='word_1_38' title='bbox 1173 967 1237 1029; x_wconf 69' lang='lat'>4⁰¹</span> <span class='ocrx_word' id='word_1_39' title='bbox 1253 968 1417 1046; x_wconf 88' lang='lat' dir='ltr'>pluresue</span> <span class='ocrx_word' id='word_1_40' title='bbox 1432 965 1587 1030; x_wconf 90' lang='lat' dir='ltr'>Domino</span> 
     </span>
     <span class='ocr_line' id='line_1_6' title="bbox 358 1072 1587 1153; baseline -0.005 -14"><span class='ocrx_word' id='word_1_41' title='bbox 358 1075 604 1139; x_wconf 91' lang='lat' dir='ltr'>reconciliatos</span> <span class='ocrx_word' id='word_1_42' title='bbox 614 1074 821 1149; x_wconf 85' lang='lat' dir='ltr'>decessisse,</span> <span class='ocrx_word' id='word_1_43' title='bbox 836 1091 916 1136; x_wconf 93' lang='lat' dir='ltr'>cum</span> <span class='ocrx_word' id='word_1_44' title='bbox 931 1073 1086 1136; x_wconf 87' lang='lat' dir='ltr'>maximo</span> <span class='ocrx_word' id='word_1_45' title='bbox 1097 1083 1219 1135; x_wconf 89' lang='lat' dir='ltr'>nostro</span> <span class='ocrx_word' id='word_1_46' title='bbox 1231 1073 1375 1153; x_wconf 86' lang='lat' dir='ltr'>gaudio,</span> <span class='ocrx_word' id='word_1_47' title='bbox 1391 1072 1465 1136; x_wconf 89' lang='lat' dir='ltr'>fere</span> <span class='ocrx_word' id='word_1_48' title='bbox 1479 1074 1587 1136; x_wconf 91' lang='lat' dir='ltr'>tacui.</span> 
     </span>
    </p>

    <p class='ocr_par' dir='ltr' id='par_1_3' title="bbox 357 1179 1589 1794">
     <span class='ocr_line' id='line_1_7' title="bbox 417 1179 1588 1261; baseline -0.001 -17"><span class='ocrx_word' id='word_1_49' title='bbox 417 1181 653 1260; x_wconf 91' lang='lat' dir='ltr'>Indigentium</span> <span class='ocrx_word' id='word_1_50' title='bbox 668 1180 833 1261; x_wconf 91' lang='lat' dir='ltr'>operibus</span> <span class='ocrx_word' id='word_1_51' title='bbox 848 1179 1114 1244; x_wconf 86' lang='lat' dir='ltr'>misericordiae</span> <span class='ocrx_word' id='word_1_52' title='bbox 1129 1189 1203 1242; x_wconf 91' lang='lat' dir='ltr'>tum</span> <span class='ocrx_word' id='word_1_53' title='bbox 1219 1181 1417 1258; x_wconf 89' lang='lat' dir='ltr'>corporalis</span> <span class='ocrx_word' id='word_1_54' title='bbox 1432 1191 1506 1244; x_wconf 91' lang='lat' dir='ltr'>turn</span> <span class='ocrx_word' id='word_1_55' title='bbox 1518 1181 1588 1258; x_wconf 92' lang='lat' dir='ltr'>spi·</span> 
     </span>
     <span class='ocr_line' id='line_1_8' title="bbox 358 1285 1589 1367; baseline -0.002 -16"><span class='ocrx_word' id='word_1_56' title='bbox 358 1289 496 1351; x_wconf 89' lang='lat' dir='ltr'>ritualis</span> <span class='ocrx_word' id='word_1_57' title='bbox 511 1287 706 1367; x_wconf 84' lang='lat' dir='ltr'>Collegium</span> <span class='ocrx_word' id='word_1_58' title='bbox 722 1287 790 1350; x_wconf 90' lang='lat' dir='ltr'>hoc</span> <span class='ocrx_word' id='word_1_59' title='bbox 806 1303 991 1350; x_wconf 89' lang='lat' dir='ltr'>commune</span> <span class='ocrx_word' id='word_1_60' title='bbox 1012 1285 1076 1349; x_wconf 85' lang='lat' dir='ltr'>suit</span> <span class='ocrx_word' id='word_1_61' title='bbox 1092 1287 1243 1367; x_wconf 89' lang='lat' dir='ltr'>asylum.</span> <span class='ocrx_word' id='word_1_62' title='bbox 1267 1285 1369 1364; x_wconf 89' lang='lat' dir='ltr'>Nam,</span> <span class='ocrx_word' id='word_1_63' title='bbox 1394 1286 1461 1349; x_wconf 87' lang='lat' dir='ltr'>etsi</span> <span class='ocrx_word' id='word_1_64' title='bbox 1481 1303 1589 1366; x_wconf 86' lang='lat' dir='ltr'>quum</span> 
     </span>
     <span class='ocr_line' id='line_1_9' title="bbox 359 1393 1589 1474; baseline -0.002 -16"><span class='ocrx_word' id='word_1_65' title='bbox 359 1397 404 1458; x_wconf 91' lang='lat' dir='ltr'>sit</span> <span class='ocrx_word' id='word_1_66' title='bbox 419 1395 520 1458; x_wconf 92' lang='lat' dir='ltr'>nobis</span> <span class='ocrx_word' id='word_1_67' title='bbox 544 1405 646 1458; x_wconf 90' lang='lat' dir='ltr'>curta</span> <span class='ocrx_word' id='word_1_68' title='bbox 668 1395 827 1474; x_wconf 86' lang='lat' dir='ltr'>supellex</span> <span class='ocrx_word' id='word_1_69' title='bbox 847 1411 917 1456; x_wconf 94' lang='lat' dir='ltr'>non</span> <span class='ocrx_word' id='word_1_70' title='bbox 940 1395 1164 1473; x_wconf 90' lang='lat' dir='ltr'>ignorarent,</span> <span class='ocrx_word' id='word_1_71' title='bbox 1189 1393 1317 1456; x_wconf 91' lang='lat' dir='ltr'>horum</span> <span class='ocrx_word' id='word_1_72' title='bbox 1338 1404 1457 1456; x_wconf 86' lang='lat' dir='ltr'>tamen</span> <span class='ocrx_word' id='word_1_73' title='bbox 1479 1411 1589 1473; x_wconf 86' lang='lat' dir='ltr'>opera</span> 
     </span>
     <span class='ocr_line' id='line_1_10' title="bbox 358 1499 1589 1565; baseline -0.002 -1"><span class='ocrx_word' id='word_1_74' title='bbox 358 1503 423 1565; x_wconf 88' lang='lat' dir='ltr'>sibi</span> <span class='ocrx_word' id='word_1_75' title='bbox 438 1500 693 1565; x_wconf 91' lang='lat' dir='ltr'>consulendum</span> <span class='ocrx_word' id='word_1_76' title='bbox 708 1517 779 1563; x_wconf 92' lang='lat' dir='ltr'>non</span> <span class='ocrx_word' id='word_1_77' title='bbox 794 1499 1009 1563; x_wconf 87' lang='lat' dir='ltr'>dubitarunt.</span> <span class='ocrx_word' id='word_1_78' title='bbox 1028 1499 1215 1563; x_wconf 89' lang='lat' dir='ltr'>Caeterum</span> <span class='ocrx_word' id='word_1_79' title='bbox 1237 1501 1272 1562; x_wconf 89' lang='lat' dir='ltr'>in</span> <span class='ocrx_word' id='word_1_80' title='bbox 1288 1499 1444 1562; x_wconf 88' lang='lat' dir='ltr'>maxima</span> <span class='ocrx_word' id='word_1_81' title='bbox 1463 1510 1589 1564; x_wconf 87' lang='lat' dir='ltr'>nostra</span> 
     </span>
     <span class='ocr_line' id='line_1_11' title="bbox 357 1606 1587 1688; baseline -0.002 -17"><span class='ocrx_word' id='word_1_82' title='bbox 357 1609 490 1671; x_wconf 87' lang='lat' dir='ltr'>laetitia</span> <span class='ocrx_word' id='word_1_83' title='bbox 507 1608 542 1671; x_wconf 93' lang='lat' dir='ltr'>id</span> <span class='ocrx_word' id='word_1_84' title='bbox 557 1609 771 1685; x_wconf 88' lang='lat' dir='ltr'>consolatur,</span> <span class='ocrx_word' id='word_1_85' title='bbox 789 1607 964 1670; x_wconf 89' lang='lat' dir='ltr'>bonorum</span> <span class='ocrx_word' id='word_1_86' title='bbox 976 1624 1114 1687; x_wconf 89' lang='lat' dir='ltr'>semper</span> <span class='ocrx_word' id='word_1_87' title='bbox 1130 1609 1371 1670; x_wconf 86' lang='lat' dir='ltr'>accessionem</span> <span class='ocrx_word' id='word_1_88' title='bbox 1390 1606 1479 1687; x_wconf 89' lang='lat' dir='ltr'>fieri,</span> <span class='ocrx_word' id='word_1_89' title='bbox 1502 1624 1587 1688; x_wconf 92' lang='lat' dir='ltr'>quo·</span> 
     </span>
     <span class='ocr_line' id='line_1_12' title="bbox 358 1711 1370 1794; baseline -0.001 -16"><span class='ocrx_word' id='word_1_90' title='bbox 358 1715 568 1794; x_wconf 90' lang='lat' dir='ltr'>tidianisque</span> <span class='ocrx_word' id='word_1_91' title='bbox 583 1714 746 1777; x_wconf 88' lang='lat' dir='ltr'>auctibus</span> <span class='ocrx_word' id='word_1_92' title='bbox 761 1730 913 1777; x_wconf 91' lang='lat' dir='ltr'>messem</span> <span class='ocrx_word' id='word_1_93' title='bbox 928 1711 1071 1776; x_wconf 91' lang='lat' dir='ltr'>Domini</span> <span class='ocrx_word' id='word_1_94' title='bbox 1086 1713 1162 1777; x_wconf 90' lang='lat' dir='ltr'>fieri</span> <span class='ocrx_word' id='word_1_95' title='bbox 1178 1715 1370 1777; x_wconf 90' lang='lat' dir='ltr'>meliorem.</span> 
     </span>
    </p>

    <p class='ocr_par' dir='ltr' id='par_1_4' title="bbox 357 1819 1588 3502">
     <span class='ocr_line' id='line_1_13' title="bbox 418 1819 1586 1901; baseline -0.002 -17"><span class='ocrx_word' id='word_1_96' title='bbox 418 1820 472 1885; x_wconf 90' lang='lat' dir='ltr'>De</span> <span class='ocrx_word' id='word_1_97' title='bbox 487 1819 643 1884; x_wconf 89' lang='lat' dir='ltr'>nondum</span> <span class='ocrx_word' id='word_1_98' title='bbox 658 1820 765 1884; x_wconf 87' lang='lat' dir='ltr'>latine</span> <span class='ocrx_word' id='word_1_99' title='bbox 780 1819 991 1883; x_wconf 89' lang='lat' dir='ltr'>discentium</span> <span class='ocrx_word' id='word_1_100' title='bbox 1006 1837 1196 1901; x_wconf 89' lang='lat' dir='ltr'>puerorum</span> <span class='ocrx_word' id='word_1_101' title='bbox 1216 1821 1226 1850; x_wconf 84' lang='lat'><strong>¹</strong></span> <span class='ocrx_word' id='word_1_102' title='bbox 1242 1838 1389 1883; x_wconf 90' lang='lat' dir='ltr'>numero</span> <span class='ocrx_word' id='word_1_103' title='bbox 1411 1822 1462 1885; x_wconf 94' lang='lat' dir='ltr'>sic</span> <span class='ocrx_word' id='word_1_104' title='bbox 1482 1821 1586 1898; x_wconf 90' lang='lat' dir='ltr'>habe;</span> 
     </span>
     <span class='ocr_line' id='line_1_14' title="bbox 358 1925 1588 2008; baseline -0.001 -18"><span class='ocrx_word' id='word_1_105' title='bbox 358 1941 393 1991; x_wconf 89' lang='lat' dir='ltr'>et</span> <span class='ocrx_word' id='word_1_106' title='bbox 408 1945 485 1992; x_wconf 89' lang='lat' dir='ltr'>esse</span> <span class='ocrx_word' id='word_1_107' title='bbox 501 1928 694 2007; x_wconf 88' lang='lat' dir='ltr'>octoginta,</span> <span class='ocrx_word' id='word_1_108' title='bbox 712 1927 837 1990; x_wconf 89' lang='lat' dir='ltr'>eteius</span> <span class='ocrx_word' id='word_1_109' title='bbox 852 1926 990 2002; x_wconf 90' lang='lat' dir='ltr'>indolis,</span> <span class='ocrx_word' id='word_1_110' title='bbox 1008 1935 1046 1989; x_wconf 93' lang='lat' dir='ltr'>ut</span> <span class='ocrx_word' id='word_1_111' title='bbox 1061 1926 1258 1990; x_wconf 90' lang='lat' dir='ltr'>laudandus</span> <span class='ocrx_word' id='word_1_112' title='bbox 1275 1927 1474 2008; x_wconf 89' lang='lat' dir='ltr'>oppidoque</span> <span class='ocrx_word' id='word_1_113' title='bbox 1489 1925 1588 1990; x_wconf 91' lang='lat' dir='ltr'>Deus</span> 
     </span>
     <span class='ocr_line' id='line_1_15' title="bbox 358 2032 1586 2114; baseline -0.002 -16"><span class='ocrx_word' id='word_1_114' title='bbox 358 2037 415 2098; x_wconf 90' lang='lat' dir='ltr'>sit:</span> <span class='ocrx_word' id='word_1_115' title='bbox 431 2044 750 2114; x_wconf 88' lang='lat' dir='ltr'>praeceptoresque</span> <span class='ocrx_word' id='word_1_116' title='bbox 763 2032 800 2096; x_wconf 91' lang='lat' dir='ltr'>P.</span> <span class='ocrx_word' id='word_1_117' title='bbox 816 2033 959 2096; x_wconf 90' lang='lat' dir='ltr'>Petrum</span> <span class='ocrx_word' id='word_1_118' title='bbox 971 2043 1005 2096; x_wconf 91' lang='lat' dir='ltr'>et</span> <span class='ocrx_word' id='word_1_119' title='bbox 1020 2033 1238 2096; x_wconf 88' lang='lat' dir='ltr'>Antoninum</span> <span class='ocrx_word' id='word_1_120' title='bbox 1253 2032 1325 2096; x_wconf 72' lang='lat' dir='ltr'>&#39;ita</span> <span class='ocrx_word' id='word_1_121' title='bbox 1340 2051 1378 2096; x_wconf 90' lang='lat' dir='ltr'>se</span> <span class='ocrx_word' id='word_1_122' title='bbox 1393 2050 1530 2114; x_wconf 87' lang='lat' dir='ltr'>gerere,</span> <span class='ocrx_word' id='word_1_123' title='bbox 1546 2045 1586 2096; x_wconf 90' lang='lat' dir='ltr'>ut</span> 
     </span>
     <span class='ocr_line' id='line_1_16' title="bbox 357 2138 1588 2221; baseline -0.002 -17"><span class='ocrx_word' id='word_1_124' title='bbox 357 2141 580 2205; x_wconf 86' lang='lat' dir='ltr'>satisfactum</span> <span class='ocrx_word' id='word_1_125' title='bbox 595 2141 657 2204; x_wconf 92' lang='lat' dir='ltr'>tibi</span> <span class='ocrx_word' id='word_1_126' title='bbox 669 2152 799 2220; x_wconf 91' lang='lat' dir='ltr'>putem.</span> <span class='ocrx_word' id='word_1_127' title='bbox 813 2139 868 2203; x_wconf 90' lang='lat' dir='ltr'>De</span> <span class='ocrx_word' id='word_1_128' title='bbox 879 2140 1069 2203; x_wconf 89' lang='lat' dir='ltr'>latinorum</span> <span class='ocrx_word' id='word_1_129' title='bbox 1081 2138 1093 2170; x_wconf 79' lang='lat'><strong>⁴</strong></span> <span class='ocrx_word' id='word_1_130' title='bbox 1103 2149 1253 2203; x_wconf 87' lang='lat' dir='ltr'>naturae</span> <span class='ocrx_word' id='word_1_131' title='bbox 1265 2141 1474 2220; x_wconf 88' lang='lat' dir='ltr'>gratiaeque</span> <span class='ocrx_word' id='word_1_132' title='bbox 1487 2157 1588 2221; x_wconf 91' lang='lat' dir='ltr'>prae·</span> 
     </span>
     <span class='ocr_line' id='line_1_17' title="bbox 358 2247 1588 2329; baseline -0.002 -18"><span class='ocrx_word' id='word_1_133' title='bbox 358 2249 468 2326; x_wconf 85' lang='lat' dir='ltr'>sidiis,</span> <span class='ocrx_word' id='word_1_134' title='bbox 486 2249 547 2329; x_wconf 92' lang='lat' dir='ltr'>qui</span> <span class='ocrx_word' id='word_1_135' title='bbox 562 2264 709 2311; x_wconf 87' lang='lat' dir='ltr'>numero</span> <span class='ocrx_word' id='word_1_136' title='bbox 727 2247 855 2326; x_wconf 90' lang='lat' dir='ltr'>uiginti</span> <span class='ocrx_word' id='word_1_137' title='bbox 871 2258 943 2310; x_wconf 89' lang='lat' dir='ltr'>tres</span> <span class='ocrx_word' id='word_1_138' title='bbox 958 2257 1058 2326; x_wconf 87' lang='lat' dir='ltr'>sunt,</span> <span class='ocrx_word' id='word_1_139' title='bbox 1074 2247 1235 2327; x_wconf 88' lang='lat' dir='ltr'>syntaxi,</span> <span class='ocrx_word' id='word_1_140' title='bbox 1251 2247 1459 2326; x_wconf 78' lang='lat' dir='ltr'>generibuS,</span> <span class='ocrx_word' id='word_1_141' title='bbox 1475 2258 1509 2311; x_wconf 93' lang='lat' dir='ltr'>et</span> <span class='ocrx_word' id='word_1_142' title='bbox 1531 2265 1588 2309; x_wconf 93' lang='lat' dir='ltr'>ru-</span> 
     </span>
     <span class='ocr_line' id='line_1_18' title="bbox 358 2353 1585 2432; baseline -0.003 -14"><span class='ocrx_word' id='word_1_143' title='bbox 358 2356 522 2418; x_wconf 90' lang='lat' dir='ltr'>dimentis</span> <span class='ocrx_word' id='word_1_144' title='bbox 548 2355 805 2426; x_wconf 85' lang='lat' dir='ltr'>distinctorum,</span> <span class='ocrx_word' id='word_1_145' title='bbox 828 2354 923 2417; x_wconf 89' lang='lat' dir='ltr'>aliud</span> <span class='ocrx_word' id='word_1_146' title='bbox 944 2353 1097 2416; x_wconf 83' lang='lat' dir='ltr'>defuisse</span> <span class='ocrx_word' id='word_1_147' title='bbox 1121 2353 1223 2430; x_wconf 92' lang='lat' dir='ltr'>nihil,</span> <span class='ocrx_word' id='word_1_148' title='bbox 1245 2363 1386 2432; x_wconf 90' lang='lat' dir='ltr'>praeter</span> <span class='ocrx_word' id='word_1_149' title='bbox 1411 2353 1501 2417; x_wconf 90' lang='lat' dir='ltr'>haec</span> <span class='ocrx_word' id='word_1_150' title='bbox 1522 2353 1585 2416; x_wconf 91' lang='lat' dir='ltr'>tibi</span> 
     </span>
     <span class='ocr_line' id='line_1_19' title="bbox 358 2459 1586 2541; baseline -0.002 -15"><span class='ocrx_word' id='word_1_151' title='bbox 358 2462 544 2526; x_wconf 89' lang='lat' dir='ltr'>scribentis</span> <span class='ocrx_word' id='word_1_152' title='bbox 560 2462 745 2525; x_wconf 88' lang='lat' dir='ltr'>defectum.</span> <span class='ocrx_word' id='word_1_153' title='bbox 770 2459 860 2523; x_wconf 92' lang='lat' dir='ltr'>Nolo</span> <span class='ocrx_word' id='word_1_154' title='bbox 881 2471 1000 2524; x_wconf 91' lang='lat' dir='ltr'>tamen</span> <span class='ocrx_word' id='word_1_155' title='bbox 1016 2471 1118 2540; x_wconf 91' lang='lat' dir='ltr'>putes</span> <span class='ocrx_word' id='word_1_156' title='bbox 1138 2462 1253 2524; x_wconf 90' lang='lat' dir='ltr'>oleum</span> <span class='ocrx_word' id='word_1_157' title='bbox 1273 2478 1489 2540; x_wconf 86' lang='lat' dir='ltr'>operamque</span> <span class='ocrx_word' id='word_1_158' title='bbox 1509 2478 1586 2541; x_wconf 90' lang='lat' dir='ltr'>per·</span> 
     </span>
     <span class='ocr_line' id='line_1_20' title="bbox 358 2566 1584 2649; baseline -0.002 -17"><span class='ocrx_word' id='word_1_159' title='bbox 358 2570 481 2648; x_wconf 89' lang='lat' dir='ltr'>ditam,</span> <span class='ocrx_word' id='word_1_160' title='bbox 510 2569 593 2649; x_wconf 92' lang='lat' dir='ltr'>quin</span> <span class='ocrx_word' id='word_1_161' title='bbox 617 2569 734 2648; x_wconf 89' lang='lat' dir='ltr'>potius</span> <span class='ocrx_word' id='word_1_162' title='bbox 759 2567 936 2630; x_wconf 89' lang='lat' dir='ltr'>interdurn</span> <span class='ocrx_word' id='word_1_163' title='bbox 962 2568 997 2629; x_wconf 90' lang='lat' dir='ltr'>in</span> <span class='ocrx_word' id='word_1_164' title='bbox 1022 2566 1175 2630; x_wconf 92' lang='lat' dir='ltr'>Domino</span> <span class='ocrx_word' id='word_1_165' title='bbox 1197 2585 1269 2630; x_wconf 90' lang='lat' dir='ltr'>non</span> <span class='ocrx_word' id='word_1_166' title='bbox 1294 2568 1329 2630; x_wconf 93' lang='lat' dir='ltr'>in</span> <span class='ocrx_word' id='word_1_167' title='bbox 1356 2585 1412 2631; x_wconf 94' lang='lat' dir='ltr'>me</span> <span class='ocrx_word' id='word_1_168' title='bbox 1435 2568 1584 2648; x_wconf 88' lang='lat' dir='ltr'>gloriari</span> 
     </span>
     <span class='ocr_line' id='line_1_21' title="bbox 358 2671 1586 2752; baseline -0.003 -12"><span class='ocrx_word' id='word_1_169' title='bbox 358 2677 462 2740; x_wconf 92' lang='lat' dir='ltr'>scias.</span> <span class='ocrx_word' id='word_1_170' title='bbox 479 2675 529 2739; x_wconf 93' lang='lat' dir='ltr'>Vt</span> <span class='ocrx_word' id='word_1_171' title='bbox 544 2675 666 2738; x_wconf 84' lang='lat' dir='ltr'>fratris</span> <span class='ocrx_word' id='word_1_172' title='bbox 681 2673 827 2736; x_wconf 88' lang='lat' dir='ltr'>Antonii</span> <span class='ocrx_word' id='word_1_173' title='bbox 842 2671 853 2703; x_wconf 81' lang='lat'>⁵</span> <span class='ocrx_word' id='word_1_174' title='bbox 868 2682 1027 2751; x_wconf 88' lang='lat' dir='ltr'>externa,</span> <span class='ocrx_word' id='word_1_175' title='bbox 1045 2673 1107 2735; x_wconf 89' lang='lat' dir='ltr'>sed</span> <span class='ocrx_word' id='word_1_176' title='bbox 1122 2691 1194 2736; x_wconf 91' lang='lat' dir='ltr'>non</span> <span class='ocrx_word' id='word_1_177' title='bbox 1208 2674 1344 2737; x_wconf 87' lang='lat' dir='ltr'>externi</span> <span class='ocrx_word' id='word_1_178' title='bbox 1358 2673 1507 2752; x_wconf 84' lang='lat' dir='ltr'>fructus,</span> <span class='ocrx_word' id='word_1_179' title='bbox 1524 2691 1586 2736; x_wconf 91' lang='lat' dir='ltr'>ne-</span> 
     </span>
     <span class='ocr_line' id='line_1_22' title="bbox 357 2780 1585 2862; baseline -0.002 -16"><span class='ocrx_word' id='word_1_180' title='bbox 357 2785 456 2862; x_wconf 85' lang='lat' dir='ltr'>gotia</span> <span class='ocrx_word' id='word_1_181' title='bbox 471 2783 612 2846; x_wconf 88' lang='lat' dir='ltr'>aliunde</span> <span class='ocrx_word' id='word_1_182' title='bbox 626 2781 689 2843; x_wconf 90' lang='lat' dir='ltr'>tibi</span> <span class='ocrx_word' id='word_1_183' title='bbox 704 2791 789 2844; x_wconf 90' lang='lat' dir='ltr'>nota</span> <span class='ocrx_word' id='word_1_184' title='bbox 803 2789 1038 2858; x_wconf 84' lang='lat' dir='ltr'>praeteream,</span> <span class='ocrx_word' id='word_1_185' title='bbox 1054 2780 1090 2841; x_wconf 94' lang='lat' dir='ltr'>id</span> <span class='ocrx_word' id='word_1_186' title='bbox 1105 2781 1258 2859; x_wconf 90' lang='lat' dir='ltr'>ingenue</span> <span class='ocrx_word' id='word_1_187' title='bbox 1272 2780 1399 2858; x_wconf 83' lang='lat' dir='ltr'>fateor,</span> <span class='ocrx_word' id='word_1_188' title='bbox 1424 2781 1494 2844; x_wconf 90' lang='lat' dir='ltr'>tuis</span> <span class='ocrx_word' id='word_1_189' title='bbox 1508 2791 1585 2844; x_wconf 91' lang='lat' dir='ltr'>tan·</span> 
     </span>
     <span class='ocr_line' id='line_1_23' title="bbox 357 2885 1584 2968; baseline -0.002 -15"><span class='ocrx_word' id='word_1_190' title='bbox 357 2901 432 2954; x_wconf 90' lang='lat' dir='ltr'>tum</span> <span class='ocrx_word' id='word_1_191' title='bbox 447 2889 666 2953; x_wconf 89' lang='lat' dir='ltr'>orationibus</span> <span class='ocrx_word' id='word_1_192' title='bbox 679 2887 766 2964; x_wconf 87' lang='lat' dir='ltr'>iore,</span> <span class='ocrx_word' id='word_1_193' title='bbox 783 2898 821 2949; x_wconf 93' lang='lat' dir='ltr'>ut</span> <span class='ocrx_word' id='word_1_194' title='bbox 842 2887 903 2950; x_wconf 84' lang='lat' dir='ltr'>filii</span> <span class='ocrx_word' id='word_1_195' title='bbox 927 2885 1131 2966; x_wconf 90' lang='lat' dir='ltr'>poenitendi</span> <span class='ocrx_word' id='word_1_196' title='bbox 1149 2905 1193 2950; x_wconf 86' lang='lat' dir='ltr'>ne</span> <span class='ocrx_word' id='word_1_197' title='bbox 1213 2887 1334 2950; x_wconf 87' lang='lat' dir='ltr'>simus.</span> <span class='ocrx_word' id='word_1_198' title='bbox 1358 2886 1584 2968; x_wconf 89' lang='lat' dir='ltr'>Quapropter</span> 
     </span>
     <span class='ocr_line' id='line_1_24' title="bbox 357 2993 1585 3076; baseline -0.003 -16"><span class='ocrx_word' id='word_1_199' title='bbox 357 3007 527 3076; x_wconf 90' lang='lat' dir='ltr'>quantum</span> <span class='ocrx_word' id='word_1_200' title='bbox 542 2996 646 3058; x_wconf 92' lang='lat' dir='ltr'>huius</span> <span class='ocrx_word' id='word_1_201' title='bbox 660 2994 901 3073; x_wconf 86' lang='lat' dir='ltr'>Reipublicae,</span> <span class='ocrx_word' id='word_1_202' title='bbox 919 2993 1019 3056; x_wconf 92' lang='lat' dir='ltr'>cuius</span> <span class='ocrx_word' id='word_1_203' title='bbox 1041 3000 1076 3055; x_wconf 92' lang='lat' dir='ltr'>et</span> <span class='ocrx_word' id='word_1_204' title='bbox 1091 2994 1354 3057; x_wconf 85' lang='lat' dir='ltr'>ecclesiasticus</span> <span class='ocrx_word' id='word_1_205' title='bbox 1375 3006 1409 3058; x_wconf 91' lang='lat' dir='ltr'>et</span> <span class='ocrx_word' id='word_1_206' title='bbox 1426 2997 1585 3058; x_wconf 88' lang='lat' dir='ltr'>saecula-</span> 
     </span>
     <span class='ocr_line' id='line_1_25' title="bbox 358 3101 1587 3185; baseline -0.001 -18"><span class='ocrx_word' id='word_1_207' title='bbox 358 3108 406 3168; x_wconf 91' lang='lat' dir='ltr'>ris</span> <span class='ocrx_word' id='word_1_208' title='bbox 421 3104 621 3185; x_wconf 85' lang='lat' dir='ltr'>praelectus</span> <span class='ocrx_word' id='word_1_209' title='bbox 645 3121 709 3166; x_wconf 90' lang='lat' dir='ltr'>nos</span> <span class='ocrx_word' id='word_1_210' title='bbox 733 3119 853 3165; x_wconf 91' lang='lat' dir='ltr'>amore</span> <span class='ocrx_word' id='word_1_211' title='bbox 875 3103 1032 3164; x_wconf 84' lang='lat' dir='ltr'>maxirno</span> <span class='ocrx_word' id='word_1_212' title='bbox 1055 3103 1102 3179; x_wconf 88' lang='lat' dir='ltr'>(at</span> <span class='ocrx_word' id='word_1_213' title='bbox 1125 3101 1291 3182; x_wconf 91' lang='lat' dir='ltr'>quicquid</span> <span class='ocrx_word' id='word_1_214' title='bbox 1313 3102 1432 3165; x_wconf 92' lang='lat' dir='ltr'>dicere</span> <span class='ocrx_word' id='word_1_215' title='bbox 1452 3103 1587 3183; x_wconf 91' lang='lat' dir='ltr'>posslm</span> 
     </span>
     <span class='ocr_line' id='line_1_26' title="bbox 357 3208 1587 3299; baseline -0.003 -24"><span class='ocrx_word' id='word_1_216' title='bbox 357 3228 483 3292; x_wconf 91' lang='lat' dir='ltr'>parum</span> <span class='ocrx_word' id='word_1_217' title='bbox 499 3211 544 3273; x_wconf 90' lang='lat' dir='ltr'>sit</span> <span class='ocrx_word' id='word_1_218' title='bbox 559 3227 624 3290; x_wconf 89' lang='lat' dir='ltr'>pro</span> <span class='ocrx_word' id='word_1_219' title='bbox 648 3227 770 3272; x_wconf 90' lang='lat' dir='ltr'>eorum</span> <span class='ocrx_word' id='word_1_220' title='bbox 791 3209 977 3271; x_wconf 89' lang='lat' dir='ltr'>charitatis</span> <span class='ocrx_word' id='word_1_221' title='bbox 995 3208 1252 3299; x_wconf 84' lang='lat' dir='ltr'>magnitudine)</span> <span class='ocrx_word' id='word_1_222' title='bbox 1274 3211 1510 3289; x_wconf 89' lang='lat' dir='ltr'>prosequitur,</span> <span class='ocrx_word' id='word_1_223' title='bbox 1534 3227 1587 3272; x_wconf 90' lang='lat' dir='ltr'>sa·</span> 
     </span>
     <span class='ocr_line' id='line_1_27' title="bbox 358 3315 1585 3396; baseline -0.002 -15"><span class='ocrx_word' id='word_1_224' title='bbox 358 3321 465 3381; x_wconf 92' lang='lat' dir='ltr'>lutem</span> <span class='ocrx_word' id='word_1_225' title='bbox 481 3334 653 3393; x_wconf 79' lang='lat' dir='ltr'>amamuS,</span> <span class='ocrx_word' id='word_1_226' title='bbox 670 3325 808 3379; x_wconf 84' lang='lat' dir='ltr'>tantum</span> <span class='ocrx_word' id='word_1_227' title='bbox 830 3332 895 3377; x_wconf 93' lang='lat' dir='ltr'>nos</span> <span class='ocrx_word' id='word_1_228' title='bbox 920 3315 1022 3378; x_wconf 89' lang='lat' dir='ltr'>isthis</span> <span class='ocrx_word' id='word_1_229' title='bbox 1047 3315 1128 3394; x_wconf 81' lang='lat' dir='ltr'>(sic)</span> <span class='ocrx_word' id='word_1_230' title='bbox 1146 3315 1309 3394; x_wconf 89' lang='lat' dir='ltr'>precibus</span> <span class='ocrx_word' id='word_1_231' title='bbox 1331 3315 1585 3396; x_wconf 87' lang='lat' dir='ltr'>sacrificiisque</span> 
     </span>
     <span class='ocr_line' id='line_1_28' title="bbox 358 3423 889 3502; baseline -0.013 -14"><span class='ocrx_word' id='word_1_232' title='bbox 358 3423 624 3488; x_wconf 87' lang='lat' dir='ltr'>commendatos</span> <span class='ocrx_word' id='word_1_233' title='bbox 638 3424 889 3502; x_wconf 86' lang='lat' dir='ltr'>supplicamus.</span> 
     </span>
    </p>

    <p class='ocr_par' dir='ltr' id='par_1_5' title="bbox 416 3529 1052 3611">
     <span class='ocr_line' id='line_1_29' title="bbox 416 3529 1052 3611; baseline -0.006 -17"><span class='ocrx_word' id='word_1_234' title='bbox 416 3531 562 3610; x_wconf 89' lang='lat' dir='ltr'>Tyburi,</span> <span class='ocrx_word' id='word_1_235' title='bbox 582 3531 669 3608; x_wconf 82' lang='lat'>1556,</span> <span class='ocrx_word' id='word_1_236' title='bbox 686 3531 706 3591; x_wconf 80' lang='grc'>4</span> <span class='ocrx_word' id='word_1_237' title='bbox 721 3545 835 3591; x_wconf 84' lang='lat' dir='ltr'>nonas</span> <span class='ocrx_word' id='word_1_238' title='bbox 849 3529 1052 3611; x_wconf 83' lang='lat' dir='ltr'>Januarias.</span> 
     </span>
    </p>

    <p class='ocr_par' dir='ltr' id='par_1_6' title="bbox 476 3631 1315 3822">
     <span class='ocr_line' id='line_1_30' title="bbox 476 3631 1311 3718; baseline -0.001 -18"><span class='ocrx_word' id='word_1_239' title='bbox 476 3635 581 3718; x_wconf 84' lang='lat' dir='ltr'>Jussu</span> <span class='ocrx_word' id='word_1_240' title='bbox 599 3635 761 3700; x_wconf 87' lang='lat' dir='ltr'>Rectoris</span> <span class='ocrx_word' id='word_1_241' title='bbox 775 3633 845 3696; x_wconf 54' lang='grc' dir='ltr'>ΚΛΗ</span> <span class='ocrx_word' id='word_1_242' title='bbox 861 3635 896 3696; x_wconf 94' lang='lat' dir='ltr'>in</span> <span class='ocrx_word' id='word_1_243' title='bbox 911 3631 974 3696; x_wconf 91' lang='lat' dir='ltr'>X.⁰</span> <span class='ocrx_word' id='word_1_244' title='bbox 989 3633 1106 3698; x_wconf 89' lang='lat' dir='ltr'>Patris</span> <span class='ocrx_word' id='word_1_245' title='bbox 1120 3637 1311 3700; x_wconf 89' lang='lat' dir='ltr'>Laurentii.</span> 
     </span>
     <span class='ocr_line' id='line_1_31' title="bbox 518 3740 1315 3822; baseline -0.003 -16"><span class='ocrx_word' id='word_1_246' title='bbox 518 3743 615 3806; x_wconf 87' lang='lat' dir='ltr'>Tuae</span> <span class='ocrx_word' id='word_1_247' title='bbox 630 3743 670 3805; x_wconf 85' lang='lat' dir='ltr'>R.</span> <span class='ocrx_word' id='word_1_248' title='bbox 688 3741 916 3804; x_wconf 88' lang='lat' dir='ltr'>Paternitatis</span> <span class='ocrx_word' id='word_1_249' title='bbox 931 3740 1197 3818; x_wconf 90' lang='lat' dir='ltr'>indignissimus</span> <span class='ocrx_word' id='word_1_250' title='bbox 1212 3743 1315 3822; x_wconf 84' lang='lat' dir='ltr'>nlius,</span> 
     </span>
    </p>
   </div>
   <div class='ocr_carea' id='block_1_3' title="bbox 1152 3893 1460 3959">
    <p class='ocr_par' dir='ltr' id='par_1_7' title="bbox 1152 3893 1460 3959">
     <span class='ocr_line' id='line_1_32' title="bbox 1152 3893 1460 3959; baseline -0.003 -3"><span class='ocrx_word' id='word_1_251' title='bbox 1152 3893 1289 3958; x_wconf 73' lang='lat' dir='ltr'>Pennus</span> <span class='ocrx_word' id='word_1_252' title='bbox 1311 3893 1460 3959; x_wconf 78' lang='lat' dir='ltr'>Sumus.</span> 
     </span>
    </p>
   </div>
   <div class='ocr_carea' id='block_1_4' title="bbox 356 4091 1585 4780">
    <p class='ocr_par' dir='ltr' id='par_1_8' title="bbox 356 4091 1585 4351">
     <span class='ocr_line' id='line_1_33' title="bbox 396 4091 1585 4146; baseline -0.005 -8"><span class='ocrx_word' id='word_1_253' title='bbox 396 4097 405 4128; x_wconf 80' lang='grc' dir='ltr'>Ι</span> <span class='ocrx_word' id='word_1_254' title='bbox 437 4093 511 4138; x_wconf 82' lang='lat' dir='ltr'>Haud</span> <span class='ocrx_word' id='word_1_255' title='bbox 521 4094 585 4136; x_wconf 80' lang='lat' dir='ltr'>satis</span> <span class='ocrx_word' id='word_1_256' title='bbox 595 4093 740 4144; x_wconf 76' lang='lat' dir='ltr'>intelligere</span> <span class='ocrx_word' id='word_1_257' title='bbox 752 4093 868 4134; x_wconf 79' lang='lat' dir='ltr'>valcmus</span> <span class='ocrx_word' id='word_1_258' title='bbox 884 4092 943 4146; x_wconf 87' lang='lat' dir='ltr'>quid</span> <span class='ocrx_word' id='word_1_259' title='bbox 960 4093 1058 4135; x_wconf 80' lang='lat' dir='ltr'>duabus</span> <span class='ocrx_word' id='word_1_260' title='bbox 1074 4091 1113 4134; x_wconf 81' lang='lat' dir='ltr'>liis</span> <span class='ocrx_word' id='word_1_261' title='bbox 1130 4091 1273 4142; x_wconf 74' lang='lat' dir='ltr'>sententiis,</span> <span class='ocrx_word' id='word_1_262' title='bbox 1289 4103 1304 4134; x_wconf 86' lang='lat' dir='ltr'>a</span> <span class='ocrx_word' id='word_1_263' title='bbox 1321 4091 1427 4134; x_wconf 73' lang='lat' dir='ltr'>vocibus</span> <span class='ocrx_word' id='word_1_264' title='bbox 1438 4091 1585 4144; x_wconf 64' lang='lat' dir='ltr'>Hoerner-</span> 
     </span>
     <span class='ocr_line' id='line_1_34' title="bbox 356 4162 1583 4218; baseline -0.002 -9"><span class='ocrx_word' id='word_1_265' title='bbox 356 4176 390 4209; x_wconf 86' lang='lat' dir='ltr'>va</span> <span class='ocrx_word' id='word_1_266' title='bbox 402 4167 540 4218; x_wconf 84' lang='lat' dir='ltr'>bucusque,</span> <span class='ocrx_word' id='word_1_267' title='bbox 551 4163 699 4216; x_wconf 69' lang='lat' dir='ltr'>significare</span> <span class='ocrx_word' id='word_1_268' title='bbox 711 4163 822 4205; x_wconf 85' lang='lat' dir='ltr'>voluerit</span> <span class='ocrx_word' id='word_1_269' title='bbox 839 4162 952 4218; x_wconf 76' lang='lat' dir='ltr'>Sylvlns3</span> <span class='ocrx_word' id='word_1_270' title='bbox 969 4163 1013 4205; x_wconf 81' lang='lat' dir='ltr'>sed</span> <span class='ocrx_word' id='word_1_271' title='bbox 1031 4173 1077 4205; x_wconf 88' lang='lat' dir='ltr'>nec</span> <span class='ocrx_word' id='word_1_272' title='bbox 1095 4163 1221 4206; x_wconf 81' lang='lat' dir='ltr'>Polancns</span> <span class='ocrx_word' id='word_1_273' title='bbox 1239 4163 1293 4217; x_wconf 84' lang='lat' dir='ltr'>ipsc</span> <span class='ocrx_word' id='word_1_274' title='bbox 1310 4163 1431 4206; x_wconf 78' lang='lat' dir='ltr'>fortassis</span> <span class='ocrx_word' id='word_1_275' title='bbox 1447 4164 1583 4217; x_wconf 81' lang='lat' dir='ltr'>intellexit,</span> 
     </span>
     <span class='ocr_line' id='line_1_35' title="bbox 357 4233 1573 4292; baseline -0.003 -12"><span class='ocrx_word' id='word_1_276' title='bbox 357 4238 399 4292; x_wconf 83' lang='lat' dir='ltr'>qni</span> <span class='ocrx_word' id='word_1_277' title='bbox 409 4248 441 4280; x_wconf 83' lang='lat' dir='ltr'>ea</span> <span class='ocrx_word' id='word_1_278' title='bbox 451 4245 525 4280; x_wconf 79' lang='lat' dir='ltr'>caute</span> <span class='ocrx_word' id='word_1_279' title='bbox 538 4235 669 4284; x_wconf 79' lang='lat' dir='ltr'>transiliit,</span> <span class='ocrx_word' id='word_1_280' title='bbox 681 4234 739 4276; x_wconf 91' lang='lat' dir='ltr'>dum</span> <span class='ocrx_word' id='word_1_281' title='bbox 750 4245 815 4286; x_wconf 84' lang='lat' dir='ltr'>quae</span> <span class='ocrx_word' id='word_1_282' title='bbox 827 4235 851 4277; x_wconf 90' lang='lat' dir='ltr'>ln</span> <span class='ocrx_word' id='word_1_283' title='bbox 868 4233 907 4276; x_wconf 84' lang='lat' dir='ltr'>bis</span> <span class='ocrx_word' id='word_1_284' title='bbox 921 4234 1017 4277; x_wconf 82' lang='lat' dir='ltr'>litteris</span> <span class='ocrx_word' id='word_1_285' title='bbox 1032 4235 1203 4280; x_wconf 82' lang='lat' dir='ltr'>continentur.</span> <span class='ocrx_word' id='word_1_286' title='bbox 1224 4233 1249 4276; x_wconf 91' lang='lat' dir='ltr'>in</span> <span class='ocrx_word' id='word_1_287' title='bbox 1269 4247 1343 4278; x_wconf 89' lang='lat' dir='ltr'>suum</span> <span class='ocrx_word' id='word_1_288' title='bbox 1361 4235 1517 4283; x_wconf 74' lang='lat' dir='ltr'>caronicon.</span> <span class='ocrx_word' id='word_1_289' title='bbox 1527 4244 1546 4278; x_wconf 86' lang='lat' dir='ltr'>t.</span> <span class='ocrx_word' id='word_1_290' title='bbox 1557 4246 1573 4276; x_wconf 78' lang='lat' dir='ltr'>v</span> 
     </span>
     <span class='ocr_line' id='line_1_36' title="bbox 357 4308 557 4351; baseline -0.015 0"><span class='ocrx_word' id='word_1_291' title='bbox 357 4308 557 4351; x_wconf 76' lang='lat' dir='ltr'>transcribendi.</span> 
     </span>
    </p>

    <p class='ocr_par' dir='ltr' id='par_1_9' title="bbox 357 4375 1583 4502">
     <span class='ocr_line' id='line_1_37' title="bbox 398 4375 1583 4430; baseline -0.003 -9"><span class='ocrx_word' id='word_1_292' title='bbox 398 4379 409 4412; x_wconf 86' lang='lat'><strong>¹</strong></span> <span class='ocrx_word' id='word_1_293' title='bbox 436 4379 532 4421; x_wconf 87' lang='lat' dir='ltr'>Eorum</span> <span class='ocrx_word' id='word_1_294' title='bbox 542 4377 650 4426; x_wconf 85' lang='lat' dir='ltr'>scillcet,</span> <span class='ocrx_word' id='word_1_295' title='bbox 662 4377 703 4430; x_wconf 90' lang='lat' dir='ltr'>qul</span> <span class='ocrx_word' id='word_1_296' title='bbox 715 4383 814 4420; x_wconf 83' lang='lat' dir='ltr'>tantum</span> <span class='ocrx_word' id='word_1_297' title='bbox 827 4378 912 4428; x_wconf 78' lang='lat' dir='ltr'>legero</span> <span class='ocrx_word' id='word_1_298' title='bbox 922 4383 949 4418; x_wconf 87' lang='lat' dir='ltr'>et</span> <span class='ocrx_word' id='word_1_299' title='bbox 958 4375 1071 4418; x_wconf 85' lang='lat' dir='ltr'>scribere</span> <span class='ocrx_word' id='word_1_300' title='bbox 1083 4377 1107 4418; x_wconf 92' lang='lat' dir='ltr'>ln</span> <span class='ocrx_word' id='word_1_301' title='bbox 1119 4383 1207 4419; x_wconf 82' lang='lat' dir='ltr'>nostru</span> <span class='ocrx_word' id='word_1_302' title='bbox 1217 4377 1307 4420; x_wconf 84' lang='lat' dir='ltr'>seboin</span> <span class='ocrx_word' id='word_1_303' title='bbox 1318 4377 1450 4420; x_wconf 85' lang='lat' dir='ltr'>docentur.</span> <span class='ocrx_word' id='word_1_304' title='bbox 1459 4376 1525 4421; x_wconf 88' lang='lat' dir='ltr'>Vide</span> <span class='ocrx_word' id='word_1_305' title='bbox 1537 4375 1583 4418; x_wconf 87' lang='lat' dir='ltr'>Po·</span> 
     </span>
     <span class='ocr_line' id='line_1_38' title="bbox 357 4449 868 4502; baseline -0.014 -6"><span class='ocrx_word' id='word_1_306' title='bbox 357 4461 433 4496; x_wconf 73' lang='lat' dir='ltr'>nauci</span> <span class='ocrx_word' id='word_1_307' title='bbox 446 4450 599 4497; x_wconf 75' lang='lat' dir='ltr'>chronicon,</span> <span class='ocrx_word' id='word_1_308' title='bbox 609 4457 626 4491; x_wconf 83' lang='lat' dir='ltr'>t.</span> <span class='ocrx_word' id='word_1_309' title='bbox 639 4459 674 4500; x_wconf 83' lang='lat' dir='ltr'>iv,</span> <span class='ocrx_word' id='word_1_310' title='bbox 685 4460 744 4502; x_wconf 77' lang='lat' dir='ltr'>pag.</span> <span class='ocrx_word' id='word_1_311' title='bbox 753 4449 786 4496; x_wconf 81' lang='lat'>22.</span> <span class='ocrx_word' id='word_1_312' title='bbox 797 4461 820 4492; x_wconf 90' lang='lat' dir='ltr'>n.</span> <span class='ocrx_word' id='word_1_313' title='bbox 831 4449 868 4490; x_wconf 69' lang='lat'>26.</span> 
     </span>
    </p>

    <p class='ocr_par' dir='ltr' id='par_1_10' title="bbox 398 4519 1139 4564">
     <span class='ocr_line' id='line_1_39' title="bbox 398 4519 1139 4564; baseline -0.004 0"><span class='ocrx_word' id='word_1_314' title='bbox 398 4522 409 4552; x_wconf 61' lang='grc' dir='ltr'><strong>ὅ</strong></span> <span class='ocrx_word' id='word_1_315' title='bbox 437 4521 465 4564; x_wconf 87' lang='lat' dir='ltr'>P.</span> <span class='ocrx_word' id='word_1_316' title='bbox 476 4521 582 4563; x_wconf 86' lang='lat' dir='ltr'>Petrum</span> <span class='ocrx_word' id='word_1_317' title='bbox 593 4520 623 4561; x_wconf 88' lang='lat' dir='ltr'>de</span> <span class='ocrx_word' id='word_1_318' title='bbox 635 4519 751 4563; x_wconf 75' lang='lat' dir='ltr'>Prudene</span> <span class='ocrx_word' id='word_1_319' title='bbox 762 4527 787 4562; x_wconf 86' lang='lat' dir='ltr'>et</span> <span class='ocrx_word' id='word_1_320' title='bbox 799 4519 957 4562; x_wconf 81' lang='lat' dir='ltr'>Antoninum</span> <span class='ocrx_word' id='word_1_321' title='bbox 970 4519 999 4562; x_wconf 88' lang='lat' dir='ltr'>do</span> <span class='ocrx_word' id='word_1_322' title='bbox 1012 4519 1139 4562; x_wconf 74' lang='lat' dir='ltr'>Henricis,</span> 
     </span>
    </p>

    <p class='ocr_par' dir='ltr' id='par_1_11' title="bbox 358 4589 1583 4721">
     <span class='ocr_line' id='line_1_40' title="bbox 397 4589 1583 4648; baseline 0 -12"><span class='ocrx_word' id='word_1_323' title='bbox 397 4591 409 4624; x_wconf 76' lang='lat'><strong>⁴</strong></span> <span class='ocrx_word' id='word_1_324' title='bbox 436 4593 541 4643; x_wconf 84' lang='lat' dir='ltr'>Eorum,</span> <span class='ocrx_word' id='word_1_325' title='bbox 550 4591 592 4644; x_wconf 93' lang='lat' dir='ltr'>qui</span> <span class='ocrx_word' id='word_1_326' title='bbox 603 4590 700 4636; x_wconf 80' lang='lat' dir='ltr'>latinae</span> <span class='ocrx_word' id='word_1_327' title='bbox 710 4591 813 4644; x_wconf 78' lang='lat' dir='ltr'>linguae</span> <span class='ocrx_word' id='word_1_328' title='bbox 825 4589 994 4636; x_wconf 83' lang='lat' dir='ltr'>addiscendae</span> <span class='ocrx_word' id='word_1_329' title='bbox 1005 4591 1066 4634; x_wconf 85' lang='lat' dir='ltr'>dnm</span> <span class='ocrx_word' id='word_1_330' title='bbox 1083 4602 1194 4644; x_wconf 80' lang='lat' dir='ltr'>opernm,</span> <span class='ocrx_word' id='word_1_331' title='bbox 1215 4605 1323 4646; x_wconf 86' lang='lat' dir='ltr'>quorum</span> <span class='ocrx_word' id='word_1_332' title='bbox 1339 4594 1455 4637; x_wconf 81' lang='lat' dir='ltr'>scholam</span> <span class='ocrx_word' id='word_1_333' title='bbox 1474 4595 1583 4648; x_wconf 73' lang='lat' dir='ltr'>regebat</span> 
     </span>
     <span class='ocr_line' id='line_1_41' title="bbox 358 4663 537 4721; baseline -0.011 -13"><span class='ocrx_word' id='word_1_334' title='bbox 358 4665 412 4719; x_wconf 84' lang='lat' dir='ltr'>ipse</span> <span class='ocrx_word' id='word_1_335' title='bbox 424 4663 537 4721; x_wconf 83' lang='lat' dir='ltr'>Sylvius.</span> 
     </span>
    </p>

    <p class='ocr_par' dir='ltr' id='par_1_12' title="bbox 397 4733 706 4780">
     <span class='ocr_line' id='line_1_42' title="bbox 397 4733 706 4780; baseline -0.006 -1"><span class='ocrx_word' id='word_1_336' title='bbox 397 4736 409 4770; x_wconf 73' lang='lat'>⁵</span> <span class='ocrx_word' id='word_1_337' title='bbox 438 4736 543 4780; x_wconf 81' lang='lat' dir='ltr'>Antonii</span> <span class='ocrx_word' id='word_1_338' title='bbox 555 4733 706 4777; x_wconf 79' lang='lat' dir='ltr'>dellobore.</span> 
     </span>
    </p>
   </div>
   <div class='ocr_carea' id='block_1_5' title="bbox 0 0 1794 5534">
    <p class='ocr_par' dir='ltr' id='par_1_13' title="bbox 0 0 1794 5534">
     <span class='ocr_line' id='line_1_43' title="bbox 0 0 1794 5534; baseline 0 0"><span class='ocrx_word' id='word_1_339' title='bbox 0 0 1794 5534; x_wconf 95' lang='lat' dir='ltr'> </span> 
     </span>
    </p>
   </div>
  </div>
 </body>
</html>
