3368 5528
608 528 878 590 Autaoo'*

89 675 249 743 desiderio
263 685 388 744 sancto
403 677 523 759 populi
538 677 642 742 huius
658 677 851 742 admodum
861 677 980 742 deuoti
992 676 1213 759 sitientisque
1225 696 1302 742 ver·

89 785 161 849 bum
173 785 252 850 Dei.
662 787 664 790 ’

140 892 285 973 Quidam
302 912 322 957 a
339 893 441 958 nobis
455 892 579 957 moniti
594 901 634 958 vt
649 893 764 958 aliena
778 899 860 957 ante
872 893 1131 958 absolutionem
1143 893 1301 958 restitue·

89 1011 156 1063 rent
169 1017 313 1066 necesse
328 1017 418 1079 esse,
434 1001 621 1080 diligenter
637 1000 880 1078 obediuerunt‚
898 1001 1101 1081 reuersique
1121 1011 1202 1066 sunt
1217 1008 1301 1082 pro-

89 1111 159 1184 pter
171 1107 365 1172 habendam
380 1106 652 1186 absolutionem,
666 1112 700 1171 et
717 1114 954 1171 asseruerunt
969 1108 1063 1188 qudd
1077 1108 1115 1170 si
1121 1106 1207 1171 ahi¹
1221 1127 1300 1174 con·

90 1211 217 1280 lessarii
232 1233 296 1279 eos
311 1215 361 1296 (vt
377 1232 442 1280 nos
457 1213 615 1294 fecimus)
636 1215 895 1294 astrinxissent,
917 1215 1037 1296 vtique
1058 1215 1151 1279 idem
1170 1215 1301 1280 effecis-

91 1330 168 1384 sent.
193 1321 248 1386 De
273 1323 436 1387 omnibus
458 1323 573 1402 gloria
597 1321 654 1398 sit,
678 1323 756 1385 laus
776 1332 811 1386 et
836 1323 950 1386 honor
975 1321 1064 1402 De0,
1091 1321 1200 1386 totius
1219 1323 1303 1388 boni

91 1431 226 1495 auctori.
884 1425 887 1430 ’

106 1539 107 1554 ’
142 1535 192 1601 Ex
206 1538 262 1617 iis,
280 1538 339 1620 qui
353 1537 555 1618 frequenter
571 1539 622 1613 (vt
637 1553 746 1618 supra
760 1536 846 1615 dixi)
861 1537 1134 1618 communicant,
1153 1549 1226 1610 tres
1236 1538 1303 1602 sal·

92 1653 153 1707 tem
168 1655 225 1710 aut
240 1655 404 1727 quatuor,
420 1653 454 1708 et
468 1645 557 1714 sorte
574 1645 703 1724 plures,
719 1661 903 1727 speramus
919 1645 954 1710 in
974 1646 1249 1726 capuccinorum
1269 1657 1303 1710 et

93 1754 315 1818 zoculantium
332 1753 491 1817 ordinem
506 1739 576 1816 cito¹
594 1751 839 1818 admittendos.
855 1751 1008 1834 Quidam
1024 1753 1083 1818 alii
1098 1753 1133 1818 in
1144 1763 1302 1819 nostram

91 1862 223 1940 cupiunt
244 1861 381 1925 admitti
405 1859 629 1936 Societatem,
651 1870 685 1924 et
700 1859 755 1924 'illi
775 1861 977 1942 praecipue,
1002 1862 1045 1926 de
1067 1861 1192 1943 quibus
1213 1863 1303 1926 alias

90 1963 175 2032 Tuae
198 1968 240 2033 R.
269 1967 480 2048 significaui,
502 1977 732 2048 perseuerant
751 1968 786 2030 in
806 1967 929 2031 eodem
948 1969 1142 2049 proposito,
1164 1969 1303 2050 cupien-

90 2082 136 2135 tes
149 2093 169 2138 a
182 2075 222 2140 T.
238 2075 280 2140 R.
299 2075 469 2139 certiores
483 2073 559 2138 fieri
574 2091 643 2156 quo
659 2083 693 2160 et
701 2075 849 2156 ¹quando
864 2075 983 2138 ituros
997 2092 1074 2138 esse
1089 2074 1176 2139 velit
1195 2075 1217 2140 ¹.

142 2182 177 2246 In
192 2184 258 2247 hoc
281 2183 431 2264 collegio
450 2181 590 2246 Veneto
613 2199 705 2246 nunc
727 2190 863 2246 tantum
885 2193 1036 2264 quatuor
1058 2201 1189 2248 sumus
1213 2184 1302 2251 Tres

91 2287 283 2355 domesticis
308 2288 467 2370 negociis
489 2289 677 2368 diligenter
697 2289 883 2354 attendunt
903 2299 937 2354 et
961 2301 999 2354 vt
1019 2291 1054 2354 in
1074 2292 1205 2356 virtute
1224 2310 1303 2374 pro·

89 2409 239 2472 gressum
262 2396 406 2462 faciant.
427 2396 571 2460 Placeat
590 2395 743 2461 Domino
765 2393 920 2478 Nlostro]
943 2385 1303 2479 impartiri-omnibus

92 2506 233 2580 gratiam
248 2517 287 2569 vt
304 2520 566 2586 cognoscamus
580 2504 802 2586 perfecteque
816 2505 1025 2585 impleamus
1039 2507 1114 2570 eius
1124 2507 1301 2572 sanctissi-

90 2620 173 2677 mam
187 2615 416 2678 voluntatem.
434 2611 561 2676 Amen.

141 2719 308 2798 VenetiiS,
326 2736 421 2783 nono
434 2719 505 2783 kal.
521 2718 735 2784 Nouembris
751 2719 838 2785 1556.

196 2827 235 2893 T.
253 2827 294 2892 R.
311 2826 350 2891 P.
367 2825 634 2907 indignissimus
646 2837 771 2892 seruus
787 2829 822 2892 in
837 2828 943 2910 Xpo.‚

814 3041 959 3107 Caussa
980 3043 1139 3111 Haemus.

145 3364 187 3427 In
208 3365 324 3430 altera
340 3364 484 3445 pagina
503 3364 588 3426 haec
606 3379 716 3427 manu
735 3363 852 3445 ipsius
874 3365 1005 3429 Patris
1029 3365 1199 3432 Caesaris
1214 3368 1300 3432 scri·

87 3449 147 3546 pta
159 3470 350 3552 leguntur:
370 3471 527 3536 Litterae
545 3471 821 3552 quadrimestres
842 3473 981 3552 collegii
999 3472 1187 3540 Societatis
1204 3475 1300 3559 Jesu.

91 3575 247 3646 Veneriis
612 3593 616 3609 ¹
635 3598 639 3606 ’
678 3593 680 3598 “
730 3597 731 3602 ’
948 3591 951 3598 “

146 3685 221 3750 Alia
241 3703 371 3751 manu:
394 3685 509 3769 Jesus.
537 3686 624 3751 1556.
646 3686 817 3752 Veneriis.
841 3687 1126 3768 Quadrimestres
1143 3691 1183 3754 24
1199 3690 1301 3756 Octo·

91 3789 166 3856 bris.
731 3805 739 3814 ’
825 3789 827 3794 ’
1129 3793 1133 3800 ’
1240 3809 1267 3818 ’·
1297 3811 1302 3824 ’

94 3966 288 3980 *—

128 4065 138 4170 ζ
160 4071 329 4115 absolutionis
338 4071 440 4126 gratia,
451 4073 475 4114 et
489 4070 662 4127 affirmarunt
672 4073 741 4126 quod
751 4073 776 4117 si
786 4073 844 4118 alii.
856 4073 999 4120 Patareus.
1017 4039 1020 4051 ’

160 4143 223 4186 ituri
231 4144 295 4187 sint.
305 4142 343 4188 lo.
