3382 5528
617 537 679 594 ΑΝ.
702 535 771 596 1556
1251 537 1314 598 475.

87 681 172 744 bunc
187 681 331 748 videam
342 683 601 763 sapientissime
625 684 898 764 praescriptum,
919 691 959 746 vt
973 682 1157 764 quadrinis
1178 683 1309 748 mensi·

89 788 169 866 bus,
188 807 281 870 qnae
303 789 399 870 apud
419 769 486 854 n'os
507 789 611 867 fiunt,
638 789 736 854 Tuae
760 787 971 854 Paternitati
991 806 1054 870 per
1077 790 1198 860 literas
1219 807 1304 856 nun-

90 897 221 962 tieotur.

143 1005 213 1070 Res
225 1023 312 1072 sane
327 1005 500 1070 eiusmodi
514 1015 608 1082 sunt,
625 1023 715 1085 quae
730 1023 812 1070 cum
826 1005 977 1070 instituti
995 1005 1109 1070 nostri
1125 1005 1311 1086 specimen

89 1115 276 1180 maximum
294 1115 499 1194 praebeant,
522 1113 681 1194 aliosque
706 1113 752 1178 ad
777 1130 861 1176 vere
886 1112 1119 1178 christianam
1138 1111 1310 1190 pietatem

89 1223 283 1302 incendant,
300 1231 374 1285 tum
390 1219 531 1286 Christo
546 1221 780 1301 gratissimas,
793 1219 888 1300 quod
904 1219 1028 1284 melios
1039 1235 1118 1284 esse
1132 1217 1236 1296 duco,
1250 1235 1305 1284 ar·

90 1333 194 1397 bitror
209 1331 359 1398 futuras.

143 1441 250 1507 Multa
266 1445 334 1508 hoc
349 1443 429 1506 loco
443 1449 478 1506 et
491 1441 592 1506 uaria
608 1441 758 1506 dicenda
774 1450 978 1505 occurrunt:
994 1455 1039 1502 ea·
1053 1447 1173 1502 tamen
1187 1437 1309 1516 imprie

88 1555 151 1617 mis
168 1569 378 1632 persequar,
399 1567 491 1632 quae
510 1551 554 1616 de
578 1551 747 1614 fratribus
772 1549 830 1614 hic
850 1549 1038 1630 agentibus
1059 1565 1130 1612 non
1155 1547 1309 1610 tacenda

88 1661 293 1731 existimaui.
317 1661 377 1742 qui
399 1661 434 1724 in
455 1659 524 1724 hac
543 1657 718 1740 spirituali
742 1658 947 1738 disciplina,
969 1656 1026 1720 cu'i
1051 1655 1310 1736 perdiscendae

88 1771 237 1834 animum
252 1769 487 1842 deuoverunt,
504 1767 594 1832 adeo
609 1767 813 1847 proliciunt,
834 1776 873 1830 ut
892 1781 971 1829 cum
992 1763 1037 1827 de
1058 1763 1113 1828 his
1133 1763 1310 1828 hactenus

88 1895 203 1942 omncs
218 1895 323 1960 quam
341 1875 689 1956 magnificentissime
708 1876 894 1951 sentirent,
917 1873 1073 1936 omnium
1090 1869 1307 1950 expectatio·

87 2001 160 2048 nem
183 1986 277 2050 omni
297 2005 341 2050 ex
367 1995 468 2065 parte
491 1985 655 2054 vincant:
682 1981 878 2047 incredibili
902 1979 1077 2061 siquidem
1097 1977 1225 2044 ardore
1245 1976 1309 2042 da-

87 2104 188 2172 grant
202 2093 348 2157 ulterius
363 2091 627 2173 progrediendi,
645 2107 715 2170 quo
735 2090 780 2153 ad
801 2099 961 2169 optatum
980 2087 1087 2152 linem
1105 2085 1210 2150 citius
1228 2103 1308 2166 per-

87 2201 265 2277 uehrzntur,
284 2201 385 2265 cuius
400 2199 528 2272 studio,
545 2199 638 2280 quod
655 2199 707 2262 eis
721 2213 792 2261 non
806 2197 975 2275 exiguum
990 2194 1145 2272 incessit,
1169 2209 1306 2274 permo-

88 2309 122 2380 ti.
143 2309 245 2374 bonis
264 2307 428 2372 omnibus
447 2305 551 2387 hujus
571 2305 691 2370 mundi
714 2305 820 2370 fluxis
844 2323 889 2368 ac
912 2301 1057 2368 caducis
1081 2301 1307 2384 posthabitis,

87 2418 285 2495 parentibus
311 2425 345 2480 et
369 2419 560 2491 uoluntati,
585 2416 757 2480 malorum
780 2413 935 2476 omnium
959 2411 1104 2488 nutrici,
1128 2413 1309 2476 renuntia-

87 2535 182 2604 runt,
197 2543 305 2605 seque
320 2525 401 2589 huic
418 2523 585 2590 Societati
600 2533 769 2606 perpetuo
788 2523 970 2600 dicarunt;
994 2521 1088 2602 quod
1106 2528 1146 2583 vt
1165 2519 1310 2585 facilius

86 2633 207 2713 exequi
221 2633 369 2713 possint,
387 2633 423 2696 in
437 2633 570 2712 regulis
585 2631 733 2696 fideliter
747 2631 988 2697 custodiendis
999 2629 1221 2711 decretisque
1232 2647 1304 2695 ser·

86 2739 206 2804 uandis
221 2741 316 2804 omni
331 2755 419 2804 cura
434 2757 477 2804 ac
496 2739 677 2816 diligentia
693 2741 893 2816 elaborant,
910 2737 1179 2820 collegiarcliis,
1196 2755 1310 2818 penes

87 2863 171 2924 quos
185 2856 239 2911 est
253 2847 309 2911 ius
331 2865 374 2910 ac
395 2865 520 2911 norma
539 2847 648 2910 totius
667 2848 812 2924 domus,
833 2847 878 2910 ad
899 2847 992 2911 hanc
1014 2862 1088 2911 rem
1110 2846 1306 2911 adiumenti

87 2953 269 3030 plurimum
285 2952 536 3027 adserentibus,
554 2957 612 3036 qui
627 2973 799 3032 errorum,
816 2957 846 3019 si
861 2957 897 3018 in
919 2955 1057 3036 aliquos
1078 2953 1169 3018 forte
1190 2955 1309 3035 prola--

87 3059 225 3132 buntur,
245 3061 374 3125 blande
393 3061 599 3134 admonent,
622 3065 789 3143 legesque
811 3063 1024 3128 violantibus
1046 3077 1197 3142 poenam
1218 3061 1306 3126 irro-

85 3177 179 3244 pann
204 3185 329 3233 verum
354 3168 402 3232 illi
428 3168 517 3233 adeo
542 3171 802 3249 paruipcndunt
822 3171 959 3234 iniuriis
974 3169 1077 3244 allici,
1094 3169 1308 3250 probrisque

86 3277 257 3355 exagitari
272 3276 430 3356 cupiunt.
447 3287 482 3340 et
497 3293 636 3350 roncoS,
651 3294 793 3350 sannas,
807 3279 1013 3351 cachinnos,
1027 3293 1135 3341 nasos
1147 3287 1181 3340 et
1193 3293 1306 3341 scom-

86 3391 176 3446 mata
200 3383 384 3448 moderato
407 3386 526 3448 animo
550 3383 696 3448 serenda
716 3385 804 3448 adeo
826 3395 968 3454 amant.
996 3393 1033 3449 ut
1058 3385 1166 3448 irenis
1188 3385 1307 3464 potius

85 3505 186 3566 quam
201 3489 403 3554 calcaribus
416 3507 523 3569 egere
536 3491 735 3555 videantur.
754 3491 912 3571 Cumque
928 3493 1016 3555 hacc
1037 3492 1128 3555 intra
1144 3493 1307 3571 priuatos

84 3597 233 3674 parietes
257 3615 510 3678 nonnunquam
537 3599 612 3662 lieri
638 3599 891 3671 concedantur,
917 3600 1055 3677 publice
1079 3599 1186 3662 etiam
1210 3617 1307 3664 nunc

85 3701 170 3766 haec
188 3705 365 3803 praestari
384 3705 491 3768 licere
511 3705 743 3784 omnibusque
764 3724 829 3786 pro
851 3706 1000 3770 ludibrio
1023 3705 1145 3770 haberi
1165 3707 1308 3786 collegii

86 3809 279 3886 praefectos
294 3809 490 3888 efflagitant
504 3813 625 3876 verius
640 3830 746 3892 quam
762 3827 880 3885 orant:
902 3824 1007 3894 atque
1028 3823 1064 3877 ut
1086 3831 1131 3877 ex
1151 3831 1224 3876 uno
1244 3823 1305 3877 aut

86 3917 249 3982 alterode
265 3919 417 3982 caeteris
431 3919 673 3983 coniecturam
694 3919 812 3983 iacere
827 3921 1020 3999 possimus,
1038 3921 1169 4000 aliquot
1191 3935 1305 3984 exem·

87 4023 140 4098 pla
155 4021 213 4088 hic
228 4026 538 4089 commemoranda
555 4045 699 4100 censeo,
720 4027 847 4107 quibus
867 4044 987 4090 corum
1006 4028 1186 4108 proiectus
1207 4025 1309 4092 Tuae

86 4125 288 4196 paternitati
303 4143 492 4213 perceptus
507 4134 650 4197 omnino
666 4134 900 4213 cognitusque
915 4133 1100 4198 habeatur.

142 4233 267 4302 Paucis
283 4246 367 4302 ante
381 4235 503 4302 diebus
518 4239 803 4319 conspiciebatur
815 4250 976 4304 mortuus
987 4242 1089 4308 canis
1102 4243 1137 4305 in
1150 4241 1306 4322 quodam

85 4339 183 4406 huius
205 4345 302 4408 urbis
321 4346 413 4418 vico,
437 4347 541 4422 graui
560 4362 625 4409 suo
650 4345 786 4410 foetore
810 4347 1115 4427 praetereuntibus
1135 4367 1304 4414 nauseam

84 4461 238 4514 movens:
255 4449 446 4531 quodcum
466 4453 688 4517 nouiciorum
708 4454 916 4534 radiumque
935 4465 1101 4535 tyronum
1125 4455 1305 4520 institutor

85 4551 322 4628 intellexisset.
344 4575 485 4636 canem,
513 4569 551 4623 ut
572 4561 788 4624 teterrimam
808 4571 958 4642 pestem,
985 4561 1066 4625 inde
1091 4564 1304 4642 abigendum

86 4657 216 4728 duobus
227 4683 271 4729 ex
284 4665 339 4743 iis,
352 4683 441 4746 quos
452 4667 659 4730 nominatim
672 4669 889 4747 perstrinxit,
904 4679 1068 4749 oportere
1079 4669 1303 4749 significauit,

86 4769 288 4848 experiundi
303 4774 420 4852 magis
435 4773 553 4838 animo
567 4792 674 4855 quam
690 4773 905 4854 imperandi,
926 4793 1077 4858 quorum
1093 4795 1184 4846 vnus
1207 4781 1310 4848 noui-
