3368 5528
622 533 684 594 Au.
708 533 776 592 1556
1257 532 1313 592 505

98 678 155 742 ctis
168 679 281 742 sancti
297 679 510 744 sacramenti
526 679 682 760 coniugii
697 678 940 756 caeremoniis,
958 686 1082 742 contra
1104 690 1259 742 ueterem
1279 688 1313 742 et

98 803 309 850 communem
324 786 625 864 consuetudinem,
643 803 705 868 per
720 786 823 850 fidem
838 795 975 850 tantum
990 785 1056 850 sibi
1076 785 1232 850 uicissim
1254 786 1313 850 da-

98 903 160 956 tam
175 895 394 976 copulantur.
413 892 511 972 Quae
527 895 667 958 macula
681 894 717 958 in
732 895 908 975 plerisque
922 891 1012 956 adeo
1025 893 1180 972 inolcuit,
1194 901 1313 956 utnon

99 1001 165 1064 sine
187 1017 319 1082 magna
342 999 546 1065 difficultate
566 1001 777 1064 inducantur
797 1000 842 1064 ad
863 1001 1042 1081 legitimas
1062 1000 1203 1080 nuptias
1227 1001 1313 1064 cele·

99 1107 253 1172 brandus.
272 1106 402 1172 Diuina
417 1118 535 1172 tamen
558 1108 748 1172 adiuuante
770 1109 887 1188 gratia
907 1107 1100 1184 effecimus,
1123 1117 1160 1171 ut
1176 1107 1247 1189 qui,
1264 1115 1315 1170 tot

99 1215 190 1279 annis
204 1215 335 1279 liberos
350 1215 451 1296 quusi
466 1215 502 1278 in
516 1214 668 1297 quodam
682 1215 920 1278 concubinatu
939 1214 1174 1294 procreando,
1197 1214 1314 1278 coniu-

98 1324 206 1400 galem
228 1333 344 1386 torum
359 1322 641 1405 inquinaueraut‚
659 1339 739 1386 eum
758 1322 924 1402 deinceps
942 1320 1205 1386 sanctificarent
1224 1321 1316 1386 iusto

99 1438 128 1492 et
141 1429 337 1494 castissimo
352 1429 588 1508 matrimonio,
603 1429 716 1510 deque
728 1429 855 1492 erratis
867 1429 1098 1507 poeniterent.
1115 1427 1314 1492 Contentio-

99 1537 284 1614 neemiam,
301 1537 412 1614 rixae,
430 1536 512 1600 odia
528 1535 693 1600 diuturna
707 1535 991 1616 grauissimaque
1006 1536 1097 1599 inter
1112 1535 1259 1600 maritos
1281 1545 1316 1598 et

99 1661 219 1708 uxores
234 1654 315 1708 sunt
329 1645 486 1708 extincte
502 1645 642 1724 penitus
658 1653 763 1724 atque
787 1643 922 1708 sedata:
945 1643 1040 1708 bona
1061 1643 1168 1708 etiam
1189 1643 1316 1722 aliena,

99 1768 179 1832 quae
194 1769 215 1814 a
230 1752 390 1832 pluribus
405 1751 532 1816 iniuste
548 1751 807 1830 detinebantur,
823 1751 897 1816 suis
919 1749 1070 1816 dominis
1091 1767 1154 1831 per
1174 1760 1318 1815 nostras

100 1876 215 1924 manus
229 1867 312 1923 sunt
326 1858 475 1923 fideliter
491 1857 664 1922 restituta.
681 1856 759 1922 Non
779 1859 883 1940 pauci
901 1858 1003 1923 nobis
1022 1857 1213 1936 affuerunt,
1235 1875 1318 1939 quo·

99 1984 170 2032 rum
183 1967 242 2032 alii
257 1977 422 2049 quatuor,
439 1967 498 2030 alii
513 1983 588 2046 sex,
605 1965 665 2030 alii
679 1975 772 2046 octo,
786 1965 845 2030 alii
857 1964 1043 2032 duodecim
1054 1983 1227 2031 annorum
1240 1983 1317 2046 pec·

99 2074 181 2138 catis
195 2083 229 2138 et
242 2074 447 2152 sceleribus,
466 2074 620 2152 sarcina,
637 2091 744 2155 quam
758 2083 863 2138 antea
875 2090 1055 2156 nunquam
1070 2074 1164 2154 apud
1180 2071 1236 2138 Χ]
1269 2073 1318 2136 vi-

99 2181 226 2246 carium
253 2181 507 2262 deposuerant,
534 2181 675 2260 grauati
701 2190 813 2245 erant.
843 2179 911 2261 Qui
937 2197 1070 2258 omnes,
1097 2181 1233 2245 abiecta
1259 2180 1320 2244 illa

98 2288 193 2366 mole,
209 2305 280 2352 non
295 2287 370 2352 sine
385 2286 506 2352 dolore
522 2297 555 2352 et
570 2288 667 2352 luctu
683 2286 759 2352 Deo
775 2297 856 2352 sunt
871 2287 1100 2352 reconciliati.
1117 2287 1320 2369 Eleemosy-

98 2411 158 2459 nae
170 2395 342 2476 plurimae
356 2395 486 2476 partim
505 2394 551 2458 ad
572 2396 807 2475 pauperculas
828 2395 1001 2476 quasdam
1022 2397 1169 2476 puellas,
1193 2413 1318 2476 paren·

96 2501 181 2566 tibus
195 2503 349 2576 orbatas,
367 2503 402 2566 in
417 2503 641 2566 matrimonio
657 2501 896 2582 collocandas,
913 2503 1041 2584 partim
1056 2503 1101 2566 ad
1117 2504 1318 2583 augendum

97 2609 200 2674 diuini
215 2611 328 2676 cultus
344 2608 513 2676 honorem
528 2610 639 2674 uariis
653 2610 689 2674 in
704 2611 792 2675 locis
806 2611 885 2691 piis,
903 2613 1033 2692 partim
1056 2611 1101 2675 ad
1120 2627 1317 2691 pauperum

96 2717 392 2796 sustentationem,
409 2728 490 2782 sunt
505 2735 567 2800 per
582 2717 705 2782 Patres
721 2729 861 2782 nostros
884 2719 1092 2784 distributae
1112 2727 1173 2784 aut
1194 2736 1318 2801 procu·

97 2835 201 2890 ratae.
217 2825 345 2890 Nostra
360 2842 499 2907 quoque
520 2827 647 2889 altaria
667 2843 737 2890 uon
758 2823 899 2892 suerunt
917 2826 1076 2906 expertia
1097 2825 1321 2890 liberalitatis

97 2931 273 2998 cuiusdam
286 2942 432 2997 sanctae
447 2932 622 2998 foeminae
637 2950 749 3014 nuper
765 2933 963 3012 deiunctae,
980 2949 1082 3012 quae,
1099 2932 1216 2996 adhuc
1233 2934 1320 2996 inte·

99 3053 159 3116 gra
173 3050 207 3104 et
221 3040 322 3106 firmo
338 3057 498 3121 corpore,
521 3057 601 3104 cum
621 3041 763 3105 domum
786 3039 853 3104 Dei
872 3041 927 3105 sui
949 3057 1019 3104 non
1043 3057 1155 3120 paruo
1175 3057 1320 3105 munere

98 3146 318 3227 decorasset,
350 3148 475 3212 obtulit
504 3149 597 3212 enirn
626 3147 852 3228 magnificum
881 3163 968 3224 uaS,
999 3148 1034 3210 in
1061 3165 1131 3228 quo
1157 3157 1320 3212 sanctum

99 3252 336 3320 Eucharistiae
351 3267 614 3320 sacramentum
630 3265 874 3328 conseruatur,
892 3265 1096 3319 tamennon
1115 3272 1157 3319 eo
1178 3263 1321 3319 conten·

98 3369 142 3438 ta,
168 3363 373 3443 priusquam
399 3363 596 3442 periculose
623 3373 810 3444 aegrotare
836 3363 1022 3443 coepisset,
1050 3362 1093 3426 de
1119 3363 1223 3426 rebus
1249 3361 1323 3426 suis

98 3469 596 3551 optimedisponen5,praete1·
617 3471 698 3548 alia,
720 3470 846 3551 quibus
868 3486 1061 3550 egenorum
1084 3478 1118 3532 et
1140 3469 1344 3560 religioso„

100 3589 173 3638 rum
193 3577 335 3657 inopiae
355 3577 544 3641 subuenire
565 3577 686 3656 uoluit,
707 3577 867 3642 sacraria
890 3585 1009 3640 nostra
1035 3577 1140 3640 etiam
1164 3576 1322 3656 pulcher·

100 3681 192 3746 rimis
216 3683 318 3748 donis
344 3684 519 3748 instruxit.
548 3684 661 3764 Haec,
689 3684 729 3748 R.
757 3684 813 3761 Ρ.,
839 3695 916 3748 erat
942 3684 1069 3748 nobilis
1095 3695 1128 3747 ct
1155 3684 1255 3746 diues
1280 3700 1324 3746 ac

100 3805 230 3854 summa
244 3791 416 3872 religione
431 3792 536 3856 uidua
554 3793 687 3870 mulier,
705 3810 795 3874 quae
811 3791 1027 3872 frequentius
1047 3809 1154 3872 quam
1177 3790 1322 3854 domini·

98 3895 146 3958 cis
160 3898 280 3961 diebus
296 3899 331 3962 in
348 3901 477 3978 templo
497 3909 619 3963 nostro
642 3899 874 3964 confitebatur
892 3909 927 3963 et
947 3898 1173 3963 Dominicum
1194 3916 1323 3978 corpus

100 4003 301 4083 accipiebam
319 4005 407 4069 adeo
422 4005 527 4068 rebus
543 4005 671 4070 diuinis
687 4007 833 4082 intenta,
851 4017 886 4068 ut
903 4007 1123 4086 pertraheret
1139 4015 1251 4069 totam
1269 4005 1322 4070 la·

101 4111 226 4176 milium
247 4115 367 4192 (quam
386 4113 539 4177 habebat
562 4115 727 4194 amplam)
750 4125 783 4178 et
809 4125 958 4178 matrem
984 4132 1097 4186 suam,
1124 4121 1324 4177 matronam

101 4220 345 4298 venerabilem,
363 4229 468 4300 atque
485 4221 573 4283 alias
593 4221 728 4285 nobiles
747 4221 920 4284 foeminas
939 4239 1002 4284 suo
1026 4223 1187 4300 exemplo
1207 4229 1242 4283 et
1265 4221 1322 4283 ad·

101 4325 354 4391 hortationibus
381 4327 425 4390 ad
452 4328 630 4408 pietatem,
659 4346 700 4391 ac
726 4329 828 4392 nobis
850 4345 1018 4408 magnam
1045 4329 1231 4392 materiam
1250 4329 1322 4390 lau·

97 4431 198 4497 dandi
214 4433 328 4497 Deum
348 4433 600 4515 suppeditaret;
625 4435 726 4498 cuius
748 4445 895 4499 mortem
918 4444 1040 4512 mater,
1065 4434 1204 4512 iratres
1228 4449 1323 4497 soro·

98 4556 160 4616 res,
187 4541 333 4604 seruitia
354 4553 387 4604 ct
408 4542 516 4605 uicini
535 4543 602 4605 hoc
624 4543 768 4622 aegrius
784 4542 911 4620 lerunt,
938 4541 1031 4623 quod
1054 4543 1130 4623 ipsa
1151 4559 1229 4606 esse
1249 4543 1324 4606 sola

98 4646 281 4712 uidebatur
304 4653 467 4713 columen
487 4651 623 4728 domuS,
645 4667 750 4731 quarn
771 4649 969 4713 admirabili
992 4649 1178 4729 prudentia
1199 4650 1324 4728 guber·

99 4756 201 4822 nabat
217 4767 250 4822 ct
266 4757 485 4844 prodeuntis
501 4759 656 4829 moribus
672 4759 878 4832 instruebat.
904 4760 1035 4832 Audiui
1051 4778 1072 4826 a
1094 4755 1198 4830 l’atre
1218 4757 1321 4851 Juue·
