3578 5534
809 539 979 598 Ltrraaas
999 555 1268 606 ouaontnssrass

544 1126 732 1172 Praecedentcs
744 1127 831 1172 Patris
842 1129 951 1173 Arnoidi
963 1129 1040 1172 chei
1053 1130 1155 1172 litterae
1168 1141 1182 1172 a
1196 1129 1222 1171 i'.
1233 1129 1344 1172 Potnnco
1354 1130 1506 1172 emendatae
1517 1129 1534 1172 ¹.

996 1353 1070 1472 nis

482 1648 558 1711 Pax
572 1647 704 1712 Christi
719 1667 799 1713 cum
815 1651 977 1713 omnibus
993 1651 1105 1712 nobis.

483 1753 559 1818 Rue
581 1756 617 1818 in
633 1753 774 1820 Christo
787 1755 904 1820 Pater.

482 1861 529 1925 Ut
564 1880 642 1926 meo
676 1866 812 1928 muneri
846 1877 997 1945 tuaeque
1031 1865 1249 1928 satisfaciam
1288 1863 1483 1940 voluntati,
1525 1862 1651 1942 paucis

420 1968 662 2048 perstringere
677 1971 833 2034 conabor
856 1989 909 2050 ea,
927 1989 1017 2052 quae
1033 1972 1236 2035 misericors
1257 1968 1432 2034 Dominus
1448 1967 1492 2031 ab
1508 1986 1549 2031 eo
1564 1976 1649 2031 tem-

420 2091 518 2154 pore,
535 2093 604 2156 quo
619 2077 655 2140 in
671 2077 738 2141 hoc
753 2078 883 2159 oppido
901 2079 971 2158 egi,
987 2078 1112 2158 largiri
1133 2078 1300 2158 dignatus
1318 2087 1383 2154 est,
1408 2076 1490 2139 hinc
1510 2091 1651 2155 quoque

420 2183 590 2246 sumendo
606 2185 803 2263 exordium,
825 2185 919 2248 unde
940 2186 1056 2265 primo
1083 2185 1187 2249 huius
1211 2186 1337 2248 uineae
1361 2198 1554 2263 aggressus
1569 2197 1651 2244 sum

419 2290 605 2364 culturam,
620 2291 714 2370 quod
729 2291 870 2371 quidem
883 2291 949 2356 fuit
964 2308 985 2353 a
1000 2291 1102 2354 verbi
1116 2290 1225 2354 diuini
1234 2288 1516 2371 praedicatione.

426 2477 429 2484 ,
480 2395 719 2461 Concionatus
743 2416 821 2461 sum
846 2398 970 2462 diebus
995 2399 1182 2462 dominicis
1206 2409 1242 2461 et
1264 2397 1403 2460 festivis
1417 2395 1472 2458 bis
1492 2394 1650 2475 quando-

421 2520 500 2581 que,
517 2513 592 2566 tum
603 2505 639 2566 iu
653 2506 795 2585 templo,
812 2515 885 2568 tum
902 2507 937 2569 in
954 2515 1085 2580 castro,
1108 2507 1143 2568 in
1156 2503 1348 2584 frequenti
1363 2501 1483 2583 populi
1502 2517 1649 2574 corona,

420 2609 482 2688 qui
496 2626 676 2691 nunquam
690 2620 762 2674 tam
778 2612 884 2675 alieni
897 2612 1039 2676 fuerunt
1055 2612 1316 2675 aconcionibus
1328 2608 1523 2684 audiendis,
1541 2623 1652 2688 quam

422 2716 494 2779 iam
507 2717 611 2781 auide
627 2717 673 2780 ad
697 2717 838 2781 easdem
864 2719 1040 2782 confluere
1067 2719 1241 2796 uidentur,
1269 2716 1446 2795 usquead
1467 2725 1596 2778 nautas
1616 2719 1651 2776 et

422 2824 575 2886 rusticos
590 2823 752 2904 (quorum
772 2826 860 2888 solet
875 2843 952 2889 esse
976 2827 1014 2888 in
1040 2826 1264 2888 concionibus
1285 2840 1423 2916 magna¹
1439 2821 1582 2899 raritas)
1599 2823 1650 2884 ita

422 2931 574 2994 utlocus
593 2932 802 3012 quandoque
822 2950 894 2996 non
915 2933 1070 3013 potuerit
1096 2949 1223 3012 capere
1249 2930 1475 2994 auditorium.
1495 2926 1564 2991 Pro
1579 2930 1651 2991 sin·

421 3038 557 3117 gularis
572 3055 725 3120 namque
746 3039 869 3120 gaudii
891 3041 1019 3102 nuncio
1040 3042 1191 3103 relatum
1210 3039 1274 3102 fuit
1292 3037 1424 3101 Illmae.
1446 3034 1560 3099 Dnae.
1584 3033 1650 3098 Co-

421 3145 578 3209 mitissae
607 3145 719 3224 hrn'us
740 3146 867 3227 oppidi
884 3149 1088 3226 nonnullos,
1113 3148 1173 3227 qui
1197 3147 1359 3225 neglecto
1389 3143 1509 3207 diuino
1534 3141 1651 3206 officio

420 3260 514 3313 totos
529 3251 604 3314 dies
619 3252 815 3316 domr'm'cos
830 3254 1071 3334 potationibus
1087 3253 1194 3334 (quod
1209 3253 1266 3315 hic
1285 3252 1453 3332 frequens
1470 3249 1535 3326 est)
1556 3249 1652 3311 insu-

421 3374 516 3420 mere
531 3360 656 3433 solent,
673 3359 808 3423 ieiunos
823 3361 894 3424 iam
910 3361 954 3424 ad
966 3361 1173 3424 concionem
1193 3371 1227 3422 et
1249 3359 1437 3422 missarum
1457 3372 1653 3436 properare

421 3466 604 3528 solemnia:
620 3467 702 3529 hinc
718 3477 802 3547 quot
817 3476 964 3548 peccata
980 3487 1001 3531 a
1017 3468 1136 3532 multis
1148 3467 1261 3544 annis,
1275 3467 1413 3543 timore,
1431 3462 1651 3526 uerecundia

420 3588 463 3633 ac
478 3571 606 3650 supina
624 3571 778 3652 quadam
797 3574 999 3652 ignorantia
1020 3573 1197 3637 occultata
1219 3571 1418 3635 confitenda
1441 3569 1650 3650 prodierint,

421 3694 629 3741 enumerare
644 3696 715 3742 non
734 3697 892 3758 possum;
919 3681 1012 3744 unde
1033 3679 1317 3760 frequentissime
1340 3675 1552 3757 repetendae
1568 3685 1653 3738 sunt

421 3783 673 3849 confessiones:
690 3803 760 3849 non
776 3786 902 3850 desunt
924 3788 985 3867 qui
1005 3787 1144 3866 viginti,
1162 3786 1221 3849 alii
1247 3785 1393 3864 triginta
1419 3793 1453 3846 et
1472 3781 1512 3846 40
1536 3799 1653 3844 annos

421 3893 457 3954 in
469 3891 652 3972 adulterio,
670 3894 870 3972 sacrilegio,
886 3893 1034 3973 incestu,
1049 3893 1198 3974 aliisque
1209 3890 1472 3955 nefandissimis
1482 3889 1651 3952 luxuriae

422 3999 545 4062 vixere
571 3999 739 4080 peccatis,
769 3999 813 4062 de
841 4000 967 4080 quibus
995 4016 1175 4079 nunquam
1198 3999 1457 4062 confessionem
1474 3995 1649 4074 fecerunt,

422 4106 537 4170 solum
548 4106 617 4169 hoc
631 4123 696 4187 pro
709 4108 938 4170 excusatione
963 4106 1146 4184 habentes,
1173 4106 1268 4186 quod
1289 4105 1360 4168 iam
1376 4104 1519 4167 tandem
1544 4101 1652 4180 vigor

423 4213 632 4276 concionum
647 4223 850 4277 nostrarum
864 4213 1099 4295 frequensque
1115 4229 1238 4277 earum
1252 4211 1442 4276 inculcatio
1463 4211 1654 4289 scrupulos

422 4336 564 4382 mouere
579 4320 706 4400 coepit.
724 4319 815 4382 Hinc
827 4329 881 4383 est
895 4321 989 4400 quod
1005 4320 1107 4384 abeo
1123 4331 1281 4400 tempore
1297 4336 1365 4399 quo
1381 4318 1550 4394 hiesum,
1567 4332 1653 4396 qno·

422 4425 508 4488 trdt'e
533 4427 707 4506 aliquibus
729 4445 749 4489 a
777 4427 1000 4490 confessione
1027 4427 1088 4506 fui,
1112 4426 1205 4508 quod
1231 4426 1371 4506 quidem
1388 4425 1445 4488 hic
1465 4439 1597 4487 nouum
1616 4434 1654 4487 et

425 4605 635 4614 ——--—---

464 4705 471 4736 ¹
501 4704 530 4748 ln
541 4703 571 4748 iis
582 4715 621 4756 eu,
633 4714 697 4758 quae
709 4713 906 4758 suppreuorum
916 4705 972 4747 ioco
980 4703 1114 4748 subntituit
1125 4703 1230 4758 propria
1239 4713 1315 4746 manu
1325 4702 1458 4754 Poiancus,
1470 4700 1572 4744 italicis
1579 4701 1654 4756 typis

422 4777 603 4821 describemus.
