3410 5528
621 541 685 602 Aa.
707 542 776 603 1556
1254 535 1306 598 aa

98 687 200 758 uerbis
215 687 235 753 ¹.
256 687 388 754 'Postea
411 689 519 754 obtuli
542 687 796 753 Serenissimae
811 687 987 752 Maiestuti
1006 687 1182 751 rosarium
1197 703 1307 751 unum

99 793 213 860 Beatae
231 795 368 862 Mariae
384 795 427 862 de
442 797 592 872 Loreto,
609 795 702 877 quod
715 804 900 874 gratanter
915 811 957 859 ac
971 795 1142 858 beneuole
1156 794 1305 875 accepit,

100 901 234 968 offerens
254 919 308 982 se,
332 904 423 968 sicut
447 913 552 970 antea
573 901 786 968 Societatem
801 903 992 984 promouit,
1008 903 1058 966 ita
1079 919 1118 966 se
1140 902 1307 982 deinceps

99 1019 325 1088 promoturum
339 1011 513 1092 promisit.

149 1115 237 1183 ldem
251 1119 386 1199 pariter
403 1117 598 1182 Archiduci
612 1117 837 1182 Ferdinando
852 1116 988 1184 'altera
998 1117 1054 1182 die
1065 1117 1226 1196 fecimus,
1239 1117 1307 1180 nisi

99 1223 180 1304 quod
192 1235 329 1290 tantum
345 1234 430 1303 tres,
447 1224 611 1290 Canisius
625 1225 771 1304 scilicet,
787 1225 993 1289 Blissemius
1007 1221 1018 1254 ³
1033 1233 1068 1288 et
1087 1240 1166 1304 ego,
1191 1223 1307 1288 adiue-

97 1347 215 1410 ramus,
231 1331 364 1397 relictis
380 1333 458 1396 aliis
471 1331 642 1396 iratribus
653 1331 758 1409 domi,
772 1331 920 1395 consilio
932 1331 1164 1412 quorumdam
1179 1331 1307 1396 amico·

97 1454 176 1516 rum,
191 1439 250 1520 qui
265 1441 314 1504 ita
329 1439 405 1504 fieri
419 1448 606 1504 suaserant
619 1449 783 1519 respectu
798 1439 932 1515 eodem,
950 1455 1019 1519 quo
1039 1448 1074 1502 et
1094 1436 1308 1502 Nicodemus

97 1544 171 1610 olim
184 1547 377 1622 laborabat,
390 1563 471 1612 cum
483 1547 619 1611 ueniet
630 1546 676 1610 ad
686 1546 804 1630 Jesum
817 1555 937 1625 nocte;
951 1545 1074 1610 suisset
1086 1554 1203 1609 tamen
1215 1543 1308 1610 Suae

96 1649 322 1718 Excellentiae
337 1663 490 1732 gratum.

151 1759 295 1841 Collegii
310 1760 469 1825 redditus
483 1770 563 1825 sunt
586 1760 759 1840 assignati
780 1759 875 1824 mille
894 1759 1143 1840 quadringenti
1164 1759 1276 1822 daleri
1296 1758 1308 1792 ⁴

96 1867 204 1942 annui.
221 1869 371 1948 primum
386 1869 576 1934 terminum
590 1868 771 1949 accepturi
786 1884 919 1946 sumuS,
936 1875 974 1930 ut
986 1882 1181 1946 speramuS,
1194 1866 1305 1942 breui,

96 1971 278 2054 integrum
294 1974 468 2040 hactenus
482 1984 601 2040 tamen
615 1991 661 2038 ex
677 1975 801 2040 eodem
822 1973 1021 2054 recepimus
1042 1971 1116 2036 fere
1137 1973 1308 2038 ducentos

96 2077 235 2160 daleros,
250 2099 341 2162 quos
355 2081 429 2146 fere
444 2098 567 2146 omnes
582 2083 619 2146 in
631 2081 814 2163 operarios
825 2081 1054 2161 exposuimus
1065 2079 1216 2143 aedificii
1228 2097 1307 2144 cau·

100 2202 147 2262 sa,
166 2188 287 2267 quibus
306 2201 440 2268 magna
459 2205 597 2254 summa
619 2188 776 2262 debetur,
800 2187 893 2252 ultra
917 2188 1011 2251 mille
1032 2187 1184 2264 daleros,
1207 2204 1306 2267 quos,

95 2292 262 2365 undenam
281 2297 503 2374 exoluamuS,
526 2312 591 2360 nos
613 2296 714 2360 latet:
737 2312 923 2376 speramus
947 2306 1065 2359 tamen
1090 2294 1127 2358 in
1151 2291 1306 2358 Domino

94 2398 169 2479 quia
181 2400 253 2482 ipse
267 2401 373 2466 saciet
389 2399 411 2462 ⁵.

148 2505 201 2572 De
214 2508 450 2590 applicatione
469 2509 644 2574 bonorum
665 2509 872 2574 monasterii
891 2507 1094 2573 Oibinensis
1114 2505 1126 2540 ⁸
1147 2507 1306 2588 collegio

95 2607 283 2693 Societatis,
300 2616 422 2680 audiet
435 2609 481 2681 V.
497 2615 539 2680 R.
557 2635 601 2680 ex
616 2616 727 2682 literis
741 2615 782 2680 R.
800 2613 838 2680 P.
855 2615 866 2648 ²
881 2615 977 2680 Petri
992 2615 1136 2696 Canisii,
1153 2616 1196 2680 de
1207 2615 1307 2680 cuius

94 2719 140 2782 rei
151 2720 412 2803 dispensatione
427 2721 669 2787 desideramus
684 2721 846 2786 effectum
861 2723 956 2803 apud
970 2739 1144 2787 summum
1165 2720 1305 2787 Pontifi·

95 2841 177 2906 cem,
203 2829 248 2892 ad
270 2829 376 2910 idque
400 2829 644 2910 exequendum
670 2829 773 2893 simul
801 2829 1095 2910 supplicationem
1124 2828 1304 2894 mittimus.

95 2929 348 3001 Conuentiones
366 2936 482 3001 nullas
505 2935 679 3014 describo,
698 2953 780 2999 nam
802 2934 960 3000 nondum
981 2935 1222 3015 astringimur,
1246 2951 1308 3000 aut

93 3040 255 3122 aliquibus
279 3043 496 3122 obligamur,
523 3042 605 3122 quia
629 3041 906 3108 confirmationis
931 3043 1068 3107 litteras
1091 3042 1307 3108 fundationis

92 3144 241 3230 Collegii,
258 3150 384 3231 quibus
399 3150 554 3214 insertae
567 3149 716 3214 fuissent
732 3149 964 3230 conditiones,
980 3151 1116 3231 siquae
1131 3161 1234 3214 erunt
1249 3151 1306 3214 ob·

92 3255 280 3325 seruandae
294 3257 331 3322 in
346 3257 415 3322 boc
430 3265 626 3334 contractu,
650 3255 806 3322 nondum
827 3258 1043 3338 recepimus;
1065 3258 1126 3320 sed
1148 3266 1306 3338 tempore

90 3376 158 3441 suo,
173 3363 283 3444 inquit
297 3363 434 3428 Ductor
447 3362 569 3446 Jonas,
582 3361 838 3442 cancellariae,
851 3365 943 3428 sicut
954 3361 1178 3428 Viennenses
1188 3364 1306 3428 hacte-

90 3483 149 3532 nus
172 3470 345 3550 patienter
369 3470 597 3551 negationem
620 3487 741 3534 earum
766 3472 934 3550 tulerunt,
959 3481 995 3534 et
1020 3471 1161 3534 tandem
1188 3470 1306 3550 adepti

89 3584 174 3651 sant,
188 3577 240 3642 sic
254 3586 289 3641 et
303 3594 371 3641 nos
385 3574 586 3656 Pragenses
601 3586 739 3657 tempus
754 3577 1027 3641 determinatum
1042 3586 1233 3657 expectare
1248 3577 1305 3641 de-

88 3679 214 3761 bemus,
229 3684 393 3776 quamuis
408 3683 495 3747 nihil
509 3684 625 3747 minus
641 3684 864 3764 recipiemus.

124 3919 132 3956 ⁸
160 3922 248 3971 Verba
257 3925 322 3970 llaec
333 3927 358 3970 ln
368 3935 492 3982 separata
502 3926 596 3972 charta
605 3927 711 3981 scripsit
721 3937 767 3980 per
775 3926 910 3971 librarium
918 3925 1068 3972 Goissonius
1077 3933 1102 3972 et
1111 3927 1219 3972 Rodium
1227 3927 1307 3973 misit.

87 4005 155 4048 uuae.
165 3997 293 4054 quiupost
303 3999 441 4054 epistulam
450 3999 518 4044 huuc
528 3998 611 4044 lnboc
622 3999 751 4042 volumine
761 4003 852 4042 assuta
866 4005 934 4049 sunt,
950 3998 1007 4043 ideo
1022 3999 1054 4044 sd
1071 4001 1146 4055 huius
1160 4001 1240 4055 ipsius
1255 4001 1308 4055 epl-

87 4070 163 4113 stolae
174 4071 271 4115 calcem
279 4071 321 4115 ltlc
336 4072 510 4127 subjiciemus.
521 4069 588 4115 Vide
599 4071 675 4124 inira,
687 4081 746 4124 pag.
757 4069 808 4114 3³6.

121 4141 132 4172 ¹
156 4139 313 4188 Ferdlnnudl
325 4141 431 4189 lfilloet
441 4141 582 4187 Bohemiae
593 4141 719 4196 Protesi.

122 4211 134 4244 ὅ
159 4213 501 4270 Ρ.Ηεητ1ειιοΒΙγιεεωΙιιε.

120 4286 131 4318 ⁸
156 4284 270 4335 Tolerus.
280 4287 399 4332 thalerus
410 4286 531 4341 aboleri·
540 4286 596 4341 eius
607 4287 723 4332 valorem
734 4287 793 4334 vide
804 4289 872 4343 apud
883 4287 1097 4339 Buaursuaaorn,
1108 4291 1125 4332 l.
1138 4301 1168 4343 c.,
1186 4299 1246 4344 pag.
1256 4289 1305 4342 dii,

85 4365 165 4402 annot.
175 4359 196 4404 i.
207 4357 489 4414 emmeramiano,
500 4364 526 4402 et
537 4357 563 4402 ln
572 4358 686 4402 Pouarrcr
697 4357 832 4413 Chronico,
842 4365 861 4403 t.
872 4373 898 4414 v,
909 4371 968 4414 pag.
978 4361 1026 4414 259,
1038 4368 1125 4405 annot.
1138 4363 1157 4404 1.

120 4427 131 4460 ³
156 4429 206 4475 Ubi
215 4441 262 4476 uos
269 4431 407 4474 scribimus
418 4421 481 4485 q'uia
493 4431 694 4486 ipse,scrlptam
702 4443 718 4476 a
729 4431 857 4476 Goissonli
865 4432 973 4477 librarlo
981 4434 1067 4478 luerat
1076 4435 1230 4478 vocabulum
1238 4435 1306 4488 quod

85 4498 165 4554 legere
176 4513 226 4547 non
240 4505 360 4548 valemus
374 4502 436 4558 qula
450 4505 655 4558 superscriptum
670 4503 748 4548 babet
763 4515 829 4547 nunc
844 4505 940 4558 quipse
948 4504 1047 4558 (quiam
1058 4506 1149 4559 quoda,
1165 4506 1308 4560 quonlam?

85 4571 159 4626 itui·
168 4585 219 4620 vox
229 4583 318 4620 autom
326 4573 411 4627 saciet
420 4581 478 4620 erut
489 4575 675 4630 urimosaciat.

117 4640 130 4676 ⁸
155 4644 222 4692 Vide
231 4645 347 4692 Peuma
357 4645 512 4698 caroniam.
522 4653 540 4692 t.
552 4657 589 4700 tv,
598 4659 660 4702 paga
669 4647 717 4700 dib,
726 4655 816 4694 annot.
829 4659 866 4694 ru.

120 4713 131 4746 ἵ
156 4715 244 4763 Verba
255 4717 439 4776 Rseverendl]
449 4717 571 4774 Pluiris]
580 4719 670 4764 addita
685 4727 744 4767 sunt
759 4721 827 4768 inter
843 4722 933 4774 lineas.
950 4729 979 4768 ut
995 4723 1105 4776 videtur,
1117 4725 1150 4769 ab
1165 4725 1220 4778 ipso
1236 4723 1309 4770 Goio-

86 4788 161 4834 iunio.
