3410 5528
667 535 731 598 Aa.
753 531 824 598 1556
905 615 907 622 Α
1283 531 1337 596 ala

119 685 323 752 audientium
335 695 558 768 pronecteret
571 684 746 765 frequenti
765 683 993 748 lacrimarum
1018 679 1172 746 lusione:
1194 681 1336 746 habitae

118 805 191 858 sunt
203 795 311 858 etiam
325 792 368 858 de
382 791 565 856 doctrinae
579 792 795 856 christianae
809 791 1057 872 explanatione
1073 788 1337 870 pomeridianae

120 902 302 966 conciones
326 899 463 966 lestinis
478 900 602 964 diebus
617 899 794 964 ineadem
807 898 970 962 ecclesia:
997 904 1079 962 ante
1103 898 1336 978 ipsasaurem

120 1009 300 1072 conciones
314 1008 587 1072 instituebantur
602 1007 700 1088 pueri
712 1016 747 1070 et
758 1006 937 1087 simplices
947 1021 1121 1084 personae
1132 1005 1168 1068 in
1180 1003 1337 1070 eiusdem

120 1115 293 1180 doctrinae
318 1116 499 1180 elementis
527 1112 764 1190 addiscendis,
791 1129 872 1178 curn
897 1127 1028 1192 magno
1053 1127 1243 1189 concursu,
1267 1127 1337 1175 non

121 1223 222 1287 solum
242 1239 446 1303 puerorum,
467 1222 529 1286 sed
549 1221 730 1286 hominum
750 1229 784 1283 et
807 1221 1003 1298 mulierum;
1030 1217 1124 1284 vnde
1138 1235 1209 1283 non
1229 1217 1337 1282 modi·

122 1343 193 1393 cum
211 1331 487 1394 emolumentum
510 1329 695 1394 animabus
719 1329 962 1410 proximorum
988 1336 1129 1390 constat
1154 1327 1335 1407 obtigisse.

121 1436 199 1516 Quis
212 1438 308 1502 enim
321 1447 375 1502 est
391 1438 536 1519 quinon
553 1444 736 1501 moueatur
751 1433 796 1498 ad
811 1436 934 1498 laudes
959 1435 1113 1499 Domino
1139 1435 1338 1516 persoluen-

122 1544 190 1622 das,
205 1561 284 1608 cum
299 1545 419 1609 videat
440 1560 631 1627 puerorum
651 1554 797 1623 turmas,
818 1543 875 1606 die
889 1552 1065 1624 noctuque
1090 1557 1171 1606 cum
1185 1542 1339 1606 incensis

123 1652 269 1716 candelis
301 1653 337 1716 in
372 1651 658 1734 processionibus
691 1650 858 1732 oppidum
886 1651 1166 1728 circumeuntes,
1198 1665 1339 1713 sacram

122 1757 195 1840 Xpi.
212 1760 410 1824 doctrinam
424 1759 667 1837 decantantes
688 1767 723 1821 et
745 1773 869 1822 eorum
891 1757 953 1821 vni
972 1767 1033 1821 aut
1052 1758 1201 1836 duobuS,
1217 1773 1340 1820 omnes

124 1867 314 1932 alternatim
329 1868 365 1930 in
379 1883 445 1931 suo
460 1867 584 1931 ordine
599 1866 867 1946 respondentes
880 1882 968 1946 quos
982 1875 1021 1928 ut
1033 1865 1219 1930 audierunt
1231 1864 1340 1946 aliqui

124 1971 233 2038 deuoti
246 1974 326 2053 viri,
343 1974 429 2037 moti
444 1982 536 2052 sunt,
556 1974 746 2054 praecipue
768 1973 963 2053 parrochus
978 1972 1133 2054 quidam,
1154 1982 1193 2036 vt
1207 1989 1269 2036 eos
1284 1989 1340 2035 co·

123 2080 298 2144 miraretur
318 2091 353 2144 et
371 2083 408 2146 in
426 2082 549 2146 ordine
567 2081 712 2144 duceret
733 2089 767 2143 et
792 2097 873 2143 cum
897 2080 949 2142 eis
974 2087 1129 2143 caneret:
1150 2079 1341 2159 exquibus

124 2189 276 2252 omuibus
299 2189 455 2252 abundat
471 2190 669 2252 universus
693 2190 844 2270 populus
869 2187 1121 2266 consolatione;
1148 2202 1228 2249 cum
1248 2188 1341 2251 enim

124 2294 179 2358 tali
193 2303 351 2375 tempore
363 2297 398 2359 in
411 2311 477 2358 vsu
490 2305 608 2359 essent
623 2295 713 2358 aliae
725 2293 878 2389 lipiano.
896 2294 1028 2357 homini
1043 2292 1246 2357 indecentes
1260 2311 1341 2358 can·

124 2401 253 2480 tilenae,
270 2419 364 2466 nune
379 2411 498 2466 autem
512 2403 739 2466 considerant
754 2418 824 2465 non
839 2402 951 2465 solum
966 2417 1156 2481 puerorum
1170 2399 1232 2464 sed
1252 2401 1342 2482 ipso·

124 2525 195 2572 rum
218 2511 325 2573 etiam
354 2509 527 2575 artificum
556 2511 592 2574 in
615 2512 689 2573 suis
715 2508 880 2590 operibus
911 2508 1106 2574 cantilenas
1131 2508 1245 2589 ipsam
1263 2525 1342 2570 esse

124 2614 315 2682 doctrinam
329 2618 510 2698 xpianam.

173 2725 261 2790 Cum
277 2735 396 2789 autem
408 2725 540 2789 iratres
555 2725 591 2789 in
606 2725 729 2788 villam
744 2722 934 2805 quamdam
950 2723 1149 2804 proximam
1166 2709 1342 2789 mitteren-

125 2841 173 2897 tur
187 2843 225 2896 vt
240 2835 332 2896 inter
347 2833 537 2898 missarum
551 2833 723 2897 solemnia
738 2832 920 2897 concionis
936 2833 1012 2894 loco
1028 2831 1227 2896 doctrinam
1243 2831 1342 2912 xpia-

125 2955 209 3004 nam.
223 2941 504 3020 annuntiassent,
518 2939 607 3005 adeo
619 2956 792 3004 accensus
803 2950 837 3002 et
849 2939 1054 3002 consolatus
1064 2951 1117 3002 cst
1130 2940 1291 3020 populus,
1305 2947 1342 3002 ut

126 3057 196 3125 post
209 3047 393 3112 meridiem
411 3056 665 3112 concurrentes
685 3057 719 3112 et
740 3065 802 3128 per
822 3048 930 3110 calles
955 3045 1249 3127 pretiosissimam
1265 3062 1342 3108 cru·

126 3171 214 3234 cem,
245 3173 353 3237 quam
380 3155 612 3219 ecclesiastici
644 3155 914 3236 praeferebant,
944 3164 1152 3234 sequentes,
1183 3152 1343 3218 eamdem

126 3261 316 3328 doctrinam
331 3262 395 3328 alii·
406 3279 487 3326 cum
501 3262 620 3343 pueris
634 3262 878 3338 decantarent,
895 3260 954 3324 alii
966 3259 1093 3324 deuote
1109 3258 1281 3325 audirent.

177 3369 375 3436 Procedunt
390 3371 497 3434 etiam
518 3378 553 3433 et
571 3369 833 3446 continuantur,
856 3368 1010 3432 Domino
1030 3369 1223 3448 aspirante,
1247 3386 1345 3434 excr-

126 3477 200 3542 citia
224 3479 345 3558 solita,
376 3478 472 3542 circa
494 3477 756 3541 confessionum
781 3476 976 3552 audientia,
1007 3483 1041 3538 et
1067 3475 1345 3554 gloriosissimae

126 3585 351 3649 eucharistiae
367 3585 623 3649 ministratione
638 3601 720 3648 cum
734 3585 880 3664 copioso
896 3582 1093 3648 animarum
1109 3583 1235 3646 fructu:
1254 3585 1346 3646 inter

128 3691 190 3755 alia
205 3703 322 3758 autem
337 3709 417 3756 cum
433 3692 558 3756 mulier
577 3691 628 3770 (vt
649 3690 771 3768 l'ertur)
792 3709 813 3754 a
833 3689 1020 3753 daemonio
1036 3699 1238 3768 vexaretur,
1261 3699 1295 3754 et
1311 3690 1346 3754 in

129 3796 261 3864 domum
274 3808 434 3864 nostram
450 3797 655 3877 deferretur,
673 3799 748 3863 eius
762 3797 933 3879 imprimis
950 3797 1070 3860 audita
1086 3796 1308 3860 confessione
1325 3815 1345 3866 a

129 3903 162 3968 P.
174 3906 332 3986 Rectore,
349 3917 384 3972 et
401 3907 644 3988 pronunciatis
659 3905 911 3970 sacratissimis
925 3904 1193 3984 euangeliorum
1215 3903 1344 3982 verbis,

129 4016 398 4080 consolationem
425 4013 584 4095 accepit,
615 4023 648 4077 et
677 4013 857 4094 hucusque
884 4012 1007 4075 melius
1033 4011 1169 4075 habuit:
1197 4011 1347 4090 contigit

129 4130 237 4186 autem
251 4121 345 4203 quod
360 4120 535 4202 quaedam
556 4120 769 4184 venerabilis
789 4137 939 4200 persona
954 4137 992 4182 se
1014 4118 1127 4199 ipsam
1153 4119 1188 4182 in
1205 4127 1347 4198 puteum

127 4229 413 4311 praecipitans,et
424 4228 544 4294 diuina
556 4247 622 4310 ope
635 4229 715 4293 inde
726 4237 898 4303 extracta,
909 4228 1108 4291 nullatenus
1119 4245 1158 4290 se
1170 4226 1346 4290 confessu·

129 4351 198 4400 rarn
212 4346 398 4416 assereret,
415 4353 534 4417 quam,
551 4345 700 4400 vocatus
725 4335 832 4400 Pater
856 4345 891 4399 et
917 4332 1106 4412 accedens,
1130 4334 1205 4398 eius
1227 4332 1347 4397 audita

130 4443 354 4522 consessione,
372 4459 596 4524 summopere
610 4444 647 4507 in
662 4443 939 4507 consolationem
955 4440 1095 4506 direxit.

184 4549 326 4618 Fratres
355 4559 496 4616 nostros
530 4552 718 4616 habuimus
746 4551 921 4629 intirmoS,
951 4550 1043 4613 inter
1076 4565 1165 4630 quos
1193 4548 1348 4614 maxime

133 4654 164 4719 P.
180 4657 376 4738 Rectorem;
393 4659 486 4724 vnde
500 4659 689 4741 aliquando
715 4668 892 4724 cessatum
916 4667 968 4720 est
984 4657 1029 4720 ab
1054 4656 1233 4720 exercitiis
1252 4657 1348 4720 circa

133 4767 367 4848 proximorum
381 4768 542 4847 salutem,
558 4767 721 4848 quamuis
736 4767 885 4848 populus
902 4764 1039 4843 petierit
1051 4776 1086 4829 et
1101 4763 1350 4830 exercitiorum
