3368 5528
626 494 692 554 Aa.
713 495 782 554 1556
918 469 919 474 ‘
1261 493 1315 553 517

156 636 416 718 Superscripnu
428 639 466 702 in
481 646 612 720 quarta
623 639 780 720 pagina:
794 639 1027 714 †Admodum
1041 638 1262 703 obseruande
1279 640 1314 704 in

105 741 233 808 Christo
253 745 325 810 Pri.
345 745 480 828 Jacobo
494 748 649 828 Laynez,
667 746 814 811 Vicario
833 746 991 827 generali
1011 743 1199 810 Societatis
1218 745 1313 829 Jesu‚

106 847 235 915 Romae.

156 956 236 1022 Alia
258 977 385 1023 manu:
407 960 521 1043 Jesus.
552 959 639 1024 1556.
672 957 849 1024 Messana.
881 958 1167 1038 Quadrimestres
1191 959 1232 1024 24
1257 959 1315 1025 Se-

105 1065 271 1143 ptembris.

163 1170 359 1252 Vestigium
369 1190 471 1238 cerae
480 1173 610 1254 sigilli.

152 2167 310 2228 Antonius
324 2168 526 2239 Trancosus,
588 2235 591 2242 ι

182 2263 232 2326 Ex
244 2266 487 2326 commissione
502 2267 537 2325 Ρ.
552 2267 675 2328 Leonis
690 2268 863 2343 liminaea,

216 2365 304 2424 Patri
316 2364 445 2440 ignatio
459 2365 500 2426 de
513 2366 651 2439 Loyola.

245 2463 366 2534 Ebora,
381 2462 417 2523 29
430 2463 636 2538 Septembris
651 2463 754 2524 15561.

685 2689 709 2758 †

639 2761 753 2844 Jesus.

151 2991 302 3060 Colende
316 2995 353 3059 in
368 2994 510 3060 Christo
525 2992 640 3058 Pater.

150 3097 220 3164 Pax
236 3100 379 3166 Christi.

149 3203 349 3287 Scriptutus
364 3205 408 3271 ad
425 3216 470 3286 te,
487 3207 689 3270 uenerande
709 3207 745 3270 in
767 3205 909 3272 Christo
929 3206 1045 3285 Pater,
1067 3207 1110 3270 de
1129 3208 1173 3271 iis
1194 3209 1310 3282 rebus,
1389 3264 1395 3278 .

102 3327 181 3391 quae
203 3325 356 3395 quatuor
383 3314 480 3378 hisce
508 3313 748 3393 superioribus
773 3314 952 3379 mensibus
981 3314 1074 3395 apud
1099 3330 1165 3377 nos
1188 3323 1312 3394 gestae

98 3428 179 3500 sunt,
204 3421 377 3503 principio
402 3432 436 3484 te
458 3420 647 3485 certiorem
668 3419 797 3485 faciam
816 3419 859 3484 de
882 3421 1013 3486 nostris
1035 3422 1147 3503 deque
1170 3421 1311 3486 illorum

99 3528 211 3592 salute.

147 3633 267 3700 Patres
282 3635 390 3714 igitur
403 3634 603 3714 fratresque
618 3650 751 3710 omues,
775 3631 843 3697 Dei
858 3632 940 3714 Opt.
961 3633 1055 3698 Max.
1073 3634 1231 3700 bonitate
1253 3636 1311 3700 ad·

98 3739 162 3818 iuti,
177 3759 256 3807 cum
272 3743 308 3806 in
330 3741 546 3823 quotidianis
566 3740 880 3804 exercitationibus
902 3741 1077 3804 maximos
1100 3757 1312 3823 progressus

98 3846 227 3925 iaciunt,
244 3861 319 3914 tum
341 3849 447 3914 etiam
470 3849 505 3912 in
528 3849 658 3912 uirtute
681 3848 758 3928 ipsa
778 3865 821 3911 ac
841 3865 977 3911 morum
1001 3849 1176 3928 probitate
1195 3849 1311 3928 magis

98 3956 268 4036 magisque
282 3955 479 4037 proficiunt,
496 3955 533 4018 in
547 3933 659 4036 eoque
674 3971 713 4017 se
734 3954 925 4034 praecipue
941 3971 1063 4018 omnes
1078 3966 1256 4033 exercent,
1273 3967 1311 4019 ut

98 4067 325 4144 unusquisque
338 4063 525 4142 diligenter
537 4071 572 4124 et
582 4060 737 4141 perfecte
749 4061 892 4140 regulas
903 4061 1078 4125 obseruet:
1089 4079 1179 4142 quae
1191 4063 1308 4139 etiam,

96 4179 127 4228 ut
139 4173 294 4236 tenacius
309 4169 464 4234 omnium
480 4168 607 4232 animis
629 4167 858 4244 adhaereant,
875 4165 965 4230 affici
987 4169 1100 4230 solent
1120 4169 1309 4248 aliquando

96 4277 215 4356 poenis,
232 4278 262 4342 si
277 4277 366 4342 forte
381 4276 554 4355 contingit
576 4287 615 4340 ut
637 4276 791 4356 aliquam
810 4274 927 4338 minus
947 4274 1134 4353 diligenter
1154 4286 1307 4340 seruent:

97 4396 175 4460 quae
185 4384 325 4466 quidem
337 4401 425 4465 pene
437 4383 555 4447 omnia
568 4382 679 4446 alacri
691 4391 725 4446 et
737 4380 840 4445 hilari
852 4382 950 4444 uultu
963 4381 1198 4462 excipiuntur,
1211 4382 1310 4446 itaut

97 4523 276 4537 Ἡ..-

128 4585 135 4614 ¹
161 4586 349 4644 Autograpltae
359 4587 454 4642 dupllcl
465 4587 534 4640 iolla,
546 4587 627 4642 primo
636 4597 659 4630 n.
668 4585 716 4634 577.
727 4586 811 4629 altero
822 4595 872 4628 non
881 4585 1124 4630 numerato-Vere
1133 4599 1182 4632 non
1190 4597 1249 4632 aunt
1260 4587 1309 4632 nial

96 4654 196 4708 ciusdem
211 4658 337 4704 l'rancoal
352 4658 466 4709 litterae.
477 4669 542 4716 quas
553 4669 671 4714 supram.
683 4668 781 4708 paxae.
792 4667 851 4715 pag.
862 4655 909 4710 ⁴47,
921 4657 1044 4710 dedimus.
1055 4657 1186 4708 latinitate
1197 4659 1309 4710 donatae

97 4733 119 4770 et
127 4730 233 4776 nonnihil
244 4731 408 4778 decurtatae.
