3410 5528
304 479 358 558 3OE
689 497 861 559 errnnnn
879 513 1150 569 ounnnrunsrnns

307 693 309 700 ,
364 640 437 706 Vbi
451 659 537 706 uero
552 643 587 707 in
603 644 670 708 hoc
685 644 765 709 loco
780 645 961 710 celebrare
972 663 1044 710 non
1056 647 1226 728 licuisset,
1240 648 1371 726 statim,
1388 655 1533 729 arrepto

305 750 442 826 itinere,
458 749 627 814 Polneam
643 748 652 782 ¹
667 752 840 830 uenimus,
857 753 951 833 quod
966 755 1134 836 oppidum
1156 755 1341 835 distinguit
1363 755 1533 820 Morauos

306 858 494 938 aBollmis,
512 858 690 940 quodque,
708 859 799 923 inter
818 861 938 925 omnia
957 861 1086 942 oppida
1107 870 1141 926 et
1160 863 1228 926 alia
1248 863 1328 926 loca
1348 879 1370 926 a
1390 861 1531 926 Vienna

306 967 461 1048 Pragam
480 983 610 1048 usque,
632 968 747 1032 solum
767 976 821 1031 est
840 984 1030 1049 syncerum
1051 953 1086 1034 et
1108 970 1339 1049 catholicum,
1366 980 1405 1034 ut
1429 970 1531 1034 nobis

306 1075 425 1140 retulit
438 1082 571 1155 pastor,
585 1075 692 1155 quiet
706 1073 873 1139 Decanus
884 1077 1013 1140 ruralis
1024 1075 1168 1142 dicitur:
1181 1079 1212 1141 is
1222 1095 1244 1141 a
1255 1079 1357 1142 nobis
1369 1088 1529 1158 rogatus

307 1192 345 1247 ut
358 1182 480 1246 liceret
494 1197 638 1246 sacrum
651 1181 780 1260 lacere,
796 1182 996 1264 fratresque
1011 1185 1285 1260 communicare,
1306 1185 1456 1249 libenter
1470 1184 1530 1248 ad·

308 1291 413 1355 misit.
427 1288 597 1369 Quamuis
608 1289 696 1354 hora
708 1288 867 1354 meridiei
879 1290 1027 1354 instaret
1039 1292 1294 1372 inhibitumque
1305 1291 1532 1373 aPraghensi

308 1397 462 1478 capitulo
482 1395 514 1460 ei
535 1406 642 1474 esset,
659 1412 704 1459 ne
725 1396 863 1477 aliquos
885 1396 929 1460 ad
950 1398 1198 1464 celebrandurn
1218 1399 1429 1478 admitteret,
1447 1401 1531 1480 quin

308 1504 406 1587 prius
416 1504 539 1568 literas
550 1502 668 1568 uideat
680 1504 936 1590 testimoniales
947 1504 1127 1586 (capitulo,
1140 1507 1295 1587 inquam,
1310 1507 1531 1572 arciscatho-

308 1611 480 1690 licorum);
496 1609 556 1691 qui
571 1619 701 1688 tamen,
715 1610 760 1674 ob
774 1609 1004 1676 sufficientem
1020 1614 1177 1677 omnium
1191 1623 1350 1678 nostrum
1362 1630 1532 1695 apparen-

308 1721 406 1798 tiam,
423 1719 511 1783 alias
530 1718 642 1782 noluit
660 1718 791 1782 habere
812 1719 1066 1783 testimoniales
1081 1720 1213 1784 literas.
1238 1720 1346 1784 Nobis
1361 1715 1408 1785 ad
1421 1723 1533 1786 altare

309 1826 492 1906 admissis,
520 1842 714 1907 campanas
739 1827 835 1890 iubet
860 1827 1005 1907 pulsari,
1032 1830 1200 1908 populum
1225 1829 1435 1906 conuocari,
1462 1835 1543 1892 nors

309 1935 485 2016 pusillum,
502 1932 579 1997 Deo
594 1949 680 1997 sane
695 1933 873 1998 deuotum.
891 1934 980 1998 Cum
995 1935 1099 2014 enirn,
1114 1935 1275 2000 absoluto
1286 1935 1475 2018 sacrificio,
1488 1935 1533 1998 ad

309 2041 500 2123 hospitium
515 2050 790 2119 reuerteremur‚
813 2041 892 2120 uiri,
914 2042 1089 2118 mulieres.
1116 2051 1299 2106 matronae
1318 2059 1449 2124 graues
1470 2059 1535 2110 nos

309 2149 523 2227 salutabant,
539 2156 737 2212 annuentes
753 2164 834 2212 cum
848 2149 1003 2220 maxima
1019 2151 1230 2214 reuerentia.
1246 2149 1283 2213 Si
1297 2159 1459 2214 nostrum
1473 2151 1533 2216 ali·

310 2257 388 2338 quis
403 2256 573 2337 potuisset
588 2254 634 2319 ad
649 2256 746 2336 ipsos
766 2255 878 2336 loqui,
901 2258 1009 2321 credo
1028 2257 1180 2320 fructum
1200 2273 1271 2322 non
1290 2273 1441 2338 paruum
1461 2255 1537 2324 lieri

311 2364 468 2444 potuisse
483 2364 519 2426 in
533 2380 645 2444 usque
660 2363 750 2427 adeo
765 2363 903 2444 paratis
916 2364 1055 2430 animis.

369 2469 430 2535 Ille
440 2471 555 2535 bonus
565 2471 692 2534 Pastor
703 2479 815 2535 totum
825 2486 865 2534 se
875 2471 977 2534 nobis
989 2471 1129 2536 obtulit:
1144 2464 1320 2553 pollicitus
1331 2482 1384 2537 est
1396 2489 1435 2536 se
1446 2473 1538 2538 uelle

309 2595 376 2643 nos
389 2577 547 2657 uisitare,
564 2578 623 2642 ubi
637 2575 793 2657 Pragam
809 2579 957 2642 uenerit.
975 2577 1049 2642 Nos
1063 2569 1204 2660 quoque
1218 2578 1376 2644 uicissim
1391 2595 1539 2661 operam

310 2693 469 2750 nostram
483 2684 596 2748 eidem
612 2693 645 2748 et
661 2685 790 2765 populo
809 2701 886 2764 suo,
903 2685 934 2747 si
949 2701 1054 2750 casus
1069 2686 1229 2764 daretur,
1247 2687 1445 2751 obtulimus.
1465 2686 1539 2752 Nec

310 2793 449 2856 anobis
462 2792 631 2856 recedere
646 2791 768 2870 uoluit,
793 2795 910 2856 donec
932 2785 1117 2860 nobiscum
1139 2794 1289 2874 prandio
1309 2794 1536 2872 interfuisset,

310 2916 392 2964 curn
405 2898 558 2980 quodam
573 2900 684 2980 probo
699 2900 779 2963 uiro
795 2899 865 2962 sibi
877 2899 1054 2964 adiuncto.
1067 2899 1156 2964 Cum
1168 2911 1287 2966 autem
1298 2902 1540 2965 cibumsume-

309 3021 440 3086 remus,
459 3007 602 3071 aduenit
616 3007 732 3070 subito
747 3007 892 3071 tubicen
911 2997 1077 3085 ciuitatis,
1101 3009 1185 3073 tuba
1204 3022 1419 3091 canensper
1440 3010 1540 3089 quin·

309 3124 383 3179 tam
398 3125 536 3195 partem
551 3114 672 3193 horae,
690 3114 725 3178 in
745 3114 869 3178 eadem
884 3114 1003 3193 domo,
1026 3125 1108 3179 ante
1129 3105 1224 3179 fores
1238 3115 1402 3194 cubiculi,
1417 3115 1453 3179 in
1468 3133 1541 3197 quo

309 3220 587 3303 prandebamus,
609 3221 704 3302 quod
721 3231 757 3286 et
778 3222 877 3302 prius
897 3220 1034 3285 iecerat
1055 3239 1137 3286 cum
1158 3222 1324 3303 oppidum
1339 3222 1541 3303 ingredere·

310 3345 399 3406 mur;
415 3345 486 3393 non
501 3339 620 3392 tamen
635 3326 962 3393 animaduertebam
976 3340 1120 3409 propter
1140 3345 1207 3394 nos
1227 3331 1296 3394 hoc
1315 3329 1406 3410 fieri,
1423 3331 1540 3396 donec

309 3435 346 3500 in
360 3436 521 3517 proximo
536 3435 665 3517 oppido
681 3435 802 3500 itidem
816 3436 919 3500 nobis
934 3434 1010 3500 fieri
1025 3435 1211 3514 uidissem,
1233 3437 1305 3502 imo
1325 3448 1359 3501 et
1372 3433 1441 3519 'ipsi
1457 3455 1541 3502 can·

310 3553 407 3607 tores
421 3543 557 3622 musici,
574 3559 654 3606 cum
670 3543 814 3607 musicis
838 3543 980 3607 motetis
1000 3543 1049 3622 (ul
1070 3546 1213 3622 uocant)
1236 3544 1279 3608 de
1301 3556 1460 3626 tempore
1475 3544 1541 3610 Pa-

312 3649 423 3714 schali
435 3666 499 3714 nos
510 3660 737 3729 exceperunt.
751 3649 845 3714 Inter
856 3657 998 3713 caetera
1011 3661 1196 3714 cantantes
1212 3651 1391 3734 illudalla.
1406 3650 1428 3730 ',
1446 3653 1543 3733 quod

311 3757 483 3838 Magister
498 3755 623 3820 Petrus
637 3754 820 3837 Scorigius
832 3754 843 3787 ⁸
855 3773 976 3821 coram
989 3757 1068 3821 R.⁶⁸
1084 3757 1122 3821 P.
1140 3757 1216 3821 Tua
1227 3758 1438 3840 quandoque
1450 3760 1526 3824 ceci

312 3865 374 3929 nit.
392 3863 523 3929 Omnes
538 3873 657 3929 tamen
672 3865 737 3928 sub
752 3874 902 3945 utraque
917 3865 1035 3945 specie
1051 3875 1085 3928 et
1102 3883 1173 3928 non
1189 3866 1383 3947 praemissa
1405 3867 1544 3931 conses-

312 3973 411 4036 sione
422 3972 695 4051 communicant,
709 3972 940 4048 obseruantes
950 3972 1053 4035 ualde
1065 3983 1212 4036 exactas
1222 3974 1352 4036 multas
1366 3974 1542 4038 ecclesiae

313 4079 511 4144 catholicae
520 4080 754 4162 ceremonias
764 4079 949 4160 utPragae
961 4096 1098 4160 quoque
1110 4078 1254 4144 faciunt.
1269 4079 1314 4144 Hi
1327 4097 1411 4145 uero
1423 4090 1544 4145 canto·

316 4311 527 4324 -ι--ι-

330 4525 335 4536 ¹
357 4468 367 4504 ί
396 4467 472 4514 Prius
480 4469 606 4524 scriptum
616 4469 703 4514 luerat
711 4467 857 4518 Pulneam,·
865 4479 955 4512 verum
963 4469 1101 4515 recentiori
1111 4480 1188 4514 manu
1196 4476 1323 4516 mutatum
1331 4471 1403 4517 estin
1414 4471 1546 4519 mutam

318 4547 344 4587 et
353 4552 439 4586 sermo
450 4541 555 4585 videtur
565 4552 621 4585 esse
631 4541 664 4585 de
674 4539 769 4597 oppido
779 4539 873 4593 Polna,
882 4541 948 4596 qnod
959 4552 1008 4586 non
1017 4543 1094 4597 longe
1104 4541 1210 4586 distata
1222 4541 1343 4587 &aalma

354 4613 367 4646 ¹
394 4611 520 4658 Alleluia.

354 4683 368 4718 ¹
396 4683 505 4740 Saepius
514 4691 550 4736 et.
560 4691 589 4730 ut
599 4686 711 4736 videtur.
723 4687 820 4730 rectius
831 4687 954 4746 scribitur
967 4685 1140 4733 Schoricltius.
1153 4689 1249 4733 Deboc
1258 4690 1312 4744 jum
1322 4689 1444 4743 frequen·
1458 4702 1548 4737 sermo

316 4759 402 4804 luctus
412 4765 452 4802 est
463 4765 488 4802 et
499 4757 574 4803 fictio
585 4757 625 4802 bis
635 4756 749 4802 Litteris
759 4765 783 4802 et
794 4759 819 4802 ln
831 4757 944 4804 Pounucl
954 4761 1088 4806 Chronico.
1325 4771 1326 4775 ’
1391 4763 1394 4770 “
