3504 5532
723 479 786 534 Au.
807 475 877 534 1556
1018 539 1020 546 ,
1360 477 1412 557 12ἵ

175 617 257 680 loco
273 617 428 681 alantur.
444 618 536 683 Huic
552 629 670 684 autem
682 620 902 700 pientissimo
914 619 1120 698 ministerio,
1134 630 1277 701 praeter
1291 637 1410 701 quern-

173 722 258 787 dam
273 723 487 805 religiosum'
497 726 663 806 Proregis
678 727 936 808 presbyterum,
950 727 1146 790 inseruiunt
1158 727 1266 791 etiam
1279 728 1348 792 duo
1364 747 1412 793 ex

173 832 308 894 nostris
322 831 503 910 iratribus
520 833 579 914 qui
591 834 710 898 cibum
728 852 799 898 non
823 834 1035 898 distribuunt
1050 851 1273 914 corporeum,
1296 835 1410 899 donec

171 936 329 1017 spiritali
343 939 442 1020 prius
457 940 506 1003 illi
520 940 733 1004 reficiantur.
750 941 901 1020 Etenim,
922 950 1112 1020 antequam
1132 941 1232 1004 cibos
1251 953 1409 1022 sumant,

176 1040 379 1109 doctrinam
393 1047 497 1111 simul
511 1047 743 1111 christianam
759 1049 830 1111 alta
845 1064 947 1126 voce,
964 1065 1035 1111 vno
1055 1065 1100 1110 ex
1121 1049 1253 1112 nostris
1267 1033 1414 1129 praedi-⁵

179 1160 294 1229 cente,
311 1155 474 1216 recitant.

239 1256 249 1289 ¹
263 1257 345 1340 Jam
361 1277 447 1323 uero
462 1271 593 1340 quanta
608 1262 653 1324 sit
667 1261 762 1341 apud
777 1278 900 1324 omnes
915 1261 958 1324 de
972 1269 1096 1325 nostro
1112 1259 1271 1340 Collegio
1288 1262 1408 1326 existi-

174 1365 300 1444 matio,
316 1383 389 1428 non
404 1377 458 1430 est
473 1366 610 1430 difficile
625 1387 670 1431 ex
685 1368 750 1446 his,
774 1385 863 1447 quae
878 1368 949 1430 iam
964 1366 1059 1429 dicta
1080 1379 1173 1445 sunt,
1195 1368 1404 1448 intelligere.

174 1470 347 1552 Protegis
362 1482 481 1537 tamen
497 1473 693 1553 singularis
703 1474 905 1537 humanitas
920 1491 1001 1537 cum
1012 1473 1048 1536 in
1062 1474 1182 1536 multis
1196 1474 1302 1537 suerit
1318 1491 1406 1555 erga

174 1587 338 1643 nostrum
352 1577 546 1659 Collegium
563 1580 755 1658 declarata,
779 1591 852 1644 tum
868 1581 1021 1644 maxime
1038 1581 1214 1660 apparuit,
1238 1597 1319 1644 cum
1339 1583 1407 1644 sol-

167 1685 289 1748 licitus
303 1684 346 1748 de
362 1685 433 1748 Ru
447 1686 485 1749 P.
503 1685 701 1766 Praepositi
723 1687 759 1749 in
774 1685 930 1751 Siciliam
947 1686 1073 1764 reditu,
1093 1695 1127 1757 et
1147 1704 1191 1749 ne
1214 1687 1298 1766 quid
1313 1687 1407 1752 forte

170 1792 316 1855 aduersi
330 1792 519 1856 accidisset
534 1793 679 1872 ueritus,
694 1793 862 1874 scapham
877 1810 941 1856 suo
957 1793 1032 1872 ipse
1047 1793 1190 1856 nomine
1203 1793 1408 1858 hominibus

168 1899 345 1964 munitam
360 1899 466 1976 misit,
484 1900 542 1980 qui
557 1917 621 1980 per
632 1900 750 1963 omnia
766 1901 854 1963 haec
868 1900 973 1963 litora
985 1912 1020 1962 et
1032 1899 1163 1979 oppida
1175 1898 1310 1963 tamdiu
1322 1917 1403 1964 eum

167 2004 400 2084 inquirerent,
419 2004 530 2069 donec
545 2017 606 2069 aut
620 2007 735 2087 ipsum
749 2007 960 2084 inuenirent,
975 2015 1047 2084 aut,
1064 2006 1095 2068 si
1111 2006 1194 2086 quid
1208 2007 1403 2072 humanum

164 2112 201 2174 ei
224 2111 423 2191 obtigisset,
446 2112 578 2176 exiliis
600 2113 800 2176 ciuitatibus
820 2123 1006 2192 acceptum
1030 2111 1219 2192 reserrent;
1247 2113 1283 2176 id
1307 2114 1403 2194 quod

168 2217 339 2298 Protegis
355 2236 494 2299 quoque
509 2218 580 2282 filia
591 2237 662 2282 non
673 2219 788 2283 minus
800 2218 952 2282 officiose
967 2219 1060 2295 fecit,
1078 2236 1159 2282 curn
1175 2228 1294 2282 tamen
1308 2229 1399 2284 vter-

165 2343 241 2406 que
255 2326 407 2388 alterum
422 2325 591 2406 scapham
607 2326 743 2390 misisse
758 2325 950 2406 ignoraret:
966 2333 1065 2388 tanto
1077 2334 1225 2406 vterque
1240 2325 1277 2388 P.
1295 2326 1400 2390 Prae·

171 2431 328 2512 positum
343 2449 465 2496 amore
479 2432 794 2512 beneuolentiaque
808 2431 1043 2512 prosequitur.

226 2537 302 2602 Nec
322 2549 358 2602 te
377 2539 475 2617 latet,
499 2537 575 2612 R.‘¹e
594 2538 711 2618 Pater,
735 2538 826 2601 hanc
849 2539 964 2619 ipsam
982 2535 1148 2618 Proregis
1168 2537 1277 2601 filiam
1292 2539 1397 2602 colle-

162 2645 267 2725 gium
284 2662 398 2725 nuper
419 2644 594 2708 Bisbonae
612 2645 801 2720 struxisse,
822 2653 1035 2725 nostraeque
1055 2643 1224 2708 Societati
1243 2644 1396 2726 dicasse,

160 2751 268 2816 cuius
281 2751 442 2832 auspicia
457 2751 507 2814 ita
518 2750 617 2815 suere
629 2752 778 2830 foelicia,
793 2761 833 2814 vt
847 2768 918 2814 non
933 2752 1009 2814 sine
1024 2750 1142 2814 diuino
1158 2759 1243 2815 nutu
1260 2753 1396 2817 institu-

159 2867 239 2921 tum
254 2857 430 2922 videatur.
447 2857 476 2920 F
477 2858 552 2921 axit
567 2856 675 2938 Deus,
692 2868 731 2923 vt
743 2859 899 2921 secunda
910 2857 1009 2921 initia
1024 2857 1212 2921 secundior
1225 2867 1396 2939 sequatur

160 2964 295 3028 exitus.

223 3069 341 3152 Atque
360 3072 450 3134 haec
471 3071 611 3151 quidem
631 3081 724 3151 sunt,
750 3069 825 3134 R.‘le
839 3071 894 3148 P,
916 3087 1006 3151 quae
1025 3070 1133 3134 habui
1153 3071 1313 3134 dicenda.
1337 3071 1393 3136 Tu

158 3195 249 3242 vero
265 3177 381 3242 Deum
395 3177 537 3251 interim
550 3177 778 3242 obnixissime
792 3195 866 3256 sira,
884 3187 923 3241 vt
938 3177 1071 3242 Christi
1085 3177 1191 3241 vinea
1211 3194 1391 3259 propaga-

158 3285 190 3346 ri
207 3285 245 3347 in
261 3283 336 3348 dies
351 3285 467 3364 magis
483 3301 525 3346 ac
540 3286 656 3364 magis
671 3283 795 3364 possit.

322 3389 523 3468 Messanae,
540 3407 633 3453 nona
649 3391 705 3453 die
720 3390 903 3454 Februarii
918 3407 1012 3453 anno
1029 3389 1117 3452 1556.

821 3603 1039 3668 Fraucrseus
1052 3601 1273 3668 stephanus.

217 3925 266 3987 In
280 3930 413 4005 quarta
423 3926 581 4005 pagata:
595 3923 644 3988 9.a
659 3924 715 3987 die
730 3922 899 3986 februarii
916 3923 1004 3986 1556.

217 4031 303 4095 Alia
318 4049 443 4095 mnu:
458 4034 479 4102 †
492 4031 618 4094 Mess.⁸
631 4030 826 4094 Februario
845 4029 933 4092 1556.

193 4307 204 4340 ¹
234 4307 265 4352 P.
280 4308 415 4361 Potamos,
432 4289 473 4362 qui
489 4306 604 4350 numeris
618 4307 643 4350 in
659 4317 705 4350 ora
721 4305 831 4360 paginae
847 4305 972 4358 appositis
986 4301 1105 4348 diversas
1122 4306 1214 4350 harum
1231 4305 1380 4351 litterarum

150 4385 247 4435 partu
257 4379 383 4434 distinxit,
393 4377 512 4434 apposuit
523 4377 564 4420 hic
575 4388 708 4421 numerum
719 4377 771 4421 8et
782 4375 879 4419 addidit
890 4378 922 4419 de
931 4376 1104 4430 provinciali.
