3368 5528
642 529 706 586 Au.
729 527 798 588 1556
1280 525 1335 586 509

119 673 192 759 ogni
205 672 334 752 giorno
348 676 376 736 s'
392 690 622 738 accrescono.
639 673 673 738 A
687 676 735 737 tal
747 674 814 736 che
827 690 941 753 apena
954 672 1144 736 habbiamo
1160 674 1225 736 che
1240 689 1340 736 man·

118 776 209 842 darui
223 777 260 842 di
274 796 402 843 nuouo.
419 778 464 844 Se
485 797 553 861 pur
571 798 642 845 non
662 781 796 846 uoleste
816 779 881 844 dir'
905 780 970 843 che
992 779 1079 842 sossi
1100 794 1218 844 nuoua
1239 795 1338 856 cosa,

118 884 147 948 la
160 885 261 950 solita
277 894 311 949 et
326 887 469 968 antiqua
486 905 572 952 cura
587 887 644 952 del
659 887 833 952 riiormar’
850 889 872 950 l'
890 886 1006 950 anime
1028 886 1073 950 da
1089 885 1150 949 noi
1164 885 1195 950 si
1212 886 1339 950 arden·

118 997 261 1056 temente
282 993 459 1073 riceuuta,
486 995 569 1076 qual
594 1011 685 1058 anco
709 999 784 1070 cosi
807 1001 1112 1058 constantemente
1132 993 1162 1056 si
1186 993 1280 1058 tiene
1310 993 1341 1071 (e

118 1113 248 1180 sempre
263 1101 432 1178 terrassi),
449 1101 516 1165 che
530 1118 601 1164 non
616 1102 809 1165 solamente
824 1118 895 1165 non
907 1101 967 1164 sie
982 1099 1040 1163 dal
1052 1116 1118 1164 suo
1128 1116 1226 1162 esser
1238 1099 1341 1164 rilas·

118 1214 186 1268 sata
201 1223 265 1286 per
280 1207 384 1270 alcun
399 1208 514 1286 modo,
532 1225 588 1272 ma
605 1208 664 1289 piit
680 1217 772 1272 tosto
786 1225 850 1288 per
865 1208 889 1272 il
902 1224 1068 1272 commun
1088 1206 1204 1270 studio
1224 1224 1243 1270 e
1265 1205 1340 1270 dili-

117 1327 221 1390 genza
237 1313 273 1376 di
288 1315 367 1377 tutti
383 1313 418 1377 di
432 1315 558 1394 giorno
574 1315 610 1378 in
623 1315 750 1395 giorno
766 1315 826 1395 pili
840 1317 869 1378 s’
887 1330 1064 1378 accresce.

170 1417 235 1484 Nei
248 1420 343 1484 soliti
357 1422 529 1486 essercitii
549 1422 630 1486 tutti
644 1430 772 1486 stanno
792 1421 971 1502 occupati,
993 1425 1037 1484 ne
1057 1419 1093 1484 in
1116 1438 1200 1485 uero
1221 1421 1340 1501 pigra·

117 1537 241 1605 mente,
257 1527 408 1592 essendo
423 1527 489 1591 che
503 1530 585 1608 ogn’
603 1546 650 1591 un
665 1546 726 1609 per
742 1528 824 1592 sesi
839 1527 957 1592 sforza
968 1527 1163 1592 iruttificar’
1179 1545 1245 1592 con
1258 1529 1340 1609 quel

118 1633 241 1697 talento
256 1651 332 1698 ase
347 1651 556 1710 commesso
573 1645 606 1700 et
618 1635 818 1700 affaticansi
830 1651 920 1700 anco
932 1634 1119 1715 spenderlo
1131 1652 1198 1699 con
1210 1634 1337 1714 grand'

117 1755 226 1805 usura.
253 1741 462 1822 Imperoche
484 1743 580 1807 oltra
593 1742 625 1805 le
643 1753 811 1806 consuete
837 1760 856 1805 e
880 1741 1074 1806 domestice
1094 1741 1236 1823 predice
1259 1742 1338 1818 (alle

117 1847 204 1926 quali
225 1865 398 1913 concorre
418 1848 580 1930 grande¹
602 1849 821 1913 moltitudine
843 1853 919 1912 cosi
940 1849 973 1934 d’
996 1848 1153 1913 huomini
1179 1865 1281 1912 come
1305 1847 1340 1912 di

117 1953 236 2032 donne)
251 1955 284 2018 si
298 1954 465 2020 dechiara
478 1956 673 2036 parimente
687 1957 773 2036 ogni
787 1956 933 2021 uenerdl
947 1956 972 2019 il
988 1956 1077 2020 libro
1093 1955 1184 2019 della
1196 1953 1339 2036 Sapien-

117 2077 164 2124 za:
180 2079 200 2126 e
214 2061 371 2126 anchora
387 2063 478 2126 nella
493 2063 615 2127 madre
630 2063 751 2127 chiesa
766 2063 796 2127 si
811 2080 942 2144 espone
958 2063 981 2126 il
996 2062 1167 2142 decalogo
1188 2062 1244 2126 dei
1264 2080 1337 2142 pre·

117 2169 205 2248 cetti,
222 2169 306 2250 quai
320 2168 423 2233 sorno
439 2169 642 2234 cominciati
656 2189 678 2234 a
692 2169 913 2234 dechiararsi
935 2169 1066 2246 (seben
1087 2169 1136 2233 mi
1157 2169 1299 2233 ricordo
1315 2168 1339 2248 ³)

116 2273 156 2338 da
171 2275 297 2356 cinque
312 2277 401 2340 mesi
415 2293 436 2340 o
451 2277 624 2356 mearco,
641 2296 661 2340 e
675 2278 821 2342 anchor'
838 2276 869 2340 si
883 2278 1037 2357 leggono
1052 2293 1118 2342 con
1141 2277 1250 2340 molto
1266 2283 1336 2340 stu·

118 2384 187 2460 por'
203 2399 223 2445 e
237 2383 346 2447 frutto
361 2384 396 2447 di
411 2384 503 2463 tutti,
521 2401 588 2448 oue
602 2401 664 2465 per
680 2383 809 2465 udirgli
823 2385 860 2447 ui
879 2400 1098 2448 concorrono
1120 2401 1188 2446 con
1209 2383 1337 2463 grand'

116 2489 356 2554 ammiratione
370 2490 406 2553 di
420 2500 544 2571 questa
559 2489 571 2520 ⁵
586 2491 687 2570 citta,
707 2490 739 2554 d'
755 2491 839 2571 ogni
853 2507 984 2570 genere
1006 2508 1026 2552 0
1047 2489 1265 2570 conditione,
1282 2495 1340 2554 eta

116 2612 254 2660 esesso.
270 2595 360 2660 Fuui
375 2614 465 2662 anco
480 2615 527 2662 un
542 2596 585 2660 de
600 2598 712 2662 nostri
724 2597 841 2676 Pausi,
855 2599 936 2678 quai
950 2598 1034 2676 ogni
1045 2595 1231 2661 domenico
1244 2615 1263 2660 e
1274 2598 1339 2661 fes·

116 2711 148 2764 ta
162 2706 237 2768 suoi
259 2704 434 2784 predicar’
457 2703 469 2735 ⁴
489 2706 526 2768 in
547 2714 645 2770 certo
665 2705 879 2768 monasticio
902 2705 936 2768 di
957 2703 1146 2780 monache,
1171 2703 1338 2768 lassando

116 2810 198 2874 hora
213 2809 257 2873 da
273 2820 376 2892 parte
390 2812 422 2874 lc
444 2810 619 2894 frequenti
640 2812 825 2893 prediche‚
849 2811 964 2893 quali,
987 2810 1188 2874 anchorche
1207 2828 1278 2876 non
1302 2811 1336 2874 in

116 2925 240 2980 statuto
256 2917 384 2981 iuocho
399 2936 420 2982 o
436 2929 565 2998 tempo,
582 2919 613 2982 si
627 2917 747 2982 fanno.

171 3021 225 3088 Gl’
243 3025 324 3089 altri
337 3025 398 3106 poi
413 3026 503 3089 oltra
516 3025 535 3087 l’
548 3025 691 3089 assiduo
703 3026 819 3090 studio
831 3025 920 3089 delle
932 3024 1078 3102 lettioui,
1093 3025 1156 3090 che
1169 3026 1260 3089 nella
1272 3033 1336 3088 set·

116 3132 242 3195 limana
258 3150 280 3195 o
304 3131 437 3208 odono,
464 3150 485 3196 o
510 3137 584 3196 uer’
609 3150 833 3215 espougono,
855 3135 887 3197 le
902 3132 1143 3198 domenichee
1163 3132 1280 3212 giomi
1301 3131 1339 3196 di

96 3235 214 3316 uesta,
230 3239 313 3303 tutti
332 3240 422 3303 nelle
447 3239 657 3320 parroechia
681 3257 701 3302 a
723 3241 800 3304 loro
823 3241 1027 3304 constituite
1042 3239 1125 3321 (che
1140 3240 1175 3304 in
1192 3257 1338 3304 numero

115 3348 187 3408 son’
206 3345 243 3409 10
257 3345 281 3423 ⁸)
296 3363 360 3426 per
379 3347 546 3426 imparar'
564 3365 585 3410 a
607 3346 739 3427 figluoli
754 3347 787 3410 la
803 3347 959 3410 dottrina
980 3347 1173 3411 christiana
1192 3345 1338 3426 diligen·

116 3461 262 3516 remeate
277 3453 305 3516 s’
320 3453 550 3517 essercitano.
569 3451 668 3517 Onde
682 3453 706 3517 ii
722 3453 889 3518 Cardinul
904 3453 939 3517 di
954 3462 1079 3534 questa
1099 3455 1200 3532 cittis,
1224 3453 1337 3535 primo

115 3559 204 3622 auoi
218 3569 304 3623 noto
319 3559 385 3624 che
401 3577 421 3623 a
437 3559 496 3624 noi
510 3560 698 3624 manifesto
713 3558 737 3640 ⁰,
755 3561 787 3624 ci
802 3561 973 3624 dimostro
993 3562 1027 3624 la
1049 3561 1302 3640 beneuolenza,
1319 3579 1338 3624 e

115 3665 134 3724 l’
150 3683 248 3730 amor
262 3667 400 3747 grande
416 3667 481 3730 che
495 3667 544 3730 lui
559 3668 592 3731 ci
608 3677 768 3747 portaua.
789 3665 910 3732 Percio
922 3667 988 3730 che
1001 3667 1164 3731 hauendo
1176 3668 1225 3732 lui
1237 3685 1337 3748 ques·

115 3780 148 3833 ta
165 3772 265 3838 istate
280 3783 438 3854 passata,
453 3773 536 3846 dato
551 3775 585 3838 la
601 3791 687 3838 cura
707 3774 786 3838 dell’
810 3775 989 3854 insegnar’
1012 3792 1034 3837 a
1055 3773 1188 3854 figluoli
1210 3775 1243 3838 la
1266 3774 1337 3838 dot·

153 3977 161 4008 ·
188 3977 263 4023 Prius
273 3985 332 4023 erat
342 3979 468 4032 scriptum
479 3979 622 4023 immensa.

152 4046 164 4078 ⁹
187 4049 255 4094 Loco
264 4051 404 4094 verborum
415 4051 454 4093 mi
464 4051 568 4094 ricardo
578 4051 720 4105 scripserat
731 4050 878 4106 Stephanus
890 4053 1028 4096 sonaim.
1037 4049 1077 4094 Ex
1086 4051 1133 4093 hoc
1142 4059 1228 4094 tamen
1239 4059 1270 4092 ne
1278 4061 1337 4094 coa·

117 4118 252 4170 licisseum
261 4121 367 4166 Gallum
376 4122 463 4174 laisse;
474 4133 534 4166 nam
545 4123 689 4176 Acuunt,
702 4125 709 4166 1
730 4133 759 4176 c..
769 4133 826 4178 cap.
837 4133 872 4174 rx,
884 4134 907 4168 n.
925 4124 957 4176 1⁹,
969 4135 1026 4168 eum
1039 4122 1180 4178 Hispanum
1197 4129 1284 4166 vocat.

154 4189 166 4222 ⁸
192 4191 267 4256 Prius
277 4197 384 4239 cotesto.

153 4263 165 4295 ⁴
191 4265 266 4316 ortivi
274 4263 411 4309 addiderat
423 4265 463 4309 his
474 4263 629 4320 Stephanus,
639 4266 685 4310 sed
695 4267 807 4309 deletum
819 4273 867 4309 est.

153 4333 165 4366 ⁸
190 4335 312 4380 Undeclru
322 4337 470 4382 numeravit
480 4349 525 4381 suo
537 4346 651 4392 tempore
663 4339 807 4390 Aournsan,
818 4340 835 4381 1.
846 4349 877 4391 c.‚
886 4348 945 4391 cap.
960 4351 986 4382 v.
998 4348 1021 4380 n.
1033 4337 1054 4379 5.

152 4403 165 4438 ⁸
191 4407 278 4451 Verba
288 4409 352 4452 haec
365 4409 456 4464 primo
467 4420 483 4452 a
493 4411 537 4452 voi
546 4412 606 4452 noto
621 4409 667 4453 che
678 4421 694 4451 a
711 4411 756 4452 noi
767 4409 913 4460 ›nanifesto
923 4409 990 4452 linea
1000 4409 1090 4452 subter
1104 4406 1183 4450 ducta
1194 4416 1210 4449 a
1225 4405 1338 4448 caeteris

115 4477 233 4523 distincta
247 4485 306 4524 sunt
331 4477 358 4523 ld
374 4487 462 4524 sutem
479 4481 572 4525 asserit
588 4480 744 4536 Stephanus,
755 4482 816 4536 quis
827 4480 939 4533 Joaunes
950 4479 1069 4523 Andreas
1078 4478 1109 4520 de
1125 4476 1262 4528 Mercurio.
1273 4476 1338 4521 Mes·

113 4549 225 4594 usensis
239 4551 456 4606 archiepiscopus
470 4559 497 4596 et
512 4551 667 4606 Cardiuaiis,
682 4563 802 4606 magnam
818 4553 856 4596 sui
871 4551 1037 4606 pontificatus
1052 4557 1154 4604 partem
1169 4547 1278 4600 Romae,
1294 4548 1337 4591 ubi

116 4621 208 4664 nostris
217 4631 290 4668 notus
300 4621 358 4673 init.
368 4633 502 4678 exegerat,
513 4636 558 4669 nec
571 4625 727 4668 Messanam
735 4623 930 4680 pontificaliter
943 4625 1083 4675 ingressus
1093 4623 1134 4664 est
1150 4627 1211 4664 ante
1225 4619 1292 4662 diem
1302 4617 1338 4660 23

116 4689 209 4736 Mariti
217 4693 297 4751 hujus
307 4696 375 4738 anui
385 4695 459 4740 1556.
470 4695 536 4739 Vide
553 4696 649 4740 Roccru
659 4696 741 4750 Pron,
753 4695 890 4740 Ecclesiae
901 4694 1086 4738 Messanensis
1098 4691 1200 4736 Notitia
1217 4688 1250 4742 11,
1266 4689 1310 4733 111).
1321 4699 1338 4746 1,

116 4763 262 4820 col-wa.
