3382 5528
764 503 935 574 Limenia
954 518 1225 582 enuntiaremus

439 1549 564 1610 Hector
577 1547 757 1609 Leonelius

472 1648 563 1708 Patri
573 1647 700 1722 Jacobo
714 1645 863 1720 Laynez,
878 1645 1025 1705 Vieario.

507 1744 614 1820 Senis,
628 1744 647 1802 6
660 1743 865 1818 Septembris
880 1741 951 1804 1556
964 1743 986 1800 ¹.

950 1977 1049 2116 Jh†uS.

442 2277 519 2343 Pax
530 2272 587 2341 X}

442 2383 541 2464 Quae
555 2381 796 2464 superioribus
811 2391 964 2464 quatuor
978 2382 1168 2460 mensibus,
1181 2379 1249 2446 Dei
1258 2380 1340 2463 Opt.
1352 2380 1449 2447 Max.
1463 2397 1596 2447 munere

382 2509 425 2556 ac
439 2489 619 2570 beneficio,
636 2506 699 2572 per
715 2507 779 2553 nos
793 2498 875 2554 acta
890 2498 982 2568 sunt,
1000 2491 1320 2570 quantulacumque
1336 2508 1379 2554 ea
1400 2487 1597 2568 fuerintne

381 2597 569 2663 Societatis
588 2607 731 2661 nostrae
752 2597 1042 2661 consuetudinem
1067 2601 1271 2678 moremque
1297 2597 1493 2676 seruemus)
1512 2594 1597 2659 adtc

382 2704 601 2786 perscribere
616 2704 855 2768 necessarium
872 2703 1048 2796 duximus;
1061 2704 1097 2766 in
1109 2704 1236 2784 quibus
1247 2704 1469 2785 explicandis
1480 2705 1527 2768 ita
1539 2717 1597 2765 nos

381 2829 557 2893 geremus,
574 2820 612 2877 ut
628 2811 778 2893 primum
798 2829 819 2874 a
844 2810 994 2892 spiritali
1018 2810 1136 2876 fructu
1158 2811 1295 2875 initium
1317 2827 1510 2891 sumamus,
1531 2821 1596 2873 tum

381 2938 466 2984 uero
478 2919 524 2984 ad
534 2937 577 2982 ea
589 2935 679 2999 quae
691 2917 842 2997 collegii,
856 2934 947 2998 quae
958 2916 1222 2998 discipulorum,
1232 2934 1393 3000 quaeque
1405 2919 1514 2982 totius
1525 2926 1597 2980 sunt

382 3027 548 3104 ciuitatis,
566 3026 718 3091 breuiter
734 3025 941 3105 attingenda
956 3023 1236 3105 progrediamur.

440 3135 529 3200 Cum
543 3134 631 3198 haec
657 3132 743 3196 vrbs
757 3131 807 3212 (ut
826 3140 861 3195 te
876 3131 1019 3196 minime
1034 3130 1136 3211 lugit)
1152 3142 1187 3196 et
1202 3151 1223 3196 a
1244 3131 1380 3196 ciuibus
1398 3141 1435 3196 et
1453 3150 1474 3195 a
1490 3129 1599 3196 militi·

381 3243 445 3308 bus
460 3243 646 3320 incolatur,
663 3240 790 3304 mirum
811 3238 968 3320 proiecto
987 3249 1041 3303 est
1060 3247 1230 3319 quantum
1250 3255 1372 3303 omnes
1392 3238 1427 3303 in
1444 3238 1598 3303 omnibus

381 3369 452 3416 non
466 3349 616 3430 priuatis
630 3346 736 3412 modo
751 3355 857 3427 atque
872 3346 1085 3425 domesticis,
1098 3363 1222 3410 uerum
1236 3346 1343 3412 etiam
1354 3347 1391 3410 in
1410 3347 1597 3411 amicorum

382 3457 693 3540 proximorumque
707 3453 876 3535 negociis,
894 3464 1015 3518 nostra
1038 3471 1147 3535 opera
1168 3462 1324 3518 utantur.
1348 3453 1450 3532 Nam,
1474 3464 1512 3519 ut
1526 3453 1600 3518 hinc

381 3565 558 3643 exordiar,
578 3564 701 3627 mulier
721 3561 906 3643 quaedam,
928 3563 1026 3626 claro
1046 3561 1187 3642 quidem
1208 3577 1339 3642 genere
1356 3573 1452 3642 nata,
1476 3579 1555 3627 cum
1570 3560 1599 3622 in

380 3672 631 3753 grauissimum
650 3669 1056 3750 periculosissimumque
1075 3668 1238 3732 morbum
1263 3668 1466 3744 incidisset,
1497 3683 1601 3748 eoque

381 3779 566 3846 duodecim
581 3793 755 3843 annorum
770 3777 885 3858 spatio
906 3776 1115 3854 laborasset,
1136 3793 1201 3841 nec
1224 3777 1294 3840 ulia
1314 3777 1396 3840 huic
1415 3777 1539 3841 morbo
1553 3792 1599 3839 re·

381 3887 497 3950 media
512 3885 766 3964 inuenirentur,
783 3884 969 3964 desperata
986 3884 1110 3962 salute,
1129 3883 1271 3948 assidue
1285 3883 1320 3948 in
1340 3885 1431 3948 lecto
1452 3884 1599 3948 iacebat.

380 3993 429 4060 At
443 4011 529 4057 uero
544 4002 582 4057 ut
596 4003 757 4058 nostrum
772 3991 964 4056 aduentum
977 3991 1142 4070 uitaeque
1162 3991 1337 4055 rationem
1355 3992 1528 4074 percepit,
1544 4005 1601 4070 per

379 4102 547 4166 nuncium
562 4119 584 4163 a
603 4099 705 4164 nobis
724 4097 823 4178 petiit
849 4105 886 4161 ut
912 4114 991 4160 eam
1015 4097 1258 4173 inuiseremus,
1286 4097 1381 4178 quod
1401 4115 1467 4162 nos
1487 4093 1601 4161 libenti

380 4209 499 4273 animo
514 4207 672 4272 fecimus,
690 4203 781 4268 Nam
796 4215 829 4270 et
845 4221 923 4268 earn
942 4204 1129 4285 aliquoties
1148 4204 1399 4285 interuisimuS,
1421 4216 1455 4269 et
1476 4219 1600 4284 magno

379 4326 416 4380 ut
432 4325 525 4380 esset
542 4315 672 4394 animo,
691 4329 900 4394 omnemque
915 4329 1014 4393 spem
1033 4311 1296 4392 recuperandae
1316 4312 1441 4377 salutis
1461 4314 1497 4377 in
1517 4310 1599 4387 Deo,

418 4559 425 4592 i
456 4557 631 4612 Apograpbao
652 4556 746 4611 duplici
757 4555 827 4607 iolio,
835 4567 878 4600 nn.
887 4555 914 4598 ti
924 4561 949 4598 et
961 4554 1200 4618 iti.·-Deslderoturv
1212 4557 1407 4614 superscriptio:
1424 4563 1540 4605 attamen
1551 4557 1600 4602 nnl-

378 4633 430 4675 ium
440 4631 493 4674 iere
504 4629 609 4674 dubium
619 4639 675 4672 esse
691 4635 775 4683 potest
790 4629 850 4682 quin
862 4627 935 4671 Patri
952 4625 1056 4684 Laynez
1071 4627 1264 4682 superscriptae
1281 4628 1385 4682 inerint,
1402 4631 1475 4686 culos
1489 4631 1514 4676 in
1530 4630 1601 4675 Vico·

377 4705 442 4748 rium
459 4700 600 4746 Socictntir
617 4699 771 4745 Generntem
786 4699 878 4744 electio
894 4699 984 4754 ignota
998 4709 1055 4744 ense
1073 4711 1122 4744 non
1138 4705 1242 4756 poterat
1256 4701 1305 4745 boc
1320 4708 1435 4760 tempore
1451 4701 1546 4749 nostris
1560 4701 1599 4751 St·

378 4776 506 4822 nonsibus.
