3382 5528
779 505 950 564 erreana
967 519 1239 574 ounoatussrass

454 1530 600 1604 Joannes
614 1527 748 1590 Cuadra

490 1627 581 1687 Patri
594 1629 722 1702 ignatio
731 1629 777 1689 de
789 1629 929 1706 Loyola.

523 1725 715 1802 Methymna
729 1727 857 1802 Campi,
872 1729 908 1789 a]
919 1731 1068 1804 Augusti
1084 1729 1154 1791 1556
1167 1731 1186 1786 ⁸.

972 1969 1056 2082 nis

456 2260 657 2324 Admodum
672 2261 749 2324 R.⁶⁰
763 2263 799 2324 in
814 2261 955 2325 Christo
972 2261 1081 2325 Patri.

456 2367 618 2430 Gratiam
646 2378 681 2430 et
709 2369 991 2432 beneuolentiam
1020 2367 1150 2432 Christi
1179 2369 1263 2452 Jesu
1288 2369 1537 2451 Redemptoris
1559 2369 1612 2432 titn

398 2489 537 2554 semper
552 2485 717 2554 optamus
730 2477 931 2555 propitiam.

455 2580 554 2660 Quae
569 2581 801 2661 praecipienti
815 2582 878 2645 tibi
894 2581 1127 2662 significanda
1142 2600 1206 2664 per
1219 2583 1405 2662 epistolam
1417 2589 1610 2653 occurrunt,

395 2689 438 2751 de
454 2689 496 2751 iis
512 2705 597 2750 uero
618 2689 787 2766 maxime,
810 2707 996 2769 quaecum
1016 2689 1157 2768 pietatis
1178 2690 1295 2753 studio
1310 2699 1526 2771 sanctaeque
1544 2686 1610 2751 reli-

393 2796 511 2872 gionis
524 2796 631 2857 ullam
646 2795 776 2858 habere
792 2796 956 2858 uidentur
971 2795 1190 2872 affinitatem,
1207 2797 1332 2874 paucis
1353 2795 1607 2860 demonstrabo.

453 2900 631 2979 Principio
657 2902 770 2964 sacris
792 2900 1074 2964 confessionibus
1096 2919 1138 2964 ac
1161 2901 1289 2965 diuinis
1320 2903 1432 2981 epulis
1452 2900 1610 2966 Euchari·

392 3008 481 3071 stiae
494 3009 712 3088 frequentius
727 3007 917 3071 assuefacti
932 3008 1068 3071 maiora
1084 3008 1119 3070 in
1131 3007 1206 3070 dies
1217 3008 1312 3071 uitae
1323 3009 1492 3087 spiritalis
1508 3011 1611 3074 incre·

392 3124 509 3178 menta
536 3113 796 3194 quodammodo
822 3114 1016 3196 persentire
1043 3114 1256 3194 quotidianis
1282 3115 1535 3196 experimentis
1561 3115 1610 3177 dc·

390 3220 668 3302 prehenduntur.
684 3220 793 3300 Atqui
808 3239 865 3284 res
880 3223 947 3286 ista
963 3222 999 3284 in
1014 3222 1238 3285 scholasticis
1252 3220 1537 3286 adolescentibus
1551 3222 1612 3284 elu-

390 3337 447 3392 cet
460 3329 496 3392 in
510 3328 644 3409 primiS,
661 3329 706 3391 ad
722 3347 810 3408 quos
825 3331 956 3411 optima
972 3329 1115 3392 uiuendi
1129 3329 1302 3392 institutio
1313 3329 1497 3409 potissime
1512 3328 1613 3392 dimu-

390 3444 462 3498 nat.
478 3423 694 3514 Tragoedia,
712 3453 818 3516 quam
829 3435 939 3500 frater
952 3437 1127 3520 Josephus
1139 3433 1150 3465 ¹
1162 3436 1205 3498 de
1219 3436 1377 3519 Jeptaeo,
1391 3435 1501 3500 filiam
1516 3433 1614 3500 truci·

390 3541 506 3620 dante,
524 3542 733 3622 composuit,
750 3559 821 3604 non
835 3543 926 3606 citra
941 3544 1103 3622 plausum
1121 3542 1302 3621 ingentem
1321 3551 1355 3604 et
1374 3541 1498 3622 Jugem
1515 3542 1615 3607 totius

389 3650 508 3730 populi
522 3648 815 3712 acclamationem
829 3648 1016 3728 publicitus
1038 3657 1119 3710 acta
1139 3657 1207 3722 est;
1224 3658 1259 3710 et
1278 3658 1420 3727 praeter
1434 3648 1613 3713 incredibi-

388 3757 457 3819 lem
471 3755 624 3819 lructum
640 3754 799 3818 classicis
818 3756 949 3819 nostris
968 3755 1049 3818 inde
1069 3753 1351 3834 proficiscentem
1371 3763 1406 3817 et
1420 3755 1549 3820 miram
1569 3755 1613 3817 in·

387 3864 484 3943 genii
508 3862 771 3940 dexteritatem,
798 3862 971 3942 arguebat
996 3862 1030 3925 in
1057 3878 1168 3941 puero
1193 3861 1302 3924 ueluti
1324 3861 1506 3940 specimen
1532 3860 1613 3941 opti·

386 3987 492 4046 mum,
507 3969 601 4050 quod
612 3969 845 4032 certissimam
857 3967 959 4032 nobis
970 3967 1109 4030 suturae
1121 3967 1248 4030 indolis
1259 3966 1425 4031 fiduciam
1434 3969 1613 4034 confirma·

388 4076 460 4156 bat,
480 4086 514 4138 et
530 4076 636 4156 (quod
651 4075 801 4154 amplius
815 4074 887 4153 est)
902 4074 1053 4138 sormam
1068 4075 1150 4138 hinc
1170 4075 1259 4137 bene
1278 4074 1423 4139 uiuendi
1443 4085 1613 4157 spectato·

387 4201 445 4247 res
460 4184 655 4246 hauserunt
669 4199 740 4244 vna
756 4199 836 4244 cum
851 4183 983 4261 optima
998 4182 1197 4245 animorum
1212 4179 1470 4246 aedificatione.

445 4289 601 4353 Etribus
616 4299 744 4366 autem,
768 4305 857 4369 quos
879 4289 1051 4352 hactenus
1073 4287 1109 4350 in
1132 4287 1350 4367 spiritalibus
1375 4290 1559 4354 exercitiis
1569 4288 1610 4352 ad

386 4406 529 4462 nostrae
544 4396 730 4461 Societatis
745 4412 905 4458 normam
928 4395 1206 4474 instruebamuS,
1228 4397 1389 4475 regulam
1412 4397 1481 4459 sibi
1504 4405 1613 4460 cartu·

421 4680 429 4713 Ι
459 4678 647 4732 autographae
657 4678 732 4720 unico
743 4677 811 4730 tollo,
825 4687 849 4720 n.
861 4675 913 4720 375.

420 4751 432 4783 ¹
461 4751 504 4795 Fr.
515 4750 643 4805 Josepbus
653 4749 683 4791 de
694 4749 804 4792 Acosta.
