3368 5528
657 525 721 588 Au.
743 524 813 590 1550
1187 532 1234 596 b·-
1295 523 1347 588 591

118 721 122 726 -
175 671 289 740 Ducis
305 672 434 740 Vrbini
449 675 591 752 coniux,
609 673 842 754 cumssduabus
855 673 936 736 filiis
951 683 986 736 et
1001 689 1132 752 magno
1148 673 1234 736 satis
1247 674 1353 738 comi·

113 791 208 860 tatu,
226 797 308 846 cum
321 782 504 862 religionis
517 782 636 862 gratia
648 791 683 844 et
693 780 837 844 votiuae
848 779 1146 860 peregrinationis
1158 780 1227 843 huc
1239 781 1354 844 uenis·
1416 843 1420 852 ,
1467 779 1470 786 ’

113 899 183 967 set,
201 888 282 969 ipsa
296 897 332 952 et
349 887 443 953 filiae
465 898 501 953 et
521 889 658 970 reliqua
678 887 793 951 omnis
812 887 918 950 simul
937 887 1102 950 clientela
1121 895 1265 950 nostros
1282 887 1349 950 sibi

111 1011 194 1058 essa
208 992 406 1058 voluerunt
420 995 671 1060 confessarios.
686 993 805 1075 Atque
819 994 913 1058 idem
933 994 1117 1074 pari-erga
1137 989 1352 1058 Societatem

111 1103 365 1166 beneuolentia
380 1113 530 1182 egerunt
545 1101 587 1167 R.
602 1101 796 1181 Marchiae,
812 1101 888 1165 siue
900 1100 1032 1176 Piceni,
1043 1113 1079 1164 et
1089 1099 1119 1164 F
1120 1101 1352 1166 irmianorum

111 1208 393 1289 Gubernatores,
416 1210 547 1292 aliique
565 1187 726 1291 primarii
745 1209 824 1288 uiri,
847 1218 1019 1290 quotquot
1037 1207 1149 1273 ierme
1162 1217 1225 1272 aut
1239 1226 1284 1273 ex
1299 1209 1351 1272 iti·

110 1334 199 1381 nere
215 1316 285 1380 huc
300 1316 531 1396 diuerterunt,
549 1325 610 1380 aut
624 1315 742 1384 dedita
757 1332 866 1396 opera
881 1307 1066 1380 ueneruntss
1082 1314 1251 1395 Magnam
1264 1332 1349 1380 uero

110 1421 288 1488 laetitiam
302 1435 338 1487 ct
352 1425 572 1505 uoluptatem
586 1423 829 1505 percipiebant
844 1423 904 1486 ubi
925 1423 1019 1487 hanc
1038 1423 1226 1487 ecclesiam
1247 1440 1269 1485 a
1289 1421 1350 1487 So·

111 1532 246 1594 cietate
261 1540 387 1594 nostra
402 1531 645 1595 administrari
658 1540 759 1594 tanta
772 1530 959 1594 sedulitate
974 1530 1234 1595 intellexerunt.
1251 1529 1291 1593 ln
1307 1549 1350 1594 ea

111 1639 308 1702 conciones
322 1637 464 1718 quidem
479 1637 578 1717 liunt,
595 1637 813 1718 quandoper
829 1647 971 1701 caetera
987 1637 1070 1701 licet
1088 1635 1214 1717 officia,
1237 1647 1271 1701 et
1293 1653 1350 1718 pe·

112 1746 343 1826 regrinorum
355 1743 555 1827 frequentia
570 1745 605 1810 id
618 1746 763 1827 patitur,
781 1756 842 1810 aut
853 1761 916 1808 eas
927 1743 1157 1808 aduenientes
1166 1745 1349 1826 principes

112 1867 222 1935 atque
237 1853 428 1935 optimates
442 1856 634 1934 postulant.
650 1853 840 1918 Lectiones
853 1870 900 1916 ex
914 1869 1018 1917 sacra
1032 1849 1216 1934 Scriptura
1228 1852 1347 1933 singu·

113 1965 155 2028 lis
170 1961 370 2042 quibusque
383 1959 483 2024 iestis
498 1961 621 2024 diebus
634 1978 677 2024 ac
691 1961 889 2039 dominicis
906 1975 1011 2024 casus
1026 1969 1145 2024 autem
1164 1960 1350 2023 conscien-

112 2071 197 2146 tiae,
214 2069 259 2132 iis
273 2069 444 2148 exceptis
460 2085 524 2148 per
543 2069 699 2150 reliquos
720 2069 796 2132 dies
819 2067 1061 2132 hebdomadae
1080 2068 1347 2148 praeleguntur.
1396 2151 1398 2156 ,

111 2176 150 2241 ln
166 2176 302 2257 oppido
316 2185 351 2238 et
365 2175 591 2240 xenodochio
605 2176 808 2257 frequentes
822 2174 935 2238 nostri
949 2175 1192 2238 adolescentes
1207 2174 1349 2239 concio·

116 2285 302 2348 natisunt.

172 2391 369 2456 Lauretani
383 2391 530 2456 iuuenes
543 2392 752 2457 societatem
766 2392 958 2472 quamdam
972 2392 1137 2471 inierunt,
1155 2401 1189 2456 et
1203 2408 1349 2472 praece·

112 2502 185 2582 ptis
212 2500 258 2562 de
286 2499 444 2564 uitandis
466 2498 665 2564 maledictis
689 2515 732 2562 ac
757 2500 1001 2580 blasphemiis,
1027 2499 1071 2564 de
1096 2499 1351 2580 componendis

111 2613 206 2672 inter
221 2625 261 2671 se
272 2607 471 2687 discordiis
487 2607 531 2671 de
545 2606 810 2688 frequentandis
825 2606 941 2686 magis
955 2623 1061 2687 quam
1072 2606 1190 2672 adhuc
1202 2624 1350 2672 consue·

111 2719 252 2781 uissent
276 2715 512 2780 sanctissimis
537 2715 782 2796 sacramentis,
805 2733 849 2779 ex
869 2714 1015 2779 Patrum
1033 2715 1268 2796 quorumdam
1290 2732 1348 2778 no·

112 2838 273 2889 strorum
288 2825 504 2888 authoritate
519 2832 554 2887 et
569 2823 729 2904 consilio,
746 2839 824 2886 sese
839 2822 1116 2887 obstrinxerunt.

174 2933 216 2996 ln
240 2949 280 2994 re
303 2932 462 2995 literaria
490 2929 577 2995 liunt
606 2929 803 2995 mediocres
830 2940 865 2994 et
892 2947 1116 3011 nequaquam
1143 2929 1348 3012 poenitendi

112 3055 343 3120 progressus.
363 3037 546 3102 Docentur
560 3053 693 3118 graeca
708 3048 742 3102 et
757 3039 879 3118 latina,
893 3049 999 3118 atque
1014 3039 1050 3102 in
1065 3048 1215 3120 utraque
1227 3039 1350 3119 lingua

112 3163 219 3212 suam
234 3147 381 3228 quisque
399 3146 619 3223 facultatem,
642 3148 735 3227 stylo
754 3155 789 3210 et
809 3147 1001 3226 scriptione
1022 3147 1350 3228 exercitationeque

112 3256 321 3336 memoriae,
338 3253 462 3320 sedulo
482 3253 662 3336 adaugere
682 3255 720 3318 in
738 3255 814 3318 dies
834 3253 964 3318 studet.
985 3254 1213 3334 componunt
1233 3255 1353 3320 rheto-

111 3363 181 3428 rici
194 3363 484 3442 declamationes,
501 3372 536 3426 et
551 3360 780 3426 conficiendis
795 3362 958 3426 uersibus
969 3372 1191 3427 exercentur.
1205 3361 1349 3428 Confes-

112 3471 203 3536 sarii
224 3479 344 3534 autem
363 3472 476 3536 nostri
495 3470 684 3534 lectionem
705 3469 749 3534 de
768 3471 909 3534 casibus
928 3469 1164 3534 consctbntiae
1181 3470 1348 3550 audebat,

113 3581 150 3644 in
165 3596 238 3660 quo
254 3595 399 3642 munere
413 3577 587 3657 Magister
599 3577 682 3641 Pisa
701 3577 863 3641 omnibus
883 3579 1010 3642 mirum
1029 3578 1064 3642 in
1085 3579 1228 3644 modum
1247 3577 1348 3642 satis·

112 3687 215 3751 lacit:
231 3703 278 3750 ex
297 3685 422 3750 eodem
443 3684 691 3766 Porphyrium,
714 3703 759 3749 ex
779 3685 951 3766 Magistro
972 3686 1111 3750 Erardo
1125 3686 1349 3750 dialecticam

113 3793 165 3858 lo.
183 3793 347 3858 Caesarii
360 3792 518 3859 audiunt.

177 3900 235 3965 Ad
249 3901 427 3990 perfectae
442 3912 560 3965 autem
575 3901 757 3982 religionis
768 3911 803 3966 et
813 3901 955 3983 pietatis
971 3903 1006 3966 in
1020 3911 1145 3966 sancta
1157 3901 1348 3967 vocatione

113 4011 374 4074 incrementum
398 4025 550 4089 magnus
574 4009 611 4072 in
637 4009 713 4074 dies
732 4011 894 4074 cumulus
912 4011 948 4073 in
970 4009 1101 4074 nostris
1123 4009 1262 4076 uidetur
1292 4027 1349 4075 ac·

113 4118 258 4197 cedere,
281 4117 367 4182 dum
394 4133 640 4199 quaecumque
659 4119 705 4181 ad
724 4117 941 4198 frangendos
967 4117 1253 4200 euincendosque
1277 4135 1348 4183 non

113 4238 235 4290 rectos
268 4226 468 4290 animorum
506 4235 624 4290 motus
658 4225 830 4308 proficere
870 4226 1086 4306 intelligunt,
1121 4227 1348 4308 cupidissime

112 4345 328 4414 exposcunt,
357 4345 465 4415 atque
491 4350 621 4415 magna
652 4351 733 4400 cum
758 4333 982 4414 superiorum
1013 4337 1194 4416 uoluptate
1220 4337 1348 4415 ample·

114 4449 275 4506 ciuntur.

176 4547 271 4613 Ecce
285 4549 360 4629 tibi,
373 4548 447 4613 Rae
467 4548 585 4629 Pater,
602 4565 692 4629 quae
706 4550 830 4634 paucis
844 4550 1024 4616 mensibus
1035 4550 1093 4615 hic
1105 4568 1168 4634 per
1179 4560 1252 4616 tam
1267 4569 1348 4616 con·

113 4667 251 4743 tempta
266 4658 500 4726 instrumenta
523 4655 602 4724 X.¹⁴³
622 4657 759 4744 effecit,
777 4663 810 4726 et
832 4659 869 4728 iu
882 4632 1141 4742 posterumper
1163 4665 1249 4730 tuas
1266 4677 1347 4728 san·

114 4765 300 4833 ctr'sst'mas
316 4766 500 4830 orationes
514 4782 555 4828 ac
569 4766 749 4846 sacrificia
765 4768 902 4832 maiora
911 4767 1178 4849 praestiturum
1189 4769 1353 4834 eumdem
