3436 5526
390 529 445 592 620
775 527 947 593 errnerr
965 547 1238 602 Qnrnnrunsrrus

386 676 452 742 Fui
468 678 609 759 quidem
622 679 659 743 in
673 679 827 745 diversis
840 679 908 762 piis
928 679 1088 760 negociis
1110 689 1320 762 occupatus,
1337 687 1372 743 et
1386 675 1513 759 saepius
1531 687 1577 736 va·

387 784 540 851 lctudine
555 787 716 868 corporis
729 788 902 863 laboravi3
920 787 983 851 sed
998 787 1042 850 ob
1057 788 1126 852 hoc
1142 807 1162 852 a
1179 787 1291 852 solitis
1302 803 1373 850 non
1384 782 1491 850 destiti
1500 796 1580 845 exer·

387 893 491 974 citiis,
507 894 739 959 consessionis
753 894 857 976 (quae
869 895 924 959 his
935 894 1060 960 diebus
1073 894 1290 976 frequentior
1302 893 1378 972 fuit)
1390 903 1424 957 et
1435 889 1521 956 verbi
1530 886 1582 950 Dei

387 1002 663 1084 praedicationis
676 1000 697 1082 ’ς
712 1003 794 1067 licet
810 1002 846 1066 in
860 1003 1011 1083 singulis
1024 1001 1148 1067 diebus
1159 1001 1258 1066 sestis
1269 1009 1303 1066 et
1314 997 1490 1066 dominicis
1503 1009 1581 1076 prae·

387 1109 512 1185 dicem,
529 1117 647 1173 tamen
663 1108 708 1173 ud
723 1109 924 1173 doctrinam
938 1108 1172 1174 christianam
1187 1125 1292 1190 quarn
1307 1108 1359 1172 eis
1373 1103 1508 1186 singulis
1526 1101 1581 1164 die·

383 1218 453 1281 ‘bus
467 1217 620 1294 veneriS,
637 1217 673 1280 in
685 1215 800 1280 medio
812 1215 943 1297 oppidi,
961 1233 1033 1280 rem
1046 1216 1204 1280 divinam
1215 1215 1351 1280 faciens
1366 1225 1401 1279 et
1411 1216 1493 1278 lecto
1502 1207 1581 1290 prius

388 1323 587 1404 evangelio,
614 1339 792 1404 propono,
818 1324 934 1388 maior
955 1341 1042 1405 pars
1066 1323 1188 1406 populi
1211 1323 1402 1387 concurrit.
1424 1319 1513 1386 Unde
1528 1316 1583 1377 ian

389 1439 618 1496 consecutum
639 1429 651 1462 ¹
673 1440 727 1495 est
747 1439 786 1495 ut
804 1433 935 1512 piures,
962 1432 1022 1512 qui
1046 1432 1166 1496 multis
1186 1429 1288 1495 annis
1309 1429 1446 1494 fuerant
1465 1419 1582 1494 inimici,

388 1539 510 1603 iamin
525 1546 684 1602 mutuam
697 1537 867 1602 redierint
883 1539 1088 1618 amicitiam
1104 1541 1292 1620 pluresque
1306 1527 1582 1606 dissentientes,in

387 1647 434 1726 id,
452 1647 546 1728 quod
560 1646 692 1710 iustum
705 1654 794 1725 erat,
810 1647 1055 1726 convenerint,
1072 1654 1107 1710 et
1121 1646 1180 1728 qui
1194 1646 1310 1711 aliena
1324 1643 1529 1715 detinebant,
1542 1649 1583 1698 re·

390 1753 609 1818 stitutionem
623 1752 783 1817 fecerint.

448 1860 603 1941 Tempus
617 1876 716 1938 vero,
733 1860 828 1941 quod
848 1861 935 1926 mihi
954 1859 1142 1943 superfuit,
1166 1859 1290 1925 studiis
1310 1857 1456 1941 privatis
1472 1849 1540 1917 dedi
1552 1861 1585 1908 ac

389 1969 497 2033 libros
516 1981 691 2049 genescos
714 1975 750 2031 et
774 1969 882 2032 exodi
906 1987 948 2034 ac
973 1985 1202 2034 numerorum
1226 1984 1359 2048 graeco
1388 1977 1422 2031 et
1446 1954 1584 2028 hebraico

388 2094 564 2158 sermone,
580 2077 807 2158 evangelium
821 2079 930 2141 ctiam
944 2075 1116 2141 Matthaei
1130 2091 1312 2155 graecum,
1326 2071 1466 2156 perlegi.
1481 2066 1546 2131 Has
1557 2059 1585 2122 li·

390 2195 484 2250 teras
499 2184 673 2248 hebraeas
693 2182 736 2249 R.
758 2183 796 2247 P.
819 2183 985 2248 Andreae
999 2183 1127 2248 Frusio
1147 2183 1274 2265 scripsi
1294 2192 1332 2246 ut
1353 2182 1411 2246 ille
1429 2173 1520 2243 nobis
1537 2164 1584 2231 ali·

393 2290 537 2374 quidde
552 2307 617 2355 suo
632 2292 882 2356 communicet.

448 2397 569 2477 Italae,
586 2415 632 2462 ex
646 2401 864 2464 monasterio
881 2398 941 2463 S.²¹
959 2399 1055 2464 Petri
1075 2407 1109 2463 et
1124 2397 1236 2477 Pauli,
1253 2397 1389 2462 ordinis
1403 2393 1460 2460 Si¹
1474 2379 1584 2455 Basilii.

452 2503 493 2570 30
506 2504 714 2570 Decembris
732 2499 821 2571 1556.

558 2611 600 2677 R.
616 2611 661 2677 V.
678 2613 811 2679 inutilis
826 2631 964 2694 servus,

1301 2827 1452 2894 Dnutnn.

449 3152 496 3215 In
509 3149 626 3215 altera
641 3152 831 3236 utriusque
843 3152 1054 3235 apographi
1066 3151 1223 3234 pagina,
1237 3149 1312 3214 air'a
1326 3141 1487 3223 manu:†
1504 3129 1586 3202 Itala,
1672 3115 1673 3118 ¹

389 3257 430 3324 30
445 3257 653 3324 Decembris
673 3259 759 3325 1556.

451 3367 498 3430 In
522 3365 676 3431 alterius
699 3369 821 3432 eadem
842 3367 1000 3451 pagina,
1027 3369 1090 3432 sed
1113 3366 1224 3431 tertia
1247 3366 1404 3447 quadam
1429 3331 1587 3428 manm56
1634 3397 1636 3402 ·

391 3473 479 3540 Itala
492 3473 605 3538 Decb.

431 3754 439 3789 ¹
468 3755 558 3799 Verba
568 3756 633 3800 hacc
644 3758 668 3800 et
679 3757 824 3801 dominicis
831 3757 999 3811 praedicem,
1012 3759 1104 3799 tamen
1120 3754 1156 3798 nd
1166 3755 1317 3799 doctrinam
1334 3729 1585 3798 corrationarmi'w'*
1671 3791 1672 3810 ἶ

391 3829 430 3870 ets
441 3827 557 3880 singuiis
567 3827 662 3871 diebus
672 3829 697 3872 tn
707 3829 791 3873 altero
801 3829 918 3883 exemplo
926 3839 942 3871 a
953 3827 1059 3872 librario
1070 3828 1256 3882 praetermissa
1265 3826 1370 3880 scripsit
1385 3833 1458 3870 manu
1471 3807 1559 3870 t’fwf'*
1572 3800 1586 3903 Γ

392 3899 503 3954 paginae
513 3911 558 3943 ora
569 3900 623 3955 ipse
634 3899 726 3946 Dsniei
737 3934 744 3957 ,
758 3901 833 3956 signo
846 3906 874 3944 nt
891 3901 933 3944 hic
948 3901 1125 3945 insererentur
1135 3900 1269 3954 apposito,
1285 3906 1314 3944 ut
1324 3898 1422 3943 dictum
1431 3897 1467 3941 cst
1485 3885 1506 3928 in
1516 3876 1570 3920 rnna
1581 3890 1586 3901 ·
1671 3872 1672 3916 t

391 3972 566 4028 prrecedenrt.

430 4044 442 4077 ¹
470 4043 629 4089 Consuetum
639 4044 752 4092 habebat
762 4047 823 4092 oiim
834 4045 1106 4103 utrumqneexemp103
1117 4043 1162 4088 sed
1173 4041 1334 4088 emendatum
1345 4050 1386 4088 est
1396 4042 1421 4087 tn
1430 4035 1516 4084 attero·
