<?xml version="1.0" encoding="UTF-8"?>
<!DOCTYPE html PUBLIC "-//W3C//DTD XHTML 1.0 Transitional//EN"
    "http://www.w3.org/TR/xhtml1/DTD/xhtml1-transitional.dtd">
<html xmlns="http://www.w3.org/1999/xhtml" xml:lang="en" lang="en">
 <head>
  <title>
</title>
<meta http-equiv="Content-Type" content="text/html;charset=utf-8" />
  <meta name='ocr-system' content='tesseract 3.04.00' />
  <meta name='ocr-capabilities' content='ocr_page ocr_carea ocr_par ocr_line ocrx_word'/>
</head>
<body>
  <div class='ocr_page' id='page_1' title='image "./litteraequadrim00jesugoog/litteraequadrim00jesugoog_0267.png"; bbox 0 0 3472 5528; ppageno 0'>
   <div class='ocr_carea' id='block_1_1' title="bbox 636 520 1322 580">
    <p class='ocr_par' dir='ltr' id='par_1_1' title="bbox 636 520 1322 580">
     <span class='ocr_line' id='line_1_1' title="bbox 636 520 1322 580; baseline -0.004 0"><span class='ocrx_word' id='word_1_1' title='bbox 636 520 699 580; x_wconf 85' lang='lat' dir='ltr'><strong>Au.</strong></span> <span class='ocrx_word' id='word_1_2' title='bbox 723 520 792 580; x_wconf 80' lang='lat'>1556</span> <span class='ocrx_word' id='word_1_3' title='bbox 1273 521 1322 578; x_wconf 76' lang='lat' dir='ltr'><strong>ubl</strong></span> 
     </span>
    </p>
   </div>
   <div class='ocr_carea' id='block_1_2' title="bbox 94 667 1327 4190">
    <p class='ocr_par' dir='ltr' id='par_1_2' title="bbox 94 667 1327 1182">
     <span class='ocr_line' id='line_1_2' title="bbox 95 667 1326 750; baseline -0.003 -16"><span class='ocrx_word' id='word_1_4' title='bbox 95 669 246 736; x_wconf 85' lang='lat' dir='ltr'><strong>Romam</strong></span> <span class='ocrx_word' id='word_1_5' title='bbox 261 669 458 750; x_wconf 89' lang='lat' dir='ltr'><strong>perscripta</strong></span> <span class='ocrx_word' id='word_1_6' title='bbox 473 677 565 732; x_wconf 91' lang='lat' dir='ltr'><strong>sunt.</strong></span> <span class='ocrx_word' id='word_1_7' title='bbox 583 668 684 732; x_wconf 89' lang='lat' dir='ltr'>Alter</span> <span class='ocrx_word' id='word_1_8' title='bbox 705 667 849 732; x_wconf 88' lang='lat' dir='ltr'><strong>Oratius</strong></span> <span class='ocrx_word' id='word_1_9' title='bbox 871 668 1013 748; x_wconf 89' lang='lat' dir='ltr'><strong>gentilis</strong></span> <span class='ocrx_word' id='word_1_10' title='bbox 1031 672 1051 747; x_wconf 83' lang='lat'><strong>¹,</strong></span> <span class='ocrx_word' id='word_1_11' title='bbox 1068 668 1112 732; x_wconf 89' lang='lat' dir='ltr'><strong>de</strong></span> <span class='ocrx_word' id='word_1_12' title='bbox 1127 685 1196 749; x_wconf 92' lang='lat' dir='ltr'><strong>quo</strong></span> <span class='ocrx_word' id='word_1_13' title='bbox 1219 667 1326 730; x_wconf 89' lang='lat' dir='ltr'><strong>ctiam</strong></span> 
     </span>
     <span class='ocr_line' id='line_1_3' title="bbox 94 774 1322 860; baseline -0.003 -18"><span class='ocrx_word' id='word_1_14' title='bbox 94 779 256 860; x_wconf 88' lang='lat' dir='ltr'><strong>pluribus</strong></span> <span class='ocrx_word' id='word_1_15' title='bbox 271 775 561 842; x_wconf 78' lang='lat' dir='ltr'><strong>R.&lt;¹·Paternitas</strong></span> <span class='ocrx_word' id='word_1_16' title='bbox 576 776 652 842; x_wconf 89' lang='lat' dir='ltr'><strong>Tua</strong></span> <span class='ocrx_word' id='word_1_17' title='bbox 668 777 796 840; x_wconf 83' lang='lat' dir='ltr'>certior</span> <span class='ocrx_word' id='word_1_18' title='bbox 817 775 912 840; x_wconf 86' lang='lat' dir='ltr'><strong>facta</strong></span> <span class='ocrx_word' id='word_1_19' title='bbox 932 783 995 839; x_wconf 93' lang='lat' dir='ltr'><strong>est:</strong></span> <span class='ocrx_word' id='word_1_20' title='bbox 1020 774 1150 858; x_wconf 87' lang='lat' dir='ltr'>quippe</span> <span class='ocrx_word' id='word_1_21' title='bbox 1173 776 1233 856; x_wconf 91' lang='lat' dir='ltr'><strong>qui</strong></span> <span class='ocrx_word' id='word_1_22' title='bbox 1253 791 1322 838; x_wconf 90' lang='lat' dir='ltr'><strong>ma·</strong></span> 
     </span>
     <span class='ocr_line' id='line_1_4' title="bbox 95 883 1325 965; baseline -0.003 -15"><span class='ocrx_word' id='word_1_23' title='bbox 95 887 232 951; x_wconf 88' lang='lat' dir='ltr'><strong>ximum</strong></span> <span class='ocrx_word' id='word_1_24' title='bbox 270 884 491 949; x_wconf 84' lang='lat' dir='ltr'><strong>constantiae</strong></span> <span class='ocrx_word' id='word_1_25' title='bbox 530 884 709 965; x_wconf 89' lang='lat' dir='ltr'><strong>specimen</strong></span> <span class='ocrx_word' id='word_1_26' title='bbox 742 884 914 948; x_wconf 89' lang='lat' dir='ltr'><strong>aduersus</strong></span> <span class='ocrx_word' id='word_1_27' title='bbox 946 885 1087 962; x_wconf 66' lang='lat' dir='ltr'><strong>multas</strong></span> <span class='ocrx_word' id='word_1_28' title='bbox 1115 892 1188 946; x_wconf 90' lang='lat' dir='ltr'><strong>tum</strong></span> <span class='ocrx_word' id='word_1_29' title='bbox 1214 883 1325 963; x_wconf 86' lang='lat' dir='ltr'><strong>patris</strong></span> 
     </span>
     <span class='ocr_line' id='line_1_5' title="bbox 94 990 1327 1073; baseline -0.005 -15"><span class='ocrx_word' id='word_1_30' title='bbox 94 996 165 1073; x_wconf 88' lang='lat' dir='ltr'><strong>sui,</strong></span> <span class='ocrx_word' id='word_1_31' title='bbox 180 1001 255 1058; x_wconf 90' lang='lat' dir='ltr'><strong>tum</strong></span> <span class='ocrx_word' id='word_1_32' title='bbox 269 1009 487 1058; x_wconf 89' lang='lat' dir='ltr'><strong>summorum</strong></span> <span class='ocrx_word' id='word_1_33' title='bbox 502 991 849 1072; x_wconf 86' lang='lat' dir='ltr'><strong>clarissimorumque</strong></span> <span class='ocrx_word' id='word_1_34' title='bbox 860 991 1029 1070; x_wconf 90' lang='lat' dir='ltr'><strong>uirorum,</strong></span> <span class='ocrx_word' id='word_1_35' title='bbox 1043 990 1327 1072; x_wconf 83' lang='lat' dir='ltr'><strong>oppugnationes</strong></span> 
     </span>
     <span class='ocr_line' id='line_1_6' title="bbox 95 1101 285 1182; baseline -0.011 -16"><span class='ocrx_word' id='word_1_36' title='bbox 95 1101 285 1182; x_wconf 87' lang='lat' dir='ltr'><strong>praestitit.</strong></span> 
     </span>
    </p>

    <p class='ocr_par' dir='ltr' id='par_1_3' title="bbox 94 1205 1327 1936">
     <span class='ocr_line' id='line_1_7' title="bbox 159 1205 1326 1288; baseline -0.004 -15"><span class='ocrx_word' id='word_1_37' title='bbox 159 1205 239 1272; x_wconf 93' lang='lat' dir='ltr'><strong>Duo</strong></span> <span class='ocrx_word' id='word_1_38' title='bbox 255 1209 397 1273; x_wconf 89' lang='lat' dir='ltr'><strong>demum</strong></span> <span class='ocrx_word' id='word_1_39' title='bbox 408 1205 555 1286; x_wconf 89' lang='lat' dir='ltr'><strong>juuenes</strong></span> <span class='ocrx_word' id='word_1_40' title='bbox 570 1225 615 1272; x_wconf 85' lang='lat' dir='ltr'><strong>ex</strong></span> <span class='ocrx_word' id='word_1_41' title='bbox 630 1207 820 1286; x_wconf 90' lang='lat' dir='ltr'><strong>Cossenza,</strong></span> <span class='ocrx_word' id='word_1_42' title='bbox 838 1207 895 1288; x_wconf 90' lang='lat' dir='ltr'><strong>qui</strong></span> <span class='ocrx_word' id='word_1_43' title='bbox 912 1206 980 1270; x_wconf 91' lang='lat' dir='ltr'><strong>hoc</strong></span> <span class='ocrx_word' id='word_1_44' title='bbox 1001 1215 1158 1287; x_wconf 89' lang='lat' dir='ltr'><strong>tempore</strong></span> <span class='ocrx_word' id='word_1_45' title='bbox 1178 1205 1326 1285; x_wconf 87' lang='lat' dir='ltr'><strong>Neapoli</strong></span> 
     </span>
     <span class='ocr_line' id='line_1_8' title="bbox 96 1313 1326 1397; baseline -0.003 -17"><span class='ocrx_word' id='word_1_46' title='bbox 96 1316 166 1380; x_wconf 90' lang='lat' dir='ltr'><strong>iuri</strong></span> <span class='ocrx_word' id='word_1_47' title='bbox 181 1314 276 1381; x_wconf 90' lang='lat' dir='ltr'><strong>ciuili</strong></span> <span class='ocrx_word' id='word_1_48' title='bbox 291 1331 437 1397; x_wconf 87' lang='lat' dir='ltr'><strong>operam</strong></span> <span class='ocrx_word' id='word_1_49' title='bbox 452 1314 642 1392; x_wconf 88' lang='lat' dir='ltr'><strong>nauabant,</strong></span> <span class='ocrx_word' id='word_1_50' title='bbox 659 1331 739 1378; x_wconf 86' lang='lat' dir='ltr'><strong>curn</strong></span> <span class='ocrx_word' id='word_1_51' title='bbox 754 1314 899 1378; x_wconf 86' lang='lat' dir='ltr'><strong>biduum</strong></span> <span class='ocrx_word' id='word_1_52' title='bbox 914 1314 1047 1378; x_wconf 88' lang='lat' dir='ltr'><strong>sanctis</strong></span> <span class='ocrx_word' id='word_1_53' title='bbox 1062 1313 1326 1394; x_wconf 89' lang='lat' dir='ltr'><strong>contemplatio·</strong></span> 
     </span>
     <span class='ocr_line' id='line_1_9' title="bbox 94 1419 1327 1504; baseline -0.004 -16"><span class='ocrx_word' id='word_1_54' title='bbox 94 1423 201 1488; x_wconf 89' lang='lat' dir='ltr'><strong>nibus</strong></span> <span class='ocrx_word' id='word_1_55' title='bbox 216 1423 273 1488; x_wconf 87' lang='lat' dir='ltr'><strong>hic</strong></span> <span class='ocrx_word' id='word_1_56' title='bbox 288 1423 381 1504; x_wconf 90' lang='lat' dir='ltr'><strong>apud</strong></span> <span class='ocrx_word' id='word_1_57' title='bbox 396 1439 461 1486; x_wconf 93' lang='lat' dir='ltr'><strong>nos</strong></span> <span class='ocrx_word' id='word_1_58' title='bbox 475 1423 745 1503; x_wconf 85' lang='lat' dir='ltr'><strong>transegissent,</strong></span> <span class='ocrx_word' id='word_1_59' title='bbox 768 1421 887 1486; x_wconf 88' lang='lat' dir='ltr'><strong>diuino</strong></span> <span class='ocrx_word' id='word_1_60' title='bbox 910 1421 1050 1502; x_wconf 92' lang='lat' dir='ltr'><strong>impulsi</strong></span> <span class='ocrx_word' id='word_1_61' title='bbox 1069 1419 1202 1498; x_wconf 89' lang='lat' dir='ltr'><strong>afflatu,</strong></span> <span class='ocrx_word' id='word_1_62' title='bbox 1225 1419 1327 1485; x_wconf 92' lang='lat' dir='ltr'><strong>nobis</strong></span> 
     </span>
     <span class='ocr_line' id='line_1_10' title="bbox 95 1527 1326 1610; baseline -0.003 -14"><span class='ocrx_word' id='word_1_63' title='bbox 95 1549 136 1596; x_wconf 85' lang='lat' dir='ltr'><strong>se</strong></span> <span class='ocrx_word' id='word_1_64' title='bbox 149 1530 376 1596; x_wconf 89' lang='lat' dir='ltr'><strong>adnumerari</strong></span> <span class='ocrx_word' id='word_1_65' title='bbox 396 1530 484 1594; x_wconf 89' lang='lat' dir='ltr'><strong>uelle</strong></span> <span class='ocrx_word' id='word_1_66' title='bbox 507 1529 682 1595; x_wconf 90' lang='lat' dir='ltr'><strong>dixerunt:</strong></span> <span class='ocrx_word' id='word_1_67' title='bbox 705 1529 776 1610; x_wconf 92' lang='lat' dir='ltr'><strong>qui,</strong></span> <span class='ocrx_word' id='word_1_68' title='bbox 800 1529 969 1594; x_wconf 90' lang='lat' dir='ltr'><strong>institutis</strong></span> <span class='ocrx_word' id='word_1_69' title='bbox 990 1527 1326 1609; x_wconf 88' lang='lat' dir='ltr'><strong>contemplationum</strong></span> 
     </span>
     <span class='ocr_line' id='line_1_11' title="bbox 94 1636 1326 1718; baseline -0.002 -15"><span class='ocrx_word' id='word_1_70' title='bbox 94 1637 222 1703; x_wconf 88' lang='lat' dir='ltr'><strong>studiis</strong></span> <span class='ocrx_word' id='word_1_71' title='bbox 237 1637 354 1702; x_wconf 88' lang='lat' dir='ltr'><strong>adhuc</strong></span> <span class='ocrx_word' id='word_1_72' title='bbox 368 1637 505 1718; x_wconf 91' lang='lat' dir='ltr'><strong>intenti,</strong></span> <span class='ocrx_word' id='word_1_73' title='bbox 522 1637 637 1716; x_wconf 89' lang='lat' dir='ltr'><strong>magis</strong></span> <span class='ocrx_word' id='word_1_74' title='bbox 652 1638 688 1702; x_wconf 90' lang='lat' dir='ltr'><strong>in</strong></span> <span class='ocrx_word' id='word_1_75' title='bbox 703 1637 778 1700; x_wconf 91' lang='lat' dir='ltr'><strong>dies</strong></span> <span class='ocrx_word' id='word_1_76' title='bbox 792 1637 978 1718; x_wconf 81' lang='lat' dir='ltr'><strong>magisque</strong></span> <span class='ocrx_word' id='word_1_77' title='bbox 998 1636 1035 1699; x_wconf 93' lang='lat' dir='ltr'><strong>in</strong></span> <span class='ocrx_word' id='word_1_78' title='bbox 1050 1637 1224 1700; x_wconf 88' lang='lat' dir='ltr'><strong>sententia</strong></span> <span class='ocrx_word' id='word_1_79' title='bbox 1245 1652 1326 1700; x_wconf 93' lang='lat' dir='ltr'><strong>con·</strong></span> 
     </span>
     <span class='ocr_line' id='line_1_12' title="bbox 96 1742 1325 1826; baseline -0.003 -16"><span class='ocrx_word' id='word_1_80' title='bbox 96 1746 295 1824; x_wconf 86' lang='lat' dir='ltr'><strong>firmantur,</strong></span> <span class='ocrx_word' id='word_1_81' title='bbox 316 1761 524 1826; x_wconf 89' lang='lat' dir='ltr'><strong>summaque</strong></span> <span class='ocrx_word' id='word_1_82' title='bbox 544 1745 589 1808; x_wconf 91' lang='lat' dir='ltr'><strong>ad</strong></span> <span class='ocrx_word' id='word_1_83' title='bbox 609 1744 676 1808; x_wconf 89' lang='lat' dir='ltr'><strong>Dei</strong></span> <span class='ocrx_word' id='word_1_84' title='bbox 691 1745 874 1808; x_wconf 88' lang='lat' dir='ltr'><strong>seruitium</strong></span> <span class='ocrx_word' id='word_1_85' title='bbox 890 1743 997 1806; x_wconf 91' lang='lat' dir='ltr'><strong>animi</strong></span> <span class='ocrx_word' id='word_1_86' title='bbox 1017 1742 1252 1824; x_wconf 89' lang='lat' dir='ltr'><strong>propensione</strong></span> <span class='ocrx_word' id='word_1_87' title='bbox 1274 1760 1325 1806; x_wconf 89' lang='lat' dir='ltr'><strong>re·</strong></span> 
     </span>
     <span class='ocr_line' id='line_1_13' title="bbox 97 1851 924 1936; baseline -0.005 -18"><span class='ocrx_word' id='word_1_88' title='bbox 97 1871 268 1936; x_wconf 90' lang='lat' dir='ltr'><strong>sponsum</strong></span> <span class='ocrx_word' id='word_1_89' title='bbox 282 1872 305 1917; x_wconf 90' lang='lat' dir='ltr'><strong>a</strong></span> <span class='ocrx_word' id='word_1_90' title='bbox 318 1851 397 1917; x_wconf 76' lang='lat' dir='ltr'><strong>R.‘¹⁸</strong></span> <span class='ocrx_word' id='word_1_91' title='bbox 415 1851 632 1916; x_wconf 89' lang='lat' dir='ltr'><strong>Paternitate</strong></span> <span class='ocrx_word' id='word_1_92' title='bbox 647 1861 708 1916; x_wconf 91' lang='lat' dir='ltr'><strong>tua</strong></span> <span class='ocrx_word' id='word_1_93' title='bbox 723 1860 924 1932; x_wconf 86' lang='lat' dir='ltr'><strong>expectant.</strong></span> 
     </span>
    </p>

    <p class='ocr_par' dir='ltr' id='par_1_4' title="bbox 96 1958 1326 2474">
     <span class='ocr_line' id='line_1_14' title="bbox 155 1958 1324 2040; baseline -0.003 -14"><span class='ocrx_word' id='word_1_94' title='bbox 155 1961 287 2026; x_wconf 91' lang='lat' dir='ltr'><strong>Tribus</strong></span> <span class='ocrx_word' id='word_1_95' title='bbox 301 1961 380 2025; x_wconf 90' lang='lat' dir='ltr'><strong>aliis</strong></span> <span class='ocrx_word' id='word_1_96' title='bbox 395 1960 564 2024; x_wconf 90' lang='lat' dir='ltr'><strong>inanimo</strong></span> <span class='ocrx_word' id='word_1_97' title='bbox 579 1969 633 2024; x_wconf 89' lang='lat' dir='ltr'><strong>est</strong></span> <span class='ocrx_word' id='word_1_98' title='bbox 648 1958 798 2024; x_wconf 88' lang='lat' dir='ltr'><strong>Romam</strong></span> <span class='ocrx_word' id='word_1_99' title='bbox 816 1960 1077 2040; x_wconf 90' lang='lat' dir='ltr'><strong>quamprimum</strong></span> <span class='ocrx_word' id='word_1_100' title='bbox 1097 1958 1143 2023; x_wconf 91' lang='lat' dir='ltr'><strong>ad</strong></span> <span class='ocrx_word' id='word_1_101' title='bbox 1162 1974 1228 2022; x_wconf 92' lang='lat' dir='ltr'><strong>uos</strong></span> <span class='ocrx_word' id='word_1_102' title='bbox 1247 1975 1324 2040; x_wconf 91' lang='lat' dir='ltr'><strong>pro-</strong></span> 
     </span>
     <span class='ocr_line' id='line_1_15' title="bbox 97 2065 1326 2150; baseline -0.003 -16"><span class='ocrx_word' id='word_1_103' title='bbox 97 2069 230 2149; x_wconf 88' lang='lat' dir='ltr'><strong>ficisci,</strong></span> <span class='ocrx_word' id='word_1_104' title='bbox 260 2085 412 2150; x_wconf 88' lang='lat' dir='ltr'><strong>quorum</strong></span> <span class='ocrx_word' id='word_1_105' title='bbox 440 2084 552 2147; x_wconf 89' lang='lat' dir='ltr'><strong>unus,</strong></span> <span class='ocrx_word' id='word_1_106' title='bbox 585 2067 807 2148; x_wconf 88' lang='lat' dir='ltr'><strong>trigesimum</strong></span> <span class='ocrx_word' id='word_1_107' title='bbox 841 2067 1000 2149; x_wconf 90' lang='lat' dir='ltr'><strong>quintum</strong></span> <span class='ocrx_word' id='word_1_108' title='bbox 1033 2065 1161 2130; x_wconf 90' lang='lat' dir='ltr'><strong>aetatis</strong></span> <span class='ocrx_word' id='word_1_109' title='bbox 1194 2083 1326 2130; x_wconf 89' lang='lat' dir='ltr'><strong>annum</strong></span> 
     </span>
     <span class='ocr_line' id='line_1_16' title="bbox 96 2173 1326 2258; baseline -0.002 -17"><span class='ocrx_word' id='word_1_110' title='bbox 96 2193 220 2258; x_wconf 86' lang='lat' dir='ltr'><strong>agens,</strong></span> <span class='ocrx_word' id='word_1_111' title='bbox 235 2175 397 2257; x_wconf 86' lang='lat' dir='ltr'><strong>plurimis</strong></span> <span class='ocrx_word' id='word_1_112' title='bbox 411 2175 521 2240; x_wconf 91' lang='lat' dir='ltr'><strong>animi</strong></span> <span class='ocrx_word' id='word_1_113' title='bbox 535 2175 675 2240; x_wconf 90' lang='lat' dir='ltr'><strong>dotibus</strong></span> <span class='ocrx_word' id='word_1_114' title='bbox 689 2183 835 2239; x_wconf 92' lang='lat' dir='ltr'><strong>ornatus</strong></span> <span class='ocrx_word' id='word_1_115' title='bbox 847 2182 912 2238; x_wconf 90' lang='lat' dir='ltr'><strong>est:</strong></span> <span class='ocrx_word' id='word_1_116' title='bbox 928 2182 963 2238; x_wconf 92' lang='lat' dir='ltr'><strong>et</strong></span> <span class='ocrx_word' id='word_1_117' title='bbox 974 2183 1048 2238; x_wconf 90' lang='lat' dir='ltr'><strong>tum</strong></span> <span class='ocrx_word' id='word_1_118' title='bbox 1060 2173 1235 2253; x_wconf 89' lang='lat' dir='ltr'><strong>doctrina,</strong></span> <span class='ocrx_word' id='word_1_119' title='bbox 1250 2181 1326 2238; x_wconf 88' lang='lat' dir='ltr'><strong>tum</strong></span> 
     </span>
     <span class='ocr_line' id='line_1_17' title="bbox 96 2281 1326 2364; baseline -0.003 -15"><span class='ocrx_word' id='word_1_120' title='bbox 96 2301 215 2349; x_wconf 88' lang='lat' dir='ltr'><strong>rerum</strong></span> <span class='ocrx_word' id='word_1_121' title='bbox 240 2301 306 2348; x_wconf 91' lang='lat' dir='ltr'><strong>usu</strong></span> <span class='ocrx_word' id='word_1_122' title='bbox 330 2283 441 2364; x_wconf 90' lang='lat' dir='ltr'><strong>ualet,</strong></span> <span class='ocrx_word' id='word_1_123' title='bbox 466 2283 567 2348; x_wconf 92' lang='lat' dir='ltr'><strong>cuius</strong></span> <span class='ocrx_word' id='word_1_124' title='bbox 590 2283 773 2364; x_wconf 86' lang='lat' dir='ltr'><strong>egregiam</strong></span> <span class='ocrx_word' id='word_1_125' title='bbox 793 2283 830 2346; x_wconf 91' lang='lat' dir='ltr'><strong>in</strong></span> <span class='ocrx_word' id='word_1_126' title='bbox 859 2281 926 2346; x_wconf 90' lang='lat' dir='ltr'><strong>Dei</strong></span> <span class='ocrx_word' id='word_1_127' title='bbox 951 2281 1048 2346; x_wconf 90' lang='lat' dir='ltr'><strong>cultu</strong></span> <span class='ocrx_word' id='word_1_128' title='bbox 1078 2298 1225 2362; x_wconf 87' lang='lat' dir='ltr'><strong>operam</strong></span> <span class='ocrx_word' id='word_1_129' title='bbox 1249 2281 1326 2346; x_wconf 87' lang='lat' dir='ltr'><strong>lore</strong></span> 
     </span>
     <span class='ocr_line' id='line_1_18' title="bbox 97 2400 260 2474; baseline -0.018 -17"><span class='ocrx_word' id='word_1_130' title='bbox 97 2409 179 2474; x_wconf 87' lang='lat' dir='ltr'><strong>spes</strong></span> <span class='ocrx_word' id='word_1_131' title='bbox 194 2400 260 2456; x_wconf 89' lang='lat' dir='ltr'><strong>est.</strong></span> 
     </span>
    </p>

    <p class='ocr_par' dir='ltr' id='par_1_5' title="bbox 96 2497 1322 2796">
     <span class='ocr_line' id='line_1_19' title="bbox 156 2497 1322 2580; baseline 0 -16"><span class='ocrx_word' id='word_1_132' title='bbox 156 2499 259 2564; x_wconf 89' lang='lat' dir='ltr'><strong>Multi</strong></span> <span class='ocrx_word' id='word_1_133' title='bbox 282 2506 483 2580; x_wconf 88' lang='lat' dir='ltr'><strong>praeterea,</strong></span> <span class='ocrx_word' id='word_1_134' title='bbox 506 2515 595 2580; x_wconf 92' lang='lat' dir='ltr'><strong>quos</strong></span> <span class='ocrx_word' id='word_1_135' title='bbox 614 2499 774 2563; x_wconf 90' lang='lat' dir='ltr'><strong>consulto</strong></span> <span class='ocrx_word' id='word_1_136' title='bbox 794 2498 1054 2579; x_wconf 88' lang='lat' dir='ltr'><strong>praetermitto,</strong></span> <span class='ocrx_word' id='word_1_137' title='bbox 1074 2497 1244 2563; x_wconf 87' lang='lat' dir='ltr'><strong>Societati</strong></span> <span class='ocrx_word' id='word_1_138' title='bbox 1264 2516 1322 2564; x_wconf 92' lang='lat' dir='ltr'><strong>no·</strong></span> 
     </span>
     <span class='ocr_line' id='line_1_20' title="bbox 96 2606 1322 2688; baseline 0 -18"><span class='ocrx_word' id='word_1_139' title='bbox 96 2617 191 2672; x_wconf 90' lang='lat' dir='ltr'><strong>strae</strong></span> <span class='ocrx_word' id='word_1_140' title='bbox 201 2623 240 2671; x_wconf 92' lang='lat' dir='ltr'><strong>se</strong></span> <span class='ocrx_word' id='word_1_141' title='bbox 252 2606 446 2687; x_wconf 89' lang='lat' dir='ltr'><strong>adiungere</strong></span> <span class='ocrx_word' id='word_1_142' title='bbox 458 2607 615 2686; x_wconf 90' lang='lat' dir='ltr'><strong>cupiunt,</strong></span> <span class='ocrx_word' id='word_1_143' title='bbox 629 2607 843 2688; x_wconf 90' lang='lat' dir='ltr'><strong>quiquidem</strong></span> <span class='ocrx_word' id='word_1_144' title='bbox 855 2607 998 2669; x_wconf 89' lang='lat' dir='ltr'><strong>ianuam</strong></span> <span class='ocrx_word' id='word_1_145' title='bbox 1010 2606 1189 2685; x_wconf 88' lang='lat' dir='ltr'><strong>ingentem</strong></span> <span class='ocrx_word' id='word_1_146' title='bbox 1201 2623 1322 2686; x_wconf 90' lang='lat' dir='ltr'><strong>opera·</strong></span> 
     </span>
     <span class='ocr_line' id='line_1_21' title="bbox 97 2713 914 2796; baseline -0.005 -18"><span class='ocrx_word' id='word_1_147' title='bbox 97 2715 159 2780; x_wconf 88' lang='lat' dir='ltr'><strong>riis</strong></span> <span class='ocrx_word' id='word_1_148' title='bbox 172 2715 210 2778; x_wconf 94' lang='lat' dir='ltr'><strong>in</strong></span> <span class='ocrx_word' id='word_1_149' title='bbox 224 2717 367 2780; x_wconf 86' lang='lat' dir='ltr'><strong>uincam</strong></span> <span class='ocrx_word' id='word_1_150' title='bbox 381 2713 525 2778; x_wconf 88' lang='lat' dir='ltr'><strong>Domini</strong></span> <span class='ocrx_word' id='word_1_151' title='bbox 540 2714 670 2796; x_wconf 89' lang='lat' dir='ltr'><strong>aperiri</strong></span> <span class='ocrx_word' id='word_1_152' title='bbox 686 2715 914 2778; x_wconf 88' lang='lat' dir='ltr'><strong>demostrant.</strong></span> 
     </span>
    </p>

    <p class='ocr_par' dir='ltr' id='par_1_6' title="bbox 94 2821 1324 3332">
     <span class='ocr_line' id='line_1_22' title="bbox 154 2821 1324 2901; baseline -0.003 -14"><span class='ocrx_word' id='word_1_153' title='bbox 154 2822 213 2888; x_wconf 89' lang='lat' dir='ltr'><strong>Ad</strong></span> <span class='ocrx_word' id='word_1_154' title='bbox 227 2823 317 2887; x_wconf 89' lang='lat' dir='ltr'><strong>haec</strong></span> <span class='ocrx_word' id='word_1_155' title='bbox 331 2822 402 2892; x_wconf 88' lang='lat' dir='ltr'><strong>duo</strong></span> <span class='ocrx_word' id='word_1_156' title='bbox 417 2840 461 2886; x_wconf 86' lang='lat' dir='ltr'><strong>ex</strong></span> <span class='ocrx_word' id='word_1_157' title='bbox 476 2821 600 2887; x_wconf 75' lang='lat' dir='ltr'><strong>Africa</strong></span> <span class='ocrx_word' id='word_1_158' title='bbox 615 2822 709 2886; x_wconf 91' lang='lat' dir='ltr'><strong>serui</strong></span> <span class='ocrx_word' id='word_1_159' title='bbox 721 2821 955 2886; x_wconf 87' lang='lat' dir='ltr'><strong>cathechizati</strong></span> <span class='ocrx_word' id='word_1_160' title='bbox 967 2829 1060 2900; x_wconf 84' lang='lat' dir='ltr'><strong>sunt,</strong></span> <span class='ocrx_word' id='word_1_161' title='bbox 1074 2837 1224 2901; x_wconf 90' lang='lat' dir='ltr'><strong>quorum</strong></span> <span class='ocrx_word' id='word_1_162' title='bbox 1236 2821 1324 2885; x_wconf 89' lang='lat' dir='ltr'><strong>alter</strong></span> 
     </span>
     <span class='ocr_line' id='line_1_23' title="bbox 97 2929 1324 3012; baseline -0.001 -19"><span class='ocrx_word' id='word_1_163' title='bbox 97 2929 292 3011; x_wconf 89' lang='lat' dir='ltr'><strong>supradicti</strong></span> <span class='ocrx_word' id='word_1_164' title='bbox 304 2929 453 3012; x_wconf 86' lang='lat' dir='ltr'><strong>Joannis</strong></span> <span class='ocrx_word' id='word_1_165' title='bbox 468 2929 511 2994; x_wconf 88' lang='lat' dir='ltr'><strong>de</strong></span> <span class='ocrx_word' id='word_1_166' title='bbox 528 2929 698 2994; x_wconf 90' lang='lat' dir='ltr'><strong>Mendoza</strong></span> <span class='ocrx_word' id='word_1_167' title='bbox 714 2946 840 2993; x_wconf 87' lang='lat' dir='ltr'><strong>seruus</strong></span> <span class='ocrx_word' id='word_1_168' title='bbox 854 2937 943 3008; x_wconf 90' lang='lat' dir='ltr'><strong>erat;</strong></span> <span class='ocrx_word' id='word_1_169' title='bbox 959 2929 1115 3010; x_wconf 90' lang='lat' dir='ltr'><strong>quicum</strong></span> <span class='ocrx_word' id='word_1_170' title='bbox 1127 2945 1197 2992; x_wconf 91' lang='lat' dir='ltr'><strong>non</strong></span> <span class='ocrx_word' id='word_1_171' title='bbox 1208 2929 1324 2992; x_wconf 92' lang='lat' dir='ltr'><strong>solum</strong></span> 
     </span>
     <span class='ocr_line' id='line_1_24' title="bbox 97 3033 1324 3118; baseline -0.001 -18"><span class='ocrx_word' id='word_1_172' title='bbox 97 3037 310 3118; x_wconf 90' lang='lat' dir='ltr'><strong>baptismum</strong></span> <span class='ocrx_word' id='word_1_173' title='bbox 325 3037 532 3118; x_wconf 89' lang='lat' dir='ltr'><strong>susceperit,</strong></span> <span class='ocrx_word' id='word_1_174' title='bbox 547 3037 609 3101; x_wconf 91' lang='lat' dir='ltr'><strong>sed</strong></span> <span class='ocrx_word' id='word_1_175' title='bbox 630 3037 666 3101; x_wconf 91' lang='lat' dir='ltr'><strong>in</strong></span> <span class='ocrx_word' id='word_1_176' title='bbox 687 3045 809 3100; x_wconf 90' lang='lat' dir='ltr'><strong>nostra</strong></span> <span class='ocrx_word' id='word_1_177' title='bbox 828 3036 935 3099; x_wconf 89' lang='lat' dir='ltr'><strong>etiam</strong></span> <span class='ocrx_word' id='word_1_178' title='bbox 954 3033 1132 3100; x_wconf 90' lang='lat' dir='ltr'><strong>Societate</strong></span> <span class='ocrx_word' id='word_1_179' title='bbox 1154 3043 1324 3116; x_wconf 89' lang='lat' dir='ltr'><strong>perpetuo</strong></span> 
     </span>
     <span class='ocr_line' id='line_1_25' title="bbox 96 3141 1324 3225; baseline 0 -19"><span class='ocrx_word' id='word_1_180' title='bbox 96 3142 173 3208; x_wconf 94' lang='lat' dir='ltr'><strong>Deo</strong></span> <span class='ocrx_word' id='word_1_181' title='bbox 188 3144 323 3208; x_wconf 87' lang='lat' dir='ltr'><strong>seruire</strong></span> <span class='ocrx_word' id='word_1_182' title='bbox 339 3144 512 3223; x_wconf 87' lang='lat' dir='ltr'><strong>statuerit,</strong></span> <span class='ocrx_word' id='word_1_183' title='bbox 529 3144 638 3209; x_wconf 89' lang='lat' dir='ltr'><strong>multa</strong></span> <span class='ocrx_word' id='word_1_184' title='bbox 653 3144 697 3208; x_wconf 88' lang='lat' dir='ltr'><strong>dc</strong></span> <span class='ocrx_word' id='word_1_185' title='bbox 713 3162 750 3208; x_wconf 91' lang='lat' dir='ltr'><strong>se</strong></span> <span class='ocrx_word' id='word_1_186' title='bbox 762 3142 920 3225; x_wconf 90' lang='lat' dir='ltr'><strong>polliceri</strong></span> <span class='ocrx_word' id='word_1_187' title='bbox 932 3142 1081 3222; x_wconf 89' lang='lat' dir='ltr'><strong>uidetur,</strong></span> <span class='ocrx_word' id='word_1_188' title='bbox 1096 3141 1155 3225; x_wconf 92' lang='lat' dir='ltr'><strong>qui</strong></span> <span class='ocrx_word' id='word_1_189' title='bbox 1166 3142 1324 3206; x_wconf 86' lang='lat' dir='ltr'><strong>afrorum</strong></span> 
     </span>
     <span class='ocr_line' id='line_1_26' title="bbox 94 3237 1201 3332; baseline -0.001 -17"><span class='ocrx_word' id='word_1_190' title='bbox 94 3253 252 3332; x_wconf 90' lang='lat' dir='ltr'><strong>linguam</strong></span> <span class='ocrx_word' id='word_1_191' title='bbox 266 3253 384 3331; x_wconf 87' lang='lat' dir='ltr'><strong>callet,</strong></span> <span class='ocrx_word' id='word_1_192' title='bbox 400 3268 465 3316; x_wconf 93' lang='lat' dir='ltr'><strong>nec</strong></span> <span class='ocrx_word' id='word_1_193' title='bbox 481 3252 596 3316; x_wconf 89' lang='lat' dir='ltr'><strong>alieno</strong></span> <span class='ocrx_word' id='word_1_194' title='bbox 611 3270 633 3315; x_wconf 92' lang='lat' dir='ltr'><strong>a</strong></span> <span class='ocrx_word' id='word_1_195' title='bbox 648 3251 773 3316; x_wconf 85' lang='lat' dir='ltr'><strong>studiis</strong></span> <span class='ocrx_word' id='word_1_196' title='bbox 787 3237 929 3330; x_wconf 86' lang='lat' dir='ltr'><strong>ingenio</strong></span> <span class='ocrx_word' id='word_1_197' title='bbox 943 3260 998 3314; x_wconf 88' lang='lat' dir='ltr'><strong>est</strong></span> <span class='ocrx_word' id='word_1_198' title='bbox 1009 3249 1201 3332; x_wconf 88' lang='lat' dir='ltr'><strong>praeditus.</strong></span> 
     </span>
    </p>

    <p class='ocr_par' dir='ltr' id='par_1_7' title="bbox 94 3355 1324 3976">
     <span class='ocr_line' id='line_1_27' title="bbox 155 3355 1324 3439; baseline -0.002 -17"><span class='ocrx_word' id='word_1_199' title='bbox 155 3355 248 3439; x_wconf 87' lang='lat' dir='ltr'><strong>Nos,</strong></span> <span class='ocrx_word' id='word_1_200' title='bbox 274 3367 313 3424; x_wconf 90' lang='lat' dir='ltr'><strong>ut</strong></span> <span class='ocrx_word' id='word_1_201' title='bbox 338 3359 409 3423; x_wconf 89' lang='lat' dir='ltr'><strong>iam</strong></span> <span class='ocrx_word' id='word_1_202' title='bbox 428 3357 573 3424; x_wconf 90' lang='lat' dir='ltr'><strong>modum</strong></span> <span class='ocrx_word' id='word_1_203' title='bbox 593 3358 711 3422; x_wconf 88' lang='lat' dir='ltr'><strong>uerbis</strong></span> <span class='ocrx_word' id='word_1_204' title='bbox 730 3367 901 3438; x_wconf 88' lang='lat' dir='ltr'><strong>statuam,</strong></span> <span class='ocrx_word' id='word_1_205' title='bbox 920 3359 981 3439; x_wconf 90' lang='lat' dir='ltr'><strong>qui</strong></span> <span class='ocrx_word' id='word_1_206' title='bbox 1000 3356 1126 3437; x_wconf 90' lang='lat' dir='ltr'><strong>uiginti</strong></span> <span class='ocrx_word' id='word_1_207' title='bbox 1145 3375 1266 3421; x_wconf 89' lang='lat' dir='ltr'><strong>sumus</strong></span> <span class='ocrx_word' id='word_1_208' title='bbox 1287 3356 1324 3420; x_wconf 91' lang='lat' dir='ltr'><strong>in</strong></span> 
     </span>
     <span class='ocr_line' id='line_1_28' title="bbox 96 3453 1324 3546; baseline -0.003 -16"><span class='ocrx_word' id='word_1_209' title='bbox 96 3467 258 3546; x_wconf 85' lang='lat' dir='ltr'><strong>collegio,</strong></span> <span class='ocrx_word' id='word_1_210' title='bbox 275 3483 399 3531; x_wconf 89' lang='lat' dir='ltr'><strong>omnes</strong></span> <span class='ocrx_word' id='word_1_211' title='bbox 413 3463 480 3529; x_wconf 91' lang='lat' dir='ltr'><strong>Dei</strong></span> <span class='ocrx_word' id='word_1_212' title='bbox 495 3453 745 3546; x_wconf 80' lang='lat' dir='ltr'><strong>omnipotentis</strong></span> <span class='ocrx_word' id='word_1_213' title='bbox 760 3464 978 3546; x_wconf 86' lang='lat' dir='ltr'><strong>benignitate</strong></span> <span class='ocrx_word' id='word_1_214' title='bbox 993 3465 1080 3529; x_wconf 89' lang='lat' dir='ltr'><strong>bene</strong></span> <span class='ocrx_word' id='word_1_215' title='bbox 1101 3465 1271 3528; x_wconf 90' lang='lat' dir='ltr'><strong>ualemus:</strong></span> <span class='ocrx_word' id='word_1_216' title='bbox 1288 3473 1324 3527; x_wconf 90' lang='lat' dir='ltr'><strong>et</strong></span> 
     </span>
     <span class='ocr_line' id='line_1_29' title="bbox 95 3571 1324 3654; baseline -0.003 -17"><span class='ocrx_word' id='word_1_217' title='bbox 95 3571 189 3653; x_wconf 90' lang='lat' dir='ltr'><strong>quod</strong></span> <span class='ocrx_word' id='word_1_218' title='bbox 202 3573 249 3638; x_wconf 90' lang='lat' dir='ltr'><strong>ad</strong></span> <span class='ocrx_word' id='word_1_219' title='bbox 262 3573 407 3638; x_wconf 87' lang='lat' dir='ltr'><strong>scholas</strong></span> <span class='ocrx_word' id='word_1_220' title='bbox 420 3573 590 3654; x_wconf 88' lang='lat' dir='ltr'><strong>pertinet,</strong></span> <span class='ocrx_word' id='word_1_221' title='bbox 608 3573 859 3653; x_wconf 90' lang='lat' dir='ltr'><strong>discipulorum</strong></span> <span class='ocrx_word' id='word_1_222' title='bbox 874 3571 961 3636; x_wconf 91' lang='lat' dir='ltr'><strong>satis</strong></span> <span class='ocrx_word' id='word_1_223' title='bbox 975 3572 1141 3654; x_wconf 87' lang='lat' dir='ltr'><strong>frequens</strong></span> <span class='ocrx_word' id='word_1_224' title='bbox 1155 3586 1324 3636; x_wconf 89' lang='lat' dir='ltr'><strong>numerus</strong></span> 
     </span>
     <span class='ocr_line' id='line_1_30' title="bbox 95 3657 1323 3762; baseline -0.002 -19"><span class='ocrx_word' id='word_1_225' title='bbox 95 3689 165 3758; x_wconf 87' lang='lat' dir='ltr'><strong>est,</strong></span> <span class='ocrx_word' id='word_1_226' title='bbox 191 3698 280 3762; x_wconf 91' lang='lat' dir='ltr'><strong>quos</strong></span> <span class='ocrx_word' id='word_1_227' title='bbox 300 3681 402 3744; x_wconf 89' lang='lat' dir='ltr'><strong>bonis</strong></span> <span class='ocrx_word' id='word_1_228' title='bbox 421 3679 578 3744; x_wconf 88' lang='lat' dir='ltr'><strong>moribus</strong></span> <span class='ocrx_word' id='word_1_229' title='bbox 601 3680 770 3761; x_wconf 88' lang='lat' dir='ltr'><strong>bonisque</strong></span> <span class='ocrx_word' id='word_1_230' title='bbox 791 3680 903 3744; x_wconf 91' lang='lat' dir='ltr'><strong>literis</strong></span> <span class='ocrx_word' id='word_1_231' title='bbox 923 3680 957 3742; x_wconf 91' lang='lat' dir='ltr'><strong>in</strong></span> <span class='ocrx_word' id='word_1_232' title='bbox 978 3679 1054 3743; x_wconf 90' lang='lat' dir='ltr'><strong>dies</strong></span> <span class='ocrx_word' id='word_1_233' title='bbox 1073 3657 1189 3758; x_wconf 83' lang='lat' dir='ltr'><strong>magis</strong></span> <span class='ocrx_word' id='word_1_234' title='bbox 1211 3678 1323 3758; x_wconf 87' lang='lat' dir='ltr'><strong>profe·</strong></span> 
     </span>
     <span class='ocr_line' id='line_1_31' title="bbox 95 3785 1324 3868; baseline 0 -19"><span class='ocrx_word' id='word_1_235' title='bbox 95 3797 218 3851; x_wconf 88' lang='lat' dir='ltr'><strong>cturos</strong></span> <span class='ocrx_word' id='word_1_236' title='bbox 231 3804 433 3868; x_wconf 89' lang='lat' dir='ltr'><strong>speramus,</strong></span> <span class='ocrx_word' id='word_1_237' title='bbox 450 3787 530 3852; x_wconf 86' lang='lat' dir='ltr'><strong>freti</strong></span> <span class='ocrx_word' id='word_1_238' title='bbox 546 3787 666 3852; x_wconf 88' lang='lat' dir='ltr'><strong>diuina</strong></span> <span class='ocrx_word' id='word_1_239' title='bbox 682 3804 748 3867; x_wconf 91' lang='lat' dir='ltr'><strong>ope</strong></span> <span class='ocrx_word' id='word_1_240' title='bbox 762 3837 769 3867; x_wconf 91' lang='lat'><strong>,</strong></span> <span class='ocrx_word' id='word_1_241' title='bbox 785 3785 879 3850; x_wconf 75' lang='lat' dir='ltr'><strong>R.‘¹²⁰</strong></span> <span class='ocrx_word' id='word_1_242' title='bbox 904 3785 981 3850; x_wconf 67' lang='lat' dir='ltr'><strong>Pri·</strong></span> <span class='ocrx_word' id='word_1_243' title='bbox 1004 3796 1086 3850; x_wconf 86' lang='lat' dir='ltr'><strong>tuae</strong></span> <span class='ocrx_word' id='word_1_244' title='bbox 1105 3785 1324 3849; x_wconf 89' lang='lat' dir='ltr'><strong>orationibus</strong></span> 
     </span>
     <span class='ocr_line' id='line_1_32' title="bbox 94 3891 1232 3976; baseline -0.002 -18"><span class='ocrx_word' id='word_1_245' title='bbox 94 3893 329 3976; x_wconf 86' lang='lat' dir='ltr'><strong>impetranda,</strong></span> <span class='ocrx_word' id='word_1_246' title='bbox 346 3894 382 3958; x_wconf 91' lang='lat' dir='ltr'><strong>in</strong></span> <span class='ocrx_word' id='word_1_247' title='bbox 397 3894 524 3975; x_wconf 88' lang='lat' dir='ltr'><strong>quibus</strong></span> <span class='ocrx_word' id='word_1_248' title='bbox 539 3911 605 3958; x_wconf 91' lang='lat' dir='ltr'><strong>nos</strong></span> <span class='ocrx_word' id='word_1_249' title='bbox 620 3913 664 3958; x_wconf 88' lang='lat' dir='ltr'><strong>ex</strong></span> <span class='ocrx_word' id='word_1_250' title='bbox 681 3893 799 3958; x_wconf 86' lang='lat' dir='ltr'><strong>animo</strong></span> <span class='ocrx_word' id='word_1_251' title='bbox 815 3894 1114 3958; x_wconf 89' lang='lat' dir='ltr'><strong>commendamus.</strong></span> <span class='ocrx_word' id='word_1_252' title='bbox 1130 3891 1232 3958; x_wconf 89' lang='lat' dir='ltr'><strong>Vale.</strong></span> 
     </span>
    </p>

    <p class='ocr_par' dir='ltr' id='par_1_8' title="bbox 155 3999 769 4083">
     <span class='ocr_line' id='line_1_33' title="bbox 155 3999 769 4083; baseline 0 -17"><span class='ocrx_word' id='word_1_253' title='bbox 155 3999 314 4083; x_wconf 88' lang='lat' dir='ltr'><strong>Neapoli,</strong></span> <span class='ocrx_word' id='word_1_254' title='bbox 330 4011 433 4066; x_wconf 86' lang='lat' dir='ltr'><strong>sexto</strong></span> <span class='ocrx_word' id='word_1_255' title='bbox 447 4019 562 4066; x_wconf 91' lang='lat' dir='ltr'><strong>nonas</strong></span> <span class='ocrx_word' id='word_1_256' title='bbox 576 4001 661 4066; x_wconf 92' lang='lat' dir='ltr'><strong>Maii</strong></span> <span class='ocrx_word' id='word_1_257' title='bbox 683 4001 769 4066; x_wconf 83' lang='lat'><strong>1556.</strong></span> 
     </span>
    </p>

    <p class='ocr_par' dir='ltr' id='par_1_9' title="bbox 156 4108 689 4190">
     <span class='ocr_line' id='line_1_34' title="bbox 156 4108 689 4190; baseline 0 -16"><span class='ocrx_word' id='word_1_258' title='bbox 156 4108 198 4174; x_wconf 92' lang='lat' dir='ltr'><strong>R.</strong></span> <span class='ocrx_word' id='word_1_259' title='bbox 214 4109 291 4174; x_wconf 51' lang='grc' dir='ltr'><strong>ΡΨ</strong></span> <span class='ocrx_word' id='word_1_260' title='bbox 306 4109 348 4175; x_wconf 89' lang='grc' dir='ltr'><strong>Τ.</strong></span> <span class='ocrx_word' id='word_1_261' title='bbox 363 4125 489 4176; x_wconf 91' lang='lat' dir='ltr'><strong>seruus</strong></span> <span class='ocrx_word' id='word_1_262' title='bbox 504 4108 689 4190; x_wconf 85' lang='lat' dir='ltr'><strong>indignus,</strong></span> 
     </span>
    </p>
   </div>
   <div class='ocr_carea' id='block_1_3' title="bbox 815 4323 1162 4406">
    <p class='ocr_par' dir='ltr' id='par_1_10' title="bbox 815 4323 1162 4406">
     <span class='ocr_line' id='line_1_35' title="bbox 815 4323 1162 4406; baseline 0.003 -19"><span class='ocrx_word' id='word_1_263' title='bbox 815 4324 945 4406; x_wconf 80' lang='lat' dir='ltr'><strong>Josnen</strong></span> <span class='ocrx_word' id='word_1_264' title='bbox 963 4323 1162 4388; x_wconf 65' lang='lat' dir='ltr'><strong>Flammis.</strong></span> 
     </span>
    </p>
   </div>
   <div class='ocr_carea' id='block_1_4' title="bbox 95 4601 1321 4737">
    <p class='ocr_par' dir='ltr' id='par_1_11' title="bbox 95 4601 1321 4737">
     <span class='ocr_line' id='line_1_36' title="bbox 135 4601 1321 4668; baseline -0.005 -16"><span class='ocrx_word' id='word_1_265' title='bbox 135 4609 143 4640; x_wconf 58' lang='grc' dir='ltr'>ἔ</span> <span class='ocrx_word' id='word_1_266' title='bbox 176 4606 301 4653; x_wconf 79' lang='lat' dir='ltr'><strong>Horatius</strong></span> <span class='ocrx_word' id='word_1_267' title='bbox 316 4607 430 4660; x_wconf 79' lang='lat' dir='ltr'><strong>Gentile,</strong></span> <span class='ocrx_word' id='word_1_268' title='bbox 445 4607 476 4650; x_wconf 89' lang='lat' dir='ltr'><strong>de</strong></span> <span class='ocrx_word' id='word_1_269' title='bbox 491 4617 540 4660; x_wconf 91' lang='lat' dir='ltr'><strong>quo</strong></span> <span class='ocrx_word' id='word_1_270' title='bbox 556 4607 632 4668; x_wconf 81' lang='lat' dir='ltr'><strong>plura</strong></span> <span class='ocrx_word' id='word_1_271' title='bbox 648 4605 779 4654; x_wconf 72' lang='lat' dir='ltr'><strong>Potaucus</strong></span> <span class='ocrx_word' id='word_1_272' title='bbox 793 4607 819 4650; x_wconf 88' lang='lat' dir='ltr'><strong>iu</strong></span> <span class='ocrx_word' id='word_1_273' title='bbox 835 4605 969 4658; x_wconf 65' lang='lat' dir='ltr'><strong>Chronico,</strong></span> <span class='ocrx_word' id='word_1_274' title='bbox 979 4611 1000 4650; x_wconf 92' lang='lat' dir='ltr'><strong>t.</strong></span> <span class='ocrx_word' id='word_1_275' title='bbox 1015 4613 1051 4656; x_wconf 81' lang='lat' dir='ltr'><strong>vt,</strong></span> <span class='ocrx_word' id='word_1_276' title='bbox 1067 4603 1126 4649; x_wconf 84' lang='lat' dir='ltr'><strong>dum</strong></span> <span class='ocrx_word' id='word_1_277' title='bbox 1142 4612 1226 4648; x_wconf 83' lang='lat' dir='ltr'><strong>serato</strong></span> <span class='ocrx_word' id='word_1_278' title='bbox 1240 4607 1279 4646; x_wconf 76' lang='lat' dir='ltr'><strong>eat</strong></span> <span class='ocrx_word' id='word_1_279' title='bbox 1290 4601 1321 4646; x_wconf 85' lang='lat' dir='ltr'><strong>de</strong></span> 
     </span>
     <span class='ocr_line' id='line_1_37' title="bbox 95 4679 401 4737; baseline 0.013 -13"><span class='ocrx_word' id='word_1_280' title='bbox 95 4679 265 4737; x_wconf 70' lang='lat' dir='ltr'><strong>Neapolitano</strong></span> <span class='ocrx_word' id='word_1_281' title='bbox 275 4679 401 4736; x_wconf 80' lang='lat' dir='ltr'><strong>collegio.</strong></span> 
     </span>
    </p>
   </div>
   <div class='ocr_carea' id='block_1_5' title="bbox 0 0 1740 5528">
    <p class='ocr_par' dir='ltr' id='par_1_12' title="bbox 0 0 1740 5528">
     <span class='ocr_line' id='line_1_38' title="bbox 0 0 1740 5528; baseline 0 0"><span class='ocrx_word' id='word_1_282' title='bbox 0 0 1740 5528; x_wconf 95' lang='lat' dir='ltr'><strong> </strong></span> 
     </span>
    </p>
   </div>
  </div>
 </body>
</html>
