3368 5528
332 508 387 570 536
717 521 890 570 urrrxxax
908 524 1180 578 Quannmxsrnns

335 655 378 718 ab
403 654 637 735 aegritudinis
662 654 697 718 ui
716 655 879 731 recreati,
901 656 1071 736 optimam
1092 655 1253 737 corporis
1272 655 1549 720 constitutionem

332 771 511 842 reparant:
528 761 621 843 quod
636 761 777 842 quidem
791 773 865 826 tam
880 762 994 843 rapidi
1009 764 1139 828 caloris
1154 773 1313 844 tempore
1334 779 1406 826 non
1430 771 1482 825 est
1496 761 1551 824 mi·

335 868 496 934 randum.

394 975 514 1040 Mense
528 976 633 1060 Juuio
649 977 810 1057 publicae
822 977 858 1040 in
879 978 946 1041 hoc
967 978 1117 1057 collegio
1138 977 1278 1042 habitae
1300 988 1384 1042 sunt
1403 979 1554 1060 disputa·

334 1083 450 1148 tiones
464 1085 727 1162 celeberrimae,
750 1084 876 1164 quibus
895 1083 1083 1149 adfuerunt
1103 1086 1211 1148 totius
1234 1085 1453 1150 Academiae
1469 1085 1552 1167 prin·

335 1191 431 1272 cipes
456 1207 536 1255 cum
560 1189 751 1272 praelecto:
777 1190 888 1255 adfuit
913 1192 1019 1256 etiam
1044 1192 1097 1256 uir
1122 1191 1278 1273 quidam,
1302 1209 1406 1274 quem
1433 1192 1507 1256 Rex
1522 1203 1554 1254 ut

335 1297 449 1378 ipsam
464 1296 696 1362 Academiam
713 1309 902 1361 renouaret
917 1299 1023 1362 misit:
1041 1299 1169 1364 dicitur
1190 1299 1378 1365 Balthasar
1398 1319 1419 1362 a
1439 1299 1553 1374 Faria,

335 1405 395 1486 qui
405 1405 512 1470 etiam
526 1405 562 1468 in
578 1405 682 1468 istam
698 1405 877 1470 ciuitatem
892 1407 1029 1485 legatus
1044 1405 1174 1486 aRege
1194 1407 1323 1470 missus
1343 1418 1408 1470 est:
1430 1407 1486 1470 hic
1501 1423 1555 1468 no·

335 1512 388 1575 bis
404 1513 557 1575 maxime
568 1511 674 1588 fauet,
688 1510 969 1592 Societatcmque
983 1513 1084 1576 unice
1095 1511 1209 1593 diligit
1221 1530 1263 1576 ac
1275 1513 1422 1577 charam
1439 1513 1550 1577 habet.

336 1618 403 1700 Qui
418 1628 519 1682 erant
533 1618 745 1700 disputaturi
760 1620 847 1682 satis
861 1620 977 1699 parati
992 1630 1175 1698 uenerunt,
1192 1631 1338 1702 propter
1357 1621 1551 1702 opinionem

336 1723 500 1807 quamde
515 1726 645 1790 nostris
658 1735 864 1806 conceptam
877 1726 1017 1806 babent,
1030 1728 1086 1790 cui
1099 1745 1169 1790 non
1181 1727 1407 1792 mediocriter
1418 1743 1553 1808 respon·

337 1834 474 1898 derunt:
498 1849 620 1896 omnes
641 1833 733 1896 enim
759 1831 1025 1896 admirabantur
1050 1833 1143 1915 quod
1169 1834 1324 1898 omniurn
1349 1842 1552 1914 argumenta

337 1941 482 2004 minimo
497 1940 639 2019 negotio
661 1939 894 2004 confutarent.
916 1939 1183 2021 Disputationes
1198 1959 1301 2006 mane
1322 1941 1463 2005 habitae
1478 1951 1552 2004 sunt

339 2065 360 2112 a
372 2048 522 2128 septima
535 2047 697 2128 usquead
707 2047 891 2122 decimam,
904 2066 924 2110 a
935 2048 1084 2128 prandio
1097 2049 1229 2111 atertia
1238 2065 1349 2129 usque
1357 2048 1402 2112 ad
1410 2057 1552 2116 sextam:

339 2164 373 2218 et
388 2173 468 2218 cum
483 2154 558 2218 dies
573 2156 702 2218 caloris
718 2165 810 2218 esset
826 2155 983 2233 maximi,
1000 2165 1050 2219 tot
1066 2167 1250 2232 uenerunt,
1263 2165 1301 2218 ut
1313 2157 1397 2220 solis
1410 2153 1551 2219 doctori·

338 2261 403 2325 bus
418 2261 688 2342 argumentandi
703 2263 802 2324 locus
817 2261 1082 2343 relinqueretur.
1105 2261 1209 2326 Mane
1224 2262 1345 2326 habuit
1361 2263 1552 2326 orationem
1658 2255 1660 2314 ἑ

340 2368 496 2434 carmine
512 2369 743 2449 compositam
762 2367 871 2432 irater
897 2369 1050 2449 quidam,
1078 2385 1168 2450 quae
1184 2369 1346 2433 omnibus
1370 2369 1472 2434 ualde
1487 2369 1553 2448 pla·

245 2525 251 2541 .
340 2475 423 2540 cuit:
440 2485 563 2557 postea
578 2476 810 2540 scholasticus
825 2476 932 2539 aliam
943 2476 1104 2540 oratione
1116 2477 1241 2540 soluta.

398 2581 437 2659 li,
454 2583 513 2664 qui
525 2582 634 2646 literis
646 2598 791 2662 operam
804 2583 900 2661 dant,
913 2582 1016 2646 solita
1029 2591 1196 2646 exercent
1208 2598 1365 2661 munera,
1379 2597 1554 2664 quaecum

339 2706 477 2754 summa
497 2689 652 2753 omnium
672 2690 978 2770 congratulatione
998 2690 1144 2767 obeunt;
1166 2690 1339 2754 habentur
1362 2689 1556 2771 frequenter

337 2797 610 2878 disputationes,
637 2797 827 2874 orationes
853 2796 1139 2876 declamationes
1165 2797 1321 2862 carmine
1342 2807 1377 2860 et
1402 2797 1555 2860 oratione

334 2907 460 2983 soluta,
477 2905 603 2986 quibus
618 2903 703 2968 Diui
718 2904 917 2982 laudantur,
934 2904 1140 2984 saepissime
1155 2921 1278 2969 coram
1300 2905 1467 2968 uniuersa
1482 2920 1555 2966 aca-

336 3012 463 3076 demia:
481 3012 602 3093 quain
618 3029 667 3090 re,
690 3027 770 3074 cum
786 3011 822 3074 in
846 3011 1112 3076 humanioribus
1126 3011 1333 3093 disciplinis,
1348 3025 1423 3075 tum
1444 3011 1480 3074 in
1494 3008 1557 3073 Dei

338 3118 468 3200 Optim.
485 3117 581 3182 Max.
598 3118 785 3197 desiderio,
801 3119 950 3211 multum
964 3117 1166 3198 proficiunt:
1184 3119 1302 3182 omnia
1317 3119 1410 3182 euim
1424 3119 1559 3182 illorum

335 3227 506 3290 exercitia
534 3225 589 3289 his
614 3225 834 3288 suauissimis
863 3225 1075 3290 condiuntur
1101 3226 1319 3308 pharmacis,
1345 3225 1471 3307 quibus
1495 3223 1559 3304 ipsi

337 3333 489 3397 maxime
512 3332 746 3410 delectantur;
766 3347 831 3394 nec
848 3332 962 3395 solum
984 3333 1043 3395 illa
1058 3343 1283 3413 componunt,
1301 3333 1362 3396 sed
1377 3340 1506 3411 augent
1525 3339 1561 3392 et

337 3441 380 3505 de
401 3457 464 3504 suo
485 3441 554 3503 late
570 3438 797 3519 amplificant.
814 3437 947 3502 Omnes
962 3441 1163 3519 aenigmata
1180 3449 1214 3503 et
1230 3441 1420 3518 orationes,
1437 3437 1559 3520 quibus

337 3548 420 3610 anni
436 3546 648 3642 principium
664 3545 875 3624 celebretur,
891 3557 1120 3626 praeparant,
1141 3547 1314 3627 simulque
1330 3545 1487 3627 agendus
1509 3551 1561 3607 est

337 3655 513 3734 dialogus
528 3670 631 3734 quem
644 3651 749 3715 Pater
760 3651 962 3733 Perpinhan
974 3653 1184 3734 composuit:
1194 3654 1282 3717 baec
1294 3653 1465 3734 principia
1476 3653 1559 3716 cele·

336 3761 490 3826 berrima
505 3759 623 3823 futura
638 3775 834 3841 speramus;
852 3759 945 3841 quod
961 3759 1001 3836 si,
1020 3769 1057 3824 ut
1074 3759 1261 3839 credimus
1278 3759 1350 3839 fiat,
1366 3760 1402 3824 id
1417 3759 1491 3823 Deo
1504 3775 1559 3820 ac·

337 3877 478 3950 ceptum
493 3867 716 3932 referendum
731 3868 896 3932 arbitror.

396 3975 474 4038 Hoc
494 3974 746 4038 {cruentissimi
771 3975 899 4039 caloris
921 3986 1090 4056 tempore,
1112 3976 1142 4038 si
1162 3976 1336 4040 rationem
1357 3975 1556 4058 praeterito-

337 4100 415 4148 rum
435 4097 609 4146 annorum
625 4081 832 4162 habeamus,
855 4081 1059 4162 paucissimi
1083 4065 1321 4147 discesserunt
1347 4080 1556 4146 scholastici.

337 4189 427 4256 Cum
442 4188 657 4266 domesticiS,
676 4205 825 4269 quorum
837 4205 922 4254 cura
936 4190 1037 4252 nobis
1053 4198 1106 4253 est
1121 4189 1297 4270 imposita,
1311 4190 1559 4271 aliquantulum

337 4297 470 4362 laboris
486 4295 706 4378 pertulimus;
730 4295 830 4360 multi
856 4296 948 4360 enim
973 4297 1113 4360 illorum
1137 4313 1217 4361 cum
1242 4296 1456 4376 grauissimo
1470 4297 1559 4360 uitae

339 4405 497 4486 periculo
513 4403 549 4467 in
566 4403 727 4467 morbum
746 4401 955 4482 inciderunt,
980 4420 1070 4484 quos
1090 4402 1158 4468 nisi
1178 4403 1448 4483 diligentissime
1467 4417 1559 4468 cura·

338 4529 468 4586 remus,
496 4529 516 4574 e
541 4511 615 4575 uita
635 4509 787 4575 fortasse
811 4509 1044 4586 discederent;
1072 4525 1201 4590 magno
1226 4510 1318 4574 enim
1342 4511 1558 4576 interualloa

339 4618 544 4702 parentibus
559 4617 748 4692 distabant,
766 4617 814 4681 ita
830 4627 952 4682 utnon
967 4617 1071 4682 facile
1090 4635 1144 4695 ea,
1167 4634 1258 4698 quae
1279 4617 1347 4681 sibi
1363 4595 1558 4684 necessaria

339 4735 452 4804 erant,
470 4725 551 4790 inde
572 4742 743 4808 quaerere
763 4734 918 4808 possent:
940 4725 1048 4806 aliqui
1067 4725 1208 4792 illorum
1224 4724 1317 4790 domi
1337 4727 1453 4792 curati
1471 4731 1556 4793 sunt,
