3368 5528
750 519 921 582 errnnuu
940 533 1211 588 aunuumssruns

417 1561 563 1636 joannes
578 1559 778 1632 Gambarus,

452 1657 505 1720 Ex
518 1657 760 1718 commissione
774 1658 885 1719 Patris
898 1657 1040 1718 Oiiverii
1052 1657 1214 1729 Manarei,

487 1757 577 1818 Patri
590 1758 717 1832 Jacobo
730 1757 877 1833 Laynez,
893 1755 1038 1816 Vicurio.

523 1855 686 1928 Laureto‚
703 1855 734 1914 il
751 1855 950 1915 Novembris
965 1855 1034 1916 1556
1047 1855 1067 1912 ¹.

967 2067 989 2138 †

422 2279 498 2346 Pax
513 2275 656 2359 Christi,
673 2289 741 2344 etc.

422 2388 522 2469 Quae
536 2387 728 2469 praecipua
744 2387 918 2466 quaedam
934 2384 1128 2452 Picentium
1143 2385 1218 2450 siue
1233 2385 1514 2450 Marchinnorum
1528 2399 1573 2447 su·

363 2498 482 2574 iutem,
498 2503 579 2576 post
592 2493 715 2558 literas
739 2492 1015 2575 quadrimestres
1040 2493 1222 2574 proximus
1239 2491 1268 2572 ¹,
1292 2493 1392 2556 Deus
1411 2511 1473 2574 pro
1491 2492 1579 2556 beni·

340 2617 343 2622 '
361 2604 498 2686 gnitate
513 2618 589 2680 sun,
606 2609 807 2664 nostrorum
826 2601 922 2664 tenui
944 2618 1053 2682 opem
1074 2609 1109 2664 et
1122 2601 1252 2682 exiguo
1264 2618 1306 2664 ac
1322 2597 1519 2681 contempto
1533 2599 1574 2661 in-

361 2717 573 2788 strumento,
590 2716 757 2790 operatus
777 2717 849 2788 est,
870 2725 912 2771 ea
928 2708 1015 2788 tibi,
1037 2705 1113 2771 R!e
1130 2706 1186 2788 P.,
1207 2707 1274 2771 hac
1291 2706 1443 2788 epistola
1461 2705 1575 2787 paucis

362 2815 650 2900 significabimus.

422 2923 479 2990 Ab
494 2923 537 2988 iis
552 2929 670 2986 autem
685 2937 864 2986 sumemus
878 2921 1028 3000 initium,
1045 2938 1135 3003 quae
1157 2921 1194 2985 in
1207 2920 1366 2988 finitimis
1382 2930 1485 3002 gesta
1502 2927 1574 2984 suut

361 3041 396 3096 et
411 3030 620 3113 propinquis
636 3028 779 3093 urbibus
795 3037 901 3108 atque
915 3027 1070 3109 oppidis.
1086 3027 1302 3092 Desinemus
1320 3027 1459 3092 κινοίη
1477 3044 1517 3091 ea
1530 3042 1575 3088 re·

361 3137 514 3218 iigt'om‘s
529 3153 571 3199 ac
579 3133 729 3217 pietatis
742 3141 777 3198 et
792 3133 982 3198 literarum
1002 3135 1144 3215 studia,
1158 3153 1248 3216 quae
1266 3141 1343 3199 tum
1356 3135 1395 3198 in
1413 3134 1507 3198 aimo
1519 3133 1576 3196 ioc

361 3245 497 3310 Beataa
525 3243 688 3323 Virginis
708 3241 858 3323 oppido,
876 3248 954 3305 tum
974 3242 1014 3305 in
1035 3241 1188 3306 Sanctae
1209 3243 1438 3307 Lauretanae
1457 3242 1575 3306 domus

366 3352 525 3433 collegio
545 3355 689 3428 nostro,
710 3350 747 3412 in
767 3350 838 3413 Dei
856 3349 1026 3413 honorem
1046 3365 1089 3414 ac
1113 3352 1335 3414 commodum
1355 3349 1576 3431 proxi'iiu‘que

360 3462 515 3526 salutem
528 3457 660 3523 coliata
674 3462 772 3520 sunt.

421 3569 537 3647 Atque
548 3583 590 3630 ea
603 3565 742 3646 quidem
751 3573 804 3628 est
817 3563 1019 3628 Picentium
1027 3564 1210 3628 hominum
1218 3565 1263 3629 de
1273 3564 1462 3630 Societutis
1465 3566 1575 3644 sama,

361 3683 436 3740 tam
451 3678 577 3738 sancta
593 3672 752 3735 omnium
767 3676 821 3734 est
838 3672 882 3734 de
896 3671 973 3735 σιω
994 3671 1199 3752 integritate
1217 3672 1454 3736 existimatio:
1470 3677 1510 3736 ut
1522 3670 1575 3735 Pi·

361 3783 440 3846 ceni
456 3787 490 3844 et
506 3779 755 3862 fintitinarum
775 3779 965 3859 regrbnum
986 3780 1194 3860 frequentes
1213 3778 1346 3862 popuii
1363 3796 1405 3842 ac
1422 3780 1576 3844 cubitales

361 3889 463 3955 tanto
480 3887 671 3951 §actitatis
691 3891 884 3950 teneantur
906 3886 1094 3967 desiderio,
1118 3897 1155 3951 ut
1176 3887 1345 3952 obtestari
1364 3897 1474 3969 atque
1492 3887 1575 3951 obse·

361 3997 462 4062 arari
472 4011 655 4077 nunquam
670 3992 844 4074 desinant,
860 3994 945 4056 dum
965 3994 1093 4076 uliquis
1107 4009 1152 4060 ex
1168 4011 1210 4060 ea
1225 3995 1271 4060 ud
1286 4011 1324 4059 se
1337 3994 1509 4074 mittatur,
1523 3991 1577 4074 qui

360 4105 576 4169 diuturnum
596 4118 707 4165 suum
728 4099 946 4164 desiderium
966 4100 1078 4165 lentat
1099 4117 1154 4180 ac,
1167 4102 1418 4166 sanctissimae
1437 4102 1576 4184 putatis

361 4218 445 4276 uoto
461 4212 597 4304 dudum
604 4208 832 4288 frustratos,
846 4207 1040 4289 aliquando
1056 4215 1234 4289 compotes
1248 4209 1396 4290 efficiat.
1415 4209 1576 4276 Omnibus

361 4335 448 4384 uero
468 4317 635 4382 satisfieri
660 4334 681 4380 a
703 4316 828 4397 paucis
849 4317 992 4381 onmino
1014 4334 1094 4380 cum
1116 4325 1280 4399 nequent,
1301 4316 1345 4381 iis
1366 4317 1576 4398 potissimum

400 4563 410 4598 ¹
439 4559 628 4616 Autuzrspbse
639 4557 665 4603 in
676 4558 771 4614 duplici
788 4559 856 4614 ioiio,
867 4570 909 4605 un.
919 4559 982 4604 ittet
996 4558 1031 4604 44.
1041 4558 1091 4615 iis,
1106 4570 1171 4615 quse
1187 4559 1288 4604 uotiuis
1302 4561 1502 4610 characteribus
1517 4562 1577 4608 exii·

359 4637 461 4688 nentur,
473 4645 489 4678 ι
499 4631 611 4678 Poisucu
626 4633 669 4676 vel
684 4633 830 4678 cusculium
845 4632 889 4677 vei
902 4637 1003 4696 mutsts
1017 4631 1096 4677 iuere.
1107 4632 1177 4686 Quae
1191 4643 1239 4689 pru
1254 4633 1286 4678 iis
1295 4633 1350 4689 ipse
1361 4635 1504 4690 substituit.
1519 4637 1575 4683 inira

360 4709 450 4756 videre
459 4706 518 4760 erit,
529 4705 571 4750 ubi
582 4705 693 4759 litteras,
704 4705 794 4759 quales
804 4705 837 4748 ab
848 4715 878 4748 eu
888 4705 1071 4760 reticuimus,
1082 4706 1267 4751 exhibebimus.

399 4779 412 4814 Ι
438 4778 549 4826 Periisse
558 4777 749 4822 mundentur.
