3472 5528
694 521 757 582 Aa.
780 522 849 582 libo
1329 521 1382 582 245

155 678 272 734 tamen
289 687 362 733 non
377 670 430 733 r'ta
444 670 591 734 videbar
604 669 670 733 ta'bt'
681 671 729 733 ad
743 671 851 733 uerba
866 669 1004 734 obedire
1018 669 1128 751 (quod
1140 669 1206 734 illa
1216 670 1382 752 postulat

74 789 80 798 ·
156 777 352 841 obedientia
367 795 474 858 quam
494 777 529 840 T.
547 777 632 840 Μ
652 778 866 841 Paternr‘tas
882 777 982 840 nobis
996 779 1162 858 exoptat)
1175 777 1244 842 nisi
1258 778 1302 842 de
1316 779 1384 842 sin·

156 886 250 966 gulis
273 885 403 964 dicam,
418 894 551 966 quanta
566 895 690 966 potero
702 885 883 949 celeritate
897 885 1083 964 uerbisque
1098 901 1205 964 quam
1220 885 1384 949 breuissi-

156 991 607 1072 aas,s1'ngutata·m0mnes
622 986 845 1073 percurram.

217 1098 360 1164 Primus
370 1099 434 1164 luit
446 1098 580 1164 Doctor
592 1100 678 1164 iuris
689 1099 865 1179 canonici,
879 1101 1019 1165 nomine
1033 1099 1226 1178 Saauedra,
1240 1100 1297 1164 uir
1306 1106 1385 1164 tan·
1424 1099 1426 1104 ’

154 1209 205 1271 tis
218 1209 346 1273 litteris
360 1225 404 1273 ac
419 1208 607 1288 grauitate,
626 1217 749 1271 utnon
765 1225 900 1290 paucos
914 1226 1000 1272 suae
1019 1209 1199 1273 facultatis
1219 1208 1384 1272 doctores

155 1315 332 1397 Compluti
346 1315 516 1395 degentes
530 1315 634 1379 iacile
648 1321 853 1396 superaret:
867 1315 897 1378 is
912 1316 1006 1380 enim
1020 1323 1107 1393 erat,
1125 1315 1170 1379 ad
1185 1331 1289 1396 quem
1311 1315 1384 1379 iere

154 1425 273 1488 omnia
285 1424 428 1504 negotia
439 1424 566 1504 grauia
578 1423 837 1498 deferebantur,
850 1440 955 1504 quem
967 1423 1002 1487 in
1015 1424 1119 1488 rebus
1131 1421 1247 1487 dubiis
1259 1439 1382 1486 consu·

154 1532 284 1609 lebant,
302 1530 486 1596 sumebant
501 1507 726 1610 aduocatum,
743 1530 1007 1595 constituebant
1025 1529 1188 1610 iudicem,
1205 1546 1309 1609 quem
1324 1529 1383 1594 ha·

153 1639 284 1702 bebant
298 1639 454 1702 omnium
470 1638 822 1717 exercitatissimum,
837 1636 1053 1718 proindeque
1076 1632 1329 1701 dexterrimum
1348 1635 1385 1700 in

154 1746 211 1824 iis,
235 1763 325 1826 quae
343 1746 389 1809 ad
407 1745 518 1826 ipsius
539 1745 742 1809 facultatem
761 1745 1000 1826 pertinebant:
1022 1753 1056 1807 et
1071 1743 1164 1824 quod
1179 1751 1233 1806 est
1246 1743 1384 1807 cunctis

154 1851 242 1916 aliis
255 1851 398 1915 dotibus
411 1859 446 1915 et
459 1851 624 1932 corporis
637 1857 671 1915 et
686 1851 800 1915 antini
812 1850 1107 1932 anteponendum,
1124 1859 1202 1915 erat
1221 1851 1256 1914 in
1279 1851 1384 1924 rebus

153 1960 348 2024 christiane
374 1975 584 2039 sumereque
612 1976 692 2023 cum
725 1959 942 2023 conscientia
975 1956 1172 2023 tractandis
1205 1959 1384 2040 specimen

153 2067 368 2147 omm'genae
382 2067 534 2131 uirtutis
546 2069 738 2147 exemplar.
751 2065 888 2148 Quippe
903 2066 973 2147 qui,
987 2065 1062 2130 m'sr'
1072 2083 1182 2129 vnam
1197 2066 1383 2131 ueritatem

153 2175 349 2252 tutandam,
367 2173 456 2238 nihil
470 2173 677 2253 susciperet,
694 2183 728 2237 et
744 2173 789 2238 ad
804 2191 842 2237 se
857 2174 911 2264 sui
931 2173 1136 2238 consulendi
1149 2173 1268 2253 gratia
1284 2191 1382 2240 acce·

152 2282 326 2360 dentibus
341 2282 424 2364 quid
435 2282 607 2346 haberent
618 2282 783 2361 iustitiae,
798 2281 881 2362 quid
889 2281 1009 2346 iniusti
1017 2280 1261 2362 postularent,
1268 2288 1382 2363 prout

153 2389 226 2453 sciti
243 2389 449 2469 vedebatur,
467 2389 599 2469 absque
619 2389 689 2454 ullo
708 2388 789 2452 fuco
814 2389 981 2452 ueritatis
1000 2389 1216 2454 declararet:
1240 2389 1273 2453 t's
1297 2387 1382 2453 olam

151 2513 307 2561 uxorem
320 2499 494 2576 duxerat,
508 2498 572 2560 sed
585 2513 692 2576 quam
706 2512 806 2560 mors
816 2495 942 2560 abhinc
953 2496 1106 2577 quinque
1117 2497 1226 2560 annt's
1236 2504 1380 2578 occupa·

149 2603 221 2682 uri,
240 2610 323 2668 ante
341 2605 444 2668 cuius
464 2604 609 2684 eertum,
634 2605 749 2667 nescio
776 2605 878 2668 cuius
903 2621 1030 2684 suasu,
1055 2605 1187 2684 accepit
1208 2603 1380 2668 exercitia

149 2711 379 2792 spa'rr‘tualtb,·
391 2717 426 2775 et
440 2711 521 2775 lt'cet
535 2711 659 2786 statim
675 2717 780 2792 atque
799 2728 898 2776 uxor
911 2712 988 2775 eius
1009 2710 1146 2775 interiit
1160 2760 1166 2780 .
1181 2717 1222 2775 ut
1239 2711 1309 2774 st'bt'
1320 2712 1380 2775 da·

149 2825 258 2883 retur
274 2819 374 2884 locus
394 2819 490 2883 inter
512 2823 659 2883 nostros
679 2819 831 2882 summis
851 2819 1017 2899 precatus
1041 2815 1286 2900 efflagitauit,
1305 2819 1381 2900 sed,

149 2927 238 3008 queit
261 2927 314 2990 ita
334 2926 455 2990 ur‘sam
475 2932 529 2990 est
543 2932 721 3008 oportere,
735 2926 962 3007 desyderium
981 2927 1057 3004 eius
1072 2924 1225 2990 muitum
1240 2932 1380 3008 tempus

149 3051 267 3114 usque
277 3035 325 3097 ad
335 3033 401 3098 hos
411 3034 636 3113 menscssur't
647 3052 669 3096 a
682 3035 795 3097 Patre
809 3033 997 3098 Vailanoua
1008 3033 1180 3112 dilatum·
1189 3033 1381 3113 qut'secum

148 3159 232 3205 eum
247 3143 349 3205 modo
365 3140 597 3205 Plaaentr‘am
612 3140 758 3220 detalr't‚·
770 3142 894 3205 deinde
904 3149 973 3222 per
986 3140 1159 3222 epistolas
1169 3158 1249 3205 eum
1264 3157 1378 3204 susce·

95 3271 102 3284 ·
143 3251 248 3330 pisse
261 3249 333 3312 tam
357 3247 557 3311 Vallisolett'
568 3265 694 3312 sacros
709 3249 855 3312 ordines
873 3249 1097 3313 rescr'ur'mus.

210 3355 346 3421 Doctor
360 3357 467 3421 etiam
482 3357 584 3436 alius,
600 3358 829 3422 concionator
841 3357 1003 3437 eximius,
1019 3366 1182 3438 receptus
1197 3369 1261 3436 est,
1278 3359 1378 3422 cuius

147 3480 279 3528 nomen
295 3479 357 3544 per
372 3463 577 3528 uniuersam
592 3464 767 3528 Castellae
778 3465 997 3546 prouinciam
1013 3474 1086 3529 tam
1097 3465 1168 3529 late
1182 3464 1377 3546 dr'uagaba·

146 3579 228 3650 tur,
242 3580 280 3636 ut
295 3572 400 3652 pauci
415 3571 604 3636 admodum
619 3581 748 3652 essent,
765 3573 824 3653 qui
840 3575 895 3636 uel
910 3571 953 3636 de
968 3573 1199 3638 concionibus
1214 3574 1305 3653 eius,
1322 3576 1377 3637 uel

145 3680 193 3744 de
219 3679 313 3743 uitae
333 3678 569 3743 sanctimonia
590 3697 659 3743 non
681 3680 873 3745 audissent:
900 3680 942 3760 is,
964 3680 1083 3746 statim
1107 3690 1212 3762 atque
1232 3699 1254 3742 a
1273 3680 1377 3745 Patre

145 3785 338 3851 Villanoua
354 3786 419 3850 suit
433 3785 622 3866 admissus
638 3786 812 3852 Murciam
832 3805 912 3852 cum
934 3786 972 3851 P.
997 3787 1073 3852 Dae
1091 3787 1226 3852 Mirone
1248 3788 1376 3852 missus

144 3903 213 3974 est,
230 3892 392 3975 idemque
406 3909 528 3958 secum
544 3893 666 3958 detulit
681 3912 761 3958 eum
776 3894 857 3958 inde
879 3893 1099 3972 Valentiam,
1116 3895 1174 3960 ubi
1188 3894 1377 3958 conciones

142 4002 236 4080 eius,
251 4018 340 4082 quas
354 3999 557 4083 frequenter
572 4001 689 4080 habet,
707 4003 834 4066 mirum
848 4003 884 4066 in
900 4003 1042 4066 modum
1058 4011 1184 4082 gratae
1200 4010 1292 4066 sunt.

207 4107 350 4172 Tertius
360 4107 424 4173 luit
438 4107 644 4172 adolescens
656 4108 809 4189 quidam,
823 4127 948 4188 annos,
962 4109 998 4173 ni
1008 4110 1123 4188 fallor,
1133 4117 1238 4174 natus
1249 4108 1376 4188 uiginti

142 4217 250 4291 duoS,
267 4216 327 4295 qui
342 4233 406 4280 sex
421 4233 535 4280 annos
550 4215 737 4281 continuos
753 4217 940 4297 collegium
955 4227 1115 4281 nostrum
1129 4217 1375 4297 frequentaue-

142 4333 215 4402 rat,
232 4331 414 4405 totumque
429 4340 468 4387 se
487 4322 633 4394 dederat
652 4323 864 4405 recipiendis
885 4325 1119 4390 sacramentis
1140 4324 1286 4406 aliisque
1308 4323 1374 4403 piis

142 4429 325 4512 operibus.
341 4429 472 4495 Fuerat
488 4430 518 4493 is
538 4428 674 4511 collega
695 4431 871 4512 trilinguis
891 4433 1020 4496 multos
1040 4448 1170 4510 annoS,
1188 4441 1222 4494 et
1238 4440 1374 4494 tantum

141 4539 181 4603 in
196 4537 329 4618 linguis
343 4537 579 4614 addiscendis,
595 4538 632 4602 in
646 4555 778 4618 graeca
792 4539 1025 4620 potissimum,
1047 4537 1259 4619 profecerat,
1275 4548 1313 4601 ut
1328 4537 1371 4612 ei,

141 4645 175 4708 si
189 4662 263 4708 non
278 4645 413 4726 primas
424 4662 490 4710 nec
501 4645 689 4726 secundas
701 4655 797 4710 certe
807 4646 850 4710 iis
862 4646 1042 4728 proximas
1054 4656 1173 4726 partes
1185 4647 1276 4709 inter
1286 4661 1373 4708 suae

139 4751 279 4816 aetau's
300 4752 553 4830 adolescentes,
580 4753 639 4836 qui
664 4753 748 4818 dant
774 4771 919 4840 operam
943 4754 1068 4821 studiis
1094 4751 1370 4836 humanioribus,
