3382 5528
378 509 434 571 480
766 511 936 569 errsaae
956 523 1233 576 Quauarussraas

379 641 587 738 exposcunt3
604 647 698 738 quod
717 674 790 721 non
807 656 915 719 semel
929 655 1004 718 fieri
1020 653 1193 732 videmus,
1216 654 1284 718 hoc
1298 659 1455 735 tempore
1470 653 1592 733 potissi·

379 782 487 844 mum,
504 764 646 846 quidam
661 764 775 842 exiis,
792 774 871 827 orta
887 763 977 825 inter
992 779 1054 824 eos
1069 762 1259 833 simultate,
1284 777 1433 824 uxorem
1448 760 1592 841 repudia·

379 881 447 952 rat;
463 888 613 952 cumque
627 871 780 952 plurimi,
798 887 859 933 eos
874 869 910 932 in
925 870 1080 948 gratiam
1091 869 1262 932 reducere
1274 868 1422 947 experti,
1435 868 1483 931 nil
1495 868 1593 949 proie-

380 978 521 1057 cissent,
543 977 685 1058 quidam
705 976 841 1056 Patres,
863 976 1010 1040 dissidio
1032 973 1188 1055 cognito,
1214 992 1289 1038 rem
1310 991 1450 1038 omnem
1469 993 1594 1055 compo-

380 1093 538 1149 suerunt.
554 1083 657 1148 Addo
672 1085 798 1163 nullos,
816 1093 877 1147 aut
892 1091 987 1146 certe
1002 1098 1147 1162 paucoS,
1166 1082 1272 1144 morti
1292 1097 1330 1144 se
1352 1081 1489 1146 viciuos
1503 1081 1595 1145 senti-

379 1209 429 1270 re,
443 1191 526 1271 quin
542 1189 730 1254 Societatis
745 1207 849 1270 opem
862 1189 1061 1269 implorent.
1079 1186 1338 1251 Assistentibus
1353 1187 1431 1251 viro
1446 1189 1595 1252 morienti

380 1298 564 1361 monachis
578 1297 789 1378 quibusdam
805 1296 975 1376 probatae
994 1293 1187 1373 religionis,
1206 1305 1239 1357 et
1260 1295 1356 1358 vitae
1372 1295 1595 1358 sanctimonia

380 1404 592 1484 conspicuis,
619 1405 690 1484 qui,
717 1405 829 1466 literis
850 1412 884 1466 et
905 1401 1063 1465 moribus
1084 1401 1246 1480 spectati,
1272 1401 1489 1466 valentinam
1515 1401 1595 1464 hanc

381 1512 518 1591 plebem
533 1511 605 1573 suis
621 1511 852 1573 concionibus
867 1508 1118 1571 iucundissime
1133 1509 1242 1584 alunt,
1260 1508 1366 1570 acciti
1381 1517 1463 1572 sunt
1477 1509 1596 1572 illucet

380 1618 504 1695 nostri,
521 1617 592 1697 qui,
610 1617 645 1679 in
665 1617 742 1696 ipso
757 1616 877 1679 statim
897 1614 1024 1677 domus
1044 1613 1164 1677 limine
1185 1613 1347 1692 ingressi,
1370 1615 1438 1678 hoc
1453 1632 1475 1677 a
1491 1597 1595 1678 dome·

381 1725 481 1787 sticis
501 1741 539 1786 se
553 1723 732 1787 audiuisse
751 1723 958 1785 retulerunt:
977 1721 1152 1798 “veniant
1170 1719 1314 1783 veniant
1329 1721 1354 1783 ii
1369 1719 1433 1798 (sic
1449 1721 1536 1784 enim
1556 1721 1597 1783 illi

382 1829 577 1908 dicebant),
603 1847 686 1892 nam
711 1827 879 1910 quidquid
906 1837 1045 1908 praeter
1070 1827 1136 1888 hos
1161 1837 1334 1906 superest,
1358 1845 1476 1907 nugae
1495 1837 1596 1904 sunt„:

382 1939 501 2020 itaque
527 1939 655 2000 mirum
680 1946 734 1999 est
758 1953 865 2015 quam
892 1937 1114 2006 venientibus
1143 1935 1247 2000 fuerit
1277 1934 1321 1997 ab
1350 1935 1525 2000 vniuersis
1548 1953 1597 2016 ap-

382 2045 571 2124 plausum:

442 2149 632 2214 Exciderat
658 2171 676 2213 c
703 2153 884 2229 memoria,
912 2153 1005 2233 quod
1029 2163 1110 2216 ante
1137 2153 1255 2217 omnia
1281 2152 1415 2215 dictum
1438 2149 1596 2232 oportuit:

383 2257 565 2320 monachis
580 2275 624 2320 cx
639 2257 683 2320 D.
701 2257 877 2322 Dominici
893 2260 1015 2324 ordine
1030 2279 1095 2324 nos
1110 2261 1234 2325 crebro
1248 2259 1494 2334 inuisentibus‚
1509 2256 1599 2320 nobis

382 2364 555 2444 siquidem
571 2381 651 2427 cum
665 2365 717 2428 eis
732 2367 920 2444 plurimum
934 2365 1186 2431 familiaritatis
1206 2365 1416 2445 intercessit,
1439 2380 1556 2428 eorum
1568 2363 1599 2423 iu

384 2470 452 2533 hac
466 2470 651 2550 provincia
665 2471 877 2552 praefectus
902 2453 1006 2554 atque
1026 2473 1131 2554 hujus
1145 2473 1318 2537 valentini
1336 2471 1498 2536 coenobii
1511 2487 1599 2551 prae·

384 2594 451 2654 ses,
469 2577 537 2640 duo
552 2586 683 2657 tantae,
705 2596 770 2641 nec
792 2579 880 2642 satis
894 2580 1070 2658 laudatae,
1093 2579 1275 2660 religionis
1298 2559 1497 2642 clarissima
1511 2576 1599 2640 lumi·

383 2700 441 2760 na,
465 2685 620 2747 solemne
642 2701 783 2748 sacrum
803 2684 907 2749 Petro
928 2703 971 2749 ac
990 2685 1098 2750 Paulo
1119 2685 1301 2766 Apostolis
1322 2687 1358 2749 in
1379 2696 1501 2748 nostra
1523 2682 1600 2746 aede

383 2799 556 2854 concentu
573 2791 706 2854 musico
721 2809 980 2873 numerosaque
992 2793 1210 2856 audientium
1225 2810 1357 2856 corona
1374 2791 1599 2855 celebrarunt:

382 2896 487 2960 iidem
503 2897 628 2960 deinde
639 2898 837 2977 spiritualia
853 2900 1023 2963 exercitia
1039 2917 1102 2963 seu
1114 2900 1337 2973 documenta,
1351 2915 1474 2962 eorum
1489 2897 1600 2976 impul·

383 3020 425 3066 su
439 3003 510 3065 sibi
520 3004 661 3082 tradita,
679 3006 832 3068 maximo
845 3024 924 3068 cum
941 3005 1057 3069 fructu
1074 3006 1377 3086 acceperunt:·alii
1389 3003 1601 3085 postmodum

384 3109 539 3173 eiusdem
553 3111 677 3174 classis
688 3113 864 3189 monachi,
878 3113 1070 3192 profecturi
1082 3122 1121 3176 ut
1132 3113 1314 3192 religionis
1330 3114 1462 3174 cultum
1477 3110 1513 3173 in
1527 3127 1600 3191 quo·

385 3217 465 3280 dam
481 3234 624 3280 suorum
639 3218 808 3282 coenobio
824 3221 1019 3300 collapsum
1035 3219 1261 3284 restituerent
1277 3217 1467 3298 divinoque
1481 3216 1602 3298 praesi-

385 3323 443 3386 dio
465 3323 665 3401 ¹firmarent,
694 3325 816 3388 eadem
846 3327 947 3406 quasi
976 3327 1115 3407 spiritui
1143 3327 1309 3406 pabulum
1335 3325 1602 3389 exercitamenta

385 3432 621 3510 quaesierunt,
639 3431 749 3494 fratre
773 3429 959 3496 Societatis
974 3443 1130 3512 nostrae,
1148 3433 1207 3513 qui
1222 3451 1264 3496 ea
1287 3442 1508 3512 suggereret,
1531 3432 1603 3494 illuc
1665 3459 1671 3476 ·

385 3547 499 3614 eunte,
516 3555 598 3599 nam
611 3554 691 3600 cum
706 3539 825 3617 plures
839 3549 919 3602 octo
935 3549 995 3602 aut
1011 3548 1095 3619 puto
1114 3537 1152 3602 10
1166 3548 1450 3617 numerarentur,
1467 3555 1530 3619 per
1543 3535 1602 3600 loci

385 3644 596 3724 angustiam,
615 3662 685 3725 qua
700 3646 904 3724 premimur,
921 3646 991 3709 huc
1006 3664 1067 3709 eos
1082 3646 1211 3709 diverti
1226 3663 1296 3710 non
1312 3635 1420 3709 licuit}
1445 3670 1449 3676 ·

444 3751 598 3830 Augusti
614 3768 733 3814 mense
748 3749 840 3814 diem
862 3753 1036 3816 celebrem
1057 3751 1189 3824 Sancto
1209 3752 1409 3830 Dominico,
1432 3753 1603 3834 religionis

385 3859 589 3935 institutori,
606 3859 655 3921 illi
674 3860 899 3940 persolutum,
919 3859 1060 3922 Patrem
1076 3859 1238 3922 Ramirez
1254 3860 1301 3922 ibi
1321 3861 1604 3924 concionaturum

384 3975 615 4042 uocauerunt,
634 3963 732 4045 cujus
752 3967 927 4044 concioni,
946 3984 1026 4029 cum
1041 3977 1133 4030 esset
1147 3967 1259 4030 literis
1275 3976 1308 4028 et
1326 3983 1467 4031 morum
1486 3967 1605 4030 sancti·

385 4082 458 4135 tate
478 4073 712 4150 observanda,
735 4072 980 4150 interfuerunt,
1003 4073 1135 4153 plebeis
1155 4089 1274 4151 parco,
1299 4075 1467 4137 monachi
1481 4073 1605 4155 passim

386 4197 428 4243 ac
441 4177 637 4259 jurisperiti
652 4179 814 4241 omnibus
826 4178 1036 4248 ,eruditionis
1057 4179 1212 4241 numeris
1233 4179 1397 4270 absoluti,
1415 4197 1496 4242 cum
1514 4184 1603 4242 tanta

385 4285 650 4349 advenientium
675 4287 907 4372 multitudine,
932 4297 968 4349 ut
990 4303 1094 4348 sacra
1117 4285 1176 4348 illa
1197 4286 1334 4364 domus
1352 4288 1521 4367 capacior
1536 4287 1606 4367 plus

383 4392 478 4471 justo
493 4401 527 4454 ct
542 4392 750 4472 spaciosior‚
766 4392 946 4473 capiendis
958 4393 1011 4468 iis,
1026 4393 1187 4471 intraque
1200 4409 1301 4456 suum
1314 4395 1429 4456 sinum
1441 4391 1604 4457 fovendis.

387 4517 456 4561 non
474 4497 659 4561 sufficeret.

379 4597 385 4604 ’
447 4603 580 4668 Diebus
604 4605 702 4668 lestis
722 4605 815 4667 domi
838 4617 981 4668 nostrae
1001 4607 1145 4685 copioso
1166 4607 1252 4669 satis
1269 4607 1483 4670 audientium
1502 4621 1605 4685 grege

380 4712 485 4776 'horis
505 4711 755 4792 pomeridianis
782 4712 899 4774 xiana.
923 4713 1093 4778 institutio
1114 4715 1333 4792 declaratum
1355 4725 1389 4780 et
1405 4732 1474 4793 quo
1489 4713 1604 4777 melius
