3410 5528
766 506 938 572 Lurruttun
956 521 1227 582 coenaturusrttes

428 1535 596 1597 Robertus
612 1534 847 1610 Clayssonius,

464 1634 518 1694 Ex
531 1634 773 1694 commissione
787 1633 898 1694 Patris
911 1631 1108 1708 Hieronymi
1121 1633 1170 1694 Le
1185 1633 1264 1707 Bas,

498 1733 590 1793 Patri
603 1733 732 1805 lunatio
745 1733 787 1793 de
800 1732 941 1809 Loyola.

532 1831 686 1906 Biliomo‚
702 1831 946 1907 enutriebat

429 2164 505 2230 Pax
519 2165 662 2230 Domini
674 2165 740 2230 Dei
755 2166 867 2230 nostri
881 2165 965 2250 Jesu
980 2166 1112 2234 Christi
1128 2167 1286 2250 perfecta
1297 2183 1363 2231 nos
1374 2167 1486 2231 donet
1499 2166 1597 2232 liber·

371 2282 458 2337 tate.

429 2378 527 2458 Quae
541 2381 781 2461 superioribus
796 2381 908 2445 literis
927 2383 1134 2462 menstruis,
1157 2383 1322 2464 proximo
1351 2381 1598 2464 quadrimestri

368 2487 489 2566 elapso
509 2486 555 2550 ad
575 2485 612 2550 P.
640 2486 753 2550 Tuam
778 2487 965 2553 destinatis
989 2487 1012 2569 ',
1039 2489 1212 2571 prolixius
1237 2488 1421 2571 fusiusque
1448 2488 1594 2574 perscri-

367 2593 523 2673 psimus,
550 2591 814 2673 compendiario
837 2595 1000 2660 methodo
1023 2596 1058 2660 in
1080 2597 1312 2662 summarium
1332 2595 1440 2660 totius
1462 2593 1594 2676 negotii

368 2709 616 2780 argumentum
631 2699 728 2764 hisce
739 2701 851 2766 literis
862 2702 1191 2783 quadrimestribuS,
1204 2721 1249 2768 ex
1261 2702 1486 2768 obedientiae
1497 2719 1596 2784 prae·

368 2809 514 2889 scripto,
530 2809 751 2889 colligemus,
768 2827 789 2872 a
805 2807 941 2873 decimo
957 2810 1118 2893 Januarii
1137 2811 1368 2890 auspicaturi,
1391 2827 1463 2891 quo
1483 2819 1595 2874 extre·

366 2932 443 2979 mas
458 2909 736 2997 quadrimestres
750 2913 762 2946 ⁸
777 2917 997 2997 scripsimus.

424 3021 517 3086 1111Β
531 3022 570 3085 Ρ.
590 3021 829 3103 Hieronymus
848 3023 993 3086 Bassius
1012 3031 1160 3103 rogatus
1180 3041 1201 3087 a
1221 3023 1425 3087 consulibus
1446 3021 1596 3088 Issiodo·

364 3130 539 3208 rensibus,
565 3128 645 3193 R.¹¹¹¹
668 3129 934 3193 Claromontani
954 3129 1132 3194 Antistitis
1151 3127 1384 3211 ‘subscripto
1406 3129 1594 3210 suffragio,

364 3236 540 3316 integrum
554 3236 865 3318 quadragesimam
880 3236 1108 3301 ecclesiastae
1124 3236 1239 3302 officio
1258 3237 1353 3319 apud
1371 3254 1433 3301 eos
1454 3235 1596 3302 iunctus

365 3353 429 3424 est,
446 3360 529 3407 cum
543 3352 642 3408 tanta
657 3344 858 3408 auditorum
873 3353 908 3407 et
923 3344 1042 3423 gratia
1057 3354 1091 3407 et
1106 3344 1322 3425 frequentia,
1340 3353 1473 3426 quanta
1493 3361 1537 3408 ea
1560 3343 1596 3407 in

364 3451 452 3514 vrbe
467 3467 641 3515 annorum
657 3451 802 3530 triginta
817 3451 934 3531 spatio
950 3453 1001 3527 (vt
1016 3451 1092 3532 ipse
1106 3451 1224 3516 eiusce
1243 3450 1361 3515 iamne
1382 3451 1595 3516 auricularis

364 3558 464 3621 testis
489 3557 600 3635 extiti)
627 3558 799 3622 hactenus
824 3559 1017 3638 conspicua
1041 3558 1117 3638 iuit,
1143 3575 1209 3623 nec
1232 3560 1366 3640 absque
1391 3559 1593 3623 animarum

361 3665 460 3728 lucro
476 3665 592 3746 opimo
614 3666 768 3730 foenore.
790 3665 994 3730 Nosocomii
1014 3664 1281 3731 Claromontani
1299 3667 1504 3747 inquilinus,
1526 3683 1592 3730 ceu

403 3978 412 4012 ¹
440 3978 629 4033 Autograpbae
638 3979 721 4023 tribus
729 3978 805 4032 loliis,
814 3990 859 4022 nn.
868 3943 1025 4024 miii-ln
1033 3977 1064 4023 iia
1072 3978 1220 4024 emendavit
1230 3978 1365 4034 quaedam,
1374 3979 1532 4024 cancellavit
1542 3982 1595 4036 plu·

359 4061 389 4094 ra
400 4048 535 4104 Polaucua;
547 4061 627 4104 quare
639 4060 695 4104 nos,
705 4058 732 4095 ut
747 4051 813 4094 alius
823 4050 938 4104 fecimus,
953 4051 1059 4095 litteras
1073 4061 1090 4095 a
1104 4049 1217 4094 i'olauco
1232 4055 1367 4094 correctas
1383 4049 1459 4106 inira,
1475 4055 1535 4106 poet
1547 4051 1595 4096 baa

358 4123 449 4176 quales
460 4120 628 4178 Clayesonius
638 4122 751 4176 scripsit,
762 4122 935 4177 subjiciemus.

398 4193 410 4224 ¹
437 4193 564 4248 Elapsum
578 4193 782 4248 quadrimestre,
796 4195 869 4250 cuius
884 4195 925 4238 bic
941 4193 968 4237 ilt
983 4203 1081 4248 sermo,
1092 4192 1156 4238 illud
1171 4201 1210 4238 est
1226 4193 1293 4248 quod
1309 4205 1325 4239 a
1339 4193 1458 4247 Jauuaril
1472 4193 1549 4240 initio
1561 4194 1595 4240 ad
1695 4217 1696 4220 =

358 4265 458 4320 Aprilis
469 4264 545 4309 tinem
555 4266 679 4310 excurrit.
690 4265 748 4318 Jam
759 4277 822 4309 vero
833 4277 865 4309 ex
877 4265 917 4310 his
929 4265 1032 4319 litterla,
1048 4276 1112 4319 quas
1127 4275 1174 4320 pro
1190 4275 1260 4309 more
1275 4265 1384 4320 singulte
1397 4265 1440 4310 bia
1454 4266 1595 4320 meuaibua,

357 4337 489 4390 Januario,
500 4337 611 4389 scilicet,
623 4335 776 4392 Februario,
788 4336 883 4382 Martio
893 4345 918 4381 et
931 4337 1017 4391 Aprili
1026 4335 1315 4393 Clayssoniusscrlpslt,
1326 4341 1473 4392 postremae
1481 4343 1594 4390 tantum.

356 4408 399 4453 die
410 4411 459 4453 ¹2l.·
470 4409 556 4461 datae,
569 4409 601 4452 ad
612 4419 658 4453 nos
668 4420 748 4464 nsque
757 4421 909 4465 pervenere.
920 4407 1077 4459 Eaatamen.
1088 4409 1156 4463 qula,
1164 4415 1194 4453 ut
1201 4410 1266 4452 bene
1274 4409 1312 4453 alt
1321 4409 1376 4464 lpse
1383 4416 1485 4465 auctor,
1493 4410 1593 4462 eadem

356 4481 419 4526 licet
428 4481 506 4536 paulo
516 4481 685 4532 enucleatius,
697 4480 838 4534 continent,
851 4481 954 4536 quaein
969 4480 1010 4524 itia
1025 4480 1258 4535 quadrimestribus
1276 4487 1426 4535 narrantur,
1442 4481 1484 4526 bic
1497 4492 1549 4527 uon
1559 4482 1594 4528 in·

355 4564 479 4607 aeremus,
492 4553 538 4596 sed
554 4552 588 4597 ad
603 4552 780 4607 Appendicem
794 4554 907 4597 alteram
922 4551 1013 4597 Novae
1028 4550 1111 4596 Seriel
1125 4551 1275 4596 litterarum
1289 4543 1381 4596 'Sancti
1395 4551 1492 4608 ignatii
1505 4554 1594 4599 remit·

357 4631 449 4670 temus.
843 4619 850 4632 '

396 4695 407 4727 ³
434 4696 488 4740 Eas
496 4696 622 4742 edidimus
632 4707 720 4753 supra,
731 4707 757 4742 n.
767 4707 871 4752 cutam,
882 4707 945 4751 pue.
960 4695 999 4739 19.

397 4766 411 4800 ⁸
436 4767 696 4814 Guilielmidui’rat.
