3368 5528
662 500 725 560 aa.
746 499 828 560 raa·
1275 497 1329 582 aar

106 643 206 710 etiam
225 646 265 709 in
283 644 393 711 fratre
415 645 670 714 lucrifaciendo
695 639 841 711 multum
864 645 1043 723 laboraui;
1071 639 1133 708 sed
1157 641 1331 708 hactenus

107 751 183 817 inde
203 769 332 834 parurn
350 754 469 829 retuli,
491 755 560 820 nisi
578 755 708 820 bonam
731 771 842 836 spem.
864 751 983 834 Quare
1009 769 1090 816 eum
1111 751 1331 816 orationibus

108 855 253 923 fratrum
267 859 553 924 commendatum
572 877 813 942 percuperem.

162 963 207 1054 M.
233 959 446 1031 Franciscus
471 967 639 1033 Costerus
659 969 696 1032 in
717 967 857 1049 publica
881 965 1010 1032 Schola
1034 965 1175 1030 Artium
1200 983 1331 1046 magna

109 1055 184 1136 cum
199 1074 304 1138 laude
323 1084 357 1138 et
372 1075 528 1140 omnium
549 1075 782 1140 admiratione
806 1067 1088 1137 adolescentibus
1108 1073 1249 1136 circiter
1271 1073 1330 1136 du·

108 1179 214 1260 centis
229 1181 483 1262 interpretatur
497 1181 693 1268 Sphaeram
712 1181 861 1266 Joannis
885 1179 1091 1244 Sacrobusti
1116 1179 1136 1242 ¹.
1161 1179 1275 1252 Vnde,
1300 1180 1331 1271 si

109 1303 174 1350 non
192 1289 336 1367 plenam
356 1305 520 1368 messem,
540 1290 664 1354 saltem
687 1289 805 1370 spicas
830 1287 963 1368 aliquot
989 1285 1148 1350 Societas
1174 1287 1327 1367 collegit.

108 1391 149 1456 Μ.
166 1411 251 1459 uero
265 1394 441 1460 Henricus
457 1395 653 1479 Dionysius
667 1405 701 1462 et
720 1413 806 1476 eg0,
823 1411 968 1476 prorsus
983 1393 1167 1474 indignus,
1185 1394 1328 1458 domini·

107 1500 157 1563 cis
171 1512 204 1564 et
219 1512 425 1568 sanctorum
439 1502 539 1568 sestis
553 1503 687 1582 diebuS,
705 1503 906 1568 alternatim
925 1501 1177 1565 concionamur
1192 1501 1228 1564 in
1243 1502 1329 1564 aede

108 1602 254 1672 Sanctae
283 1607 463 1690 Agathae;
495 1611 641 1692 inqua,
671 1611 757 1698 licet¹
780 1611 951 1674 hactenus
976 1625 1111 1690 paucae
1139 1609 1328 1672 admodum

106 1715 290 1780 conciones
302 1716 443 1782 habitae
459 1718 539 1794 sint,
557 1718 670 1800 sitque
684 1719 784 1781 locus
796 1736 816 1779 a
829 1716 931 1780 turba
945 1717 1049 1797 paulo
1062 1716 1242 1790 remotior;
1258 1735 1328 1780 non

108 1829 220 1886 nmen
245 1817 368 1888 sedulo
382 1841 424 1888 eo
446 1825 567 1888 uenire
582 1825 679 1906 piget
700 1826 798 1889 uiros
819 1833 854 1886 et
877 1823 1041 1886 mulieres
1059 1813 1198 1886 'nobiles
1218 1829 1262 1886 ex
1277 1840 1327 1886 re·

107 1929 309 1994 notioribus
324 1930 421 1996 urbis
436 1931 604 2011 partibus.

162 2033 378 2100 Amandauit
407 2047 524 2102 autem
553 2037 590 2101 P.
622 2037 831 2102 Leonnrdus
859 2037 1100 2118 superioribus
1128 2035 1251 2100 diebus
1279 2035 1324 2100 M.

106 2137 290 2208 Henricum
307 2141 518 2225 Dionysium
538 2143 790 2224 Neomagium‚
812 2161 882 2225 quo
897 2145 1086 2208 multorum
1105 2143 1172 2224 piis
1194 2143 1326 2207 deside·

105 2247 161 2312 riis
174 2249 407 2314 satisfaceret.
425 2249 493 2314 Vbi
510 2262 543 2314 et
559 2250 676 2315 series
690 2262 752 2314 aut
775 2249 905 2332 septies
926 2252 961 2314 in
976 2267 1114 2314 summo
1130 2252 1273 2330 templo,
1289 2252 1324 2313 in

105 2356 252 2420 maxima
279 2356 460 2421 hominum
483 2358 586 2422 turba
611 2367 718 2437 atque
743 2357 957 2440 frequentia,
987 2376 1059 2422 non
1088 2357 1164 2420 sine
1192 2357 1325 2436 ingenti

14 2493 15 2504 κ
105 2459 213 2528 iruetu
228 2475 284 2528 est
298 2464 546 2544 concionatus,
562 2477 599 2528 ut
614 2465 730 2529 exitus
746 2465 951 2529 declarauit.
974 2463 1212 2528 Ostenderunt
1232 2465 1325 2528 enim

105 2572 241 2652 egregie
263 2582 345 2636 tunc
369 2588 407 2635 re
427 2572 504 2652 ipsa
524 2571 799 2652 Neomagenses,
823 2589 928 2652 quam
948 2572 1040 2635 bono
1062 2588 1149 2651 erga
1171 2569 1325 2635 Societa-

106 2686 169 2742 tem
190 2689 308 2743 essent
329 2679 458 2742 animo.
483 2679 526 2742 Et
548 2679 735 2758 collegium
758 2679 1009 2743 canonicorum
1036 2679 1081 2742 ad
1105 2677 1147 2741 R.
1168 2677 1214 2741 V.
1240 2679 1323 2741 scri-

106 2793 238 2862 ptumm
255 2783 442 2849 credimus.

155 2891 279 2956 Frater
291 2893 398 2957 etiam
409 2905 529 2958 noster
540 2893 716 2958 Henricus
727 2893 990 2970 Dionantensis,
1003 2891 1119 2956 tantus
1130 2898 1154 2966 ⁸,
1166 2909 1236 2956 non
1248 2893 1324 2955 sine

105 2998 244 3063 utilitate
264 3000 299 3062 in
324 3000 439 3080 patria
464 3009 498 3064 et
523 3000 646 3064 Leodii
667 3000 743 3063 suit.
768 2999 938 3064 Dionanti
959 2999 1099 3080 quidem
1125 2999 1324 3063 humaniter

105 3102 284 3170 admodum
299 3117 469 3187 exceptus
482 3106 547 3171 suit
562 3125 583 3170 a
599 3107 779 3172 canonicis
791 3116 824 3170 et
837 3105 985 3182 decano,
998 3106 1057 3187 qui
1069 3116 1102 3169 et
1118 3106 1167 3169 illi
1181 3107 1322 3186 plenam

105 3209 167 3276 illic
190 3213 425 3278 concionandi
446 3213 530 3278 fecit
552 3223 773 3294 potestatem.
797 3213 1037 3290 concionatus
1057 3224 1110 3276 est
1130 3213 1165 3276 in
1187 3212 1323 3277 duobus

106 3319 233 3401 templis
249 3321 453 3402 aliquotieS,
471 3330 505 3385 et
521 3337 601 3385 cunr
616 3337 737 3384 rumor
752 3329 845 3384 esset
864 3337 944 3384 eum
960 3321 1167 3384 concionem
1186 3320 1320 3383 habitu·

106 3441 175 3490 rum
189 3427 224 3492 in
238 3445 376 3492 summo
391 3429 538 3509 templo,
555 3427 668 3492 maior
682 3445 724 3490 eo
739 3428 842 3490 solito
859 3427 960 3490 turba
977 3427 1156 3490 confluxit.
1175 3426 1322 3491 Canoni-

105 3531 133 3592 ci
146 3531 246 3600 huius
262 3535 341 3612 loci,
359 3544 393 3598 et
416 3535 512 3600 ciues
527 3536 672 3616 aliquot,
690 3550 754 3598 sex
774 3533 816 3598 de
837 3532 1014 3598 Societate
1028 3533 1158 3597 habere
1174 3535 1322 3597 multum

107 3637 316 3719 desiderant,
338 3643 397 3724 qui
419 3643 571 3720 clerum,
592 3641 776 3723 populum,
801 3649 834 3704 et
849 3641 1065 3706 iuuentutem
1085 3641 1319 3705 instituerent.

107 3743 197 3812 Multi
210 3747 259 3812 illi
273 3748 434 3814 confiteri
448 3749 631 3824 uolebant,
656 3747 753 3811 multi
774 3748 878 3812 etiam
902 3765 986 3811 suos
1008 3748 1098 3812 filios
1121 3747 1320 3812 obtulerunt

105 3849 273 3920 societati.
300 3855 422 3920 Leodii
448 3866 565 3920 autem
587 3857 734 3918 multum
757 3855 878 3919 uidere
900 3855 1102 3918 desiderant
1124 3853 1319 3935 Collegium

104 3955 289 4036 Societatis;
306 3963 404 4044 prius
419 3975 535 4026 tamen
558 3979 666 4026 unum
681 3973 742 4026 aut
762 3964 911 4026 alterum
935 3964 1238 4040 concionatorem,
1256 3978 1319 4041 per

103 4081 181 4144 quos
194 4068 355 4136 Societas
370 4073 474 4151 paulo
490 4069 605 4150 magis
621 4071 750 4150 populo
765 4069 1011 4133 innotesceret.
1036 4067 1074 4132 ln
1094 4085 1199 4150 quem
1217 4086 1318 4132 usum

105 4171 255 4242 Fratrem
279 4190 439 4242 nostrum
461 4176 653 4241 Henricum
679 4177 924 4252 retinuissent,
951 4177 980 4240 si
1005 4194 1085 4241 eum
1110 4177 1203 4240 bona
1229 4192 1319 4257 pace

104 4277 168 4340 Pal·
184 4281 262 4347 Vae
280 4283 358 4348 fieri
371 4285 554 4365 potuisset.
571 4283 779 4348 Necessaria
796 4300 867 4348 non
882 4283 1044 4347 defutura
1057 4284 1276 4363 promittunt.

153 4389 247 4456 Haec
262 4401 359 4470 sunt,
377 4389 418 4454 R.
436 4391 486 4469 1³,
503 4407 594 4472 quae
610 4391 905 4456 clementissimus
920 4389 1019 4455 Deus
1033 4392 1174 4472 operari
1195 4390 1318 4472 digna·

116 4555 289 4572 ....-,..,.,

137 4663 144 4697 ¹
171 4665 334 4724 vidempra.
345 4675 364 4713 t.
374 4679 411 4722 nt,
422 4679 483 4724 pag.
492 4669 540 4722 oll,
551 4675 639 4713 annot.
651 4673 670 4714 l.

137 4734 149 4766 ¹
173 4736 297 4786 Hermone
307 4737 444 4793 sonantior,
454 4740 565 4786 nondum
575 4740 706 4790 recordor.
716 4747 793 4788 nutus
802 4742 826 4785 ln
836 4742 900 4786 arbe
908 4741 1012 4786 Dlnant.
