3510 5526
509 487 679 546 Auonnoa
699 503 729 544 ru
750 503 838 545 rouo
857 502 1006 546 sscusoo
1311 485 1379 544 biii·

127 629 278 710 quidem
303 631 455 708 nomine,
484 640 520 692 ut
547 629 594 693 ibi
619 630 894 694 cumfratribus
918 631 1120 711 sepeliatur.
1149 629 1260 710 Signa
1286 649 1362 710 sua,

138 754 231 817 quae
245 737 439 816 parietibus
454 737 613 816 haerent,
637 737 732 816 cupit
753 739 886 814 tollere,
910 748 949 800 ut
972 753 1101 802 nomen
1122 737 1382 802 aedificatoria.

139 843 362 916 obliteratum
379 861 451 906 non
475 843 569 906 enim
588 845 663 906 uult
683 860 748 906 sua
770 844 920 923 pecunia
945 861 1079 923 poenas
1104 843 1209 908 Erebi
1234 861 1364 908 eruere.

139 950 220 1014 Hoc
234 949 394 1014 sufficere
409 950 469 1028 ait,
486 967 567 1012 cum
581 950 716 1013 tamdiu
735 967 820 1012 suas
838 951 1009 1030 pecunias
1027 961 1062 1014 et
1081 965 1218 1030 tempus
1244 969 1266 1014 a
1288 950 1382 1014 Deo*

139 1057 207 1120 sibi
222 1073 432 1120 concessum
444 1057 712 1136 consumpserit.
728 1055 847 1120 Voluit
860 1067 898 1119 ut
909 1056 1004 1120 adse
1015 1057 1231 1121 diuerterent
1242 1074 1366 1122 omues

140 1163 266 1227 Patres
281 1173 363 1226 ante
379 1181 486 1243 quam
501 1163 536 1226 in
551 1164 606 1226 bis
621 1163 752 1227 nostris
767 1163 913 1227 aedibus
928 1173 1123 1228 manerent.
1381 1173 1383 1176 ’

201 1269 334 1334 Habuit
349 1271 487 1349 aliquas
501 1271 691 1333 conciones
706 1270 752 1333 ad
768 1272 937 1350 populum
950 1269 988 1333 P.
1006 1269 1232 1350 FranciscuS,
1250 1280 1285 1335 et
1306 1273 1369 1334 ali·

132 1377 284 1458 quando
300 1376 337 1440 P.
355 1377 619 1440 Bustamantius
636 1375 657 1436 ¹.
955 1443 957 1450 ,

201 1484 270 1547 Die
286 1484 389 1548 diuae
404 1481 630 1562 Catharinae,
647 1501 728 1548 cum
743 1493 865 1564 aptata
887 1496 980 1548 esset
1001 1485 1090 1549 haec
1110 1487 1246 1564 domus,
1271 1487 1369 1550 uenit

142 1591 181 1655 P.
197 1591 413 1655 Franciscus
428 1607 509 1652 cum
524 1591 667 1671 reliquis
682 1590 845 1654 Patribus
861 1591 1056 1656 habitatum
1076 1593 1112 1656 in
1132 1609 1191 1671 ea,
1214 1603 1249 1656 et
1269 1594 1367 1672 igno·

142 1709 245 1762 rante
261 1697 403 1760 domino
419 1697 561 1776 quidem
574 1695 722 1778 Joanne,
743 1698 803 1776 qui
824 1699 1019 1777 permultos
1039 1700 1175 1779 equites
1196 1715 1384 1762 conuocar

143 1815 246 1868 uerat
261 1821 370 1868 causa
390 1820 455 1867 nos
477 1803 674 1866 deducendi
699 1821 741 1866 ac
768 1804 959 1867 comitandi
986 1805 1138 1868 domum.
1165 1805 1371 1870 quenimus

144 1913 288 1975 domum
314 1921 489 1988 ornatam,
515 1927 606 1989 quae
632 1927 703 1972 non
728 1909 874 1972 minoris
899 1927 1006 1989 quarn
1035 1912 1128 1974 mille
1153 1912 1304 1992 ducatis,
1332 1923 1371 1975 vt

144 2027 341 2098 aptaretur,
357 2016 528 2078 constitit.
546 2013 682 2078 Placuit
697 2016 791 2078 omni
803 2018 943 2096 populo.
957 2017 1002 2080 Et
1013 2015 1165 2098 quidem,
1180 2028 1371 2098 antequam

144 2126 187 2188 de
201 2123 354 2188 liliorum
369 2122 641 2186 cordubensium
657 2140 745 2186 cura
760 2134 937 2202 ageretur,
955 2135 1119 2204 coeptum
1134 2134 1187 2188 est
1202 2126 1372 2206 interpre-

147 2231 218 2296 tari
233 2231 290 2296 die
305 2229 389 2293 Diui
404 2228 562 2306 Damasi,
579 2227 712 2294 Summi
727 2227 918 2308 PontificiS,
935 2230 1002 2293 hoc
1019 2240 1083 2308 est,
1097 2233 1201 2295 tertio
1212 2232 1291 2296 idus
1302 2233 1370 2296 De-

145 2338 300 2402 cembris
319 2337 342 2415 ¹;
359 2336 479 2399 habuit
494 2336 690 2400 orationem
709 2336 778 2399 hoc
802 2337 858 2399 die
883 2336 926 2399 de
951 2354 1054 2402 mane
1079 2338 1117 2401 P.
1146 2337 1370 2420 Benedictus,

144 2462 254 2526 quam
270 2443 437 2508 officiales
452 2442 690 2524 Reipublicae,
707 2443 984 2522 Gubernatores,
1003 2443 1231 2524 inquisitores
1246 2458 1280 2510 et
1296 2465 1376 2526 per·¹

144 2551 248 2616 multi
262 2552 322 2615 aiii
336 2551 407 2614 viri
420 2551 573 2613 illustres
589 2550 769 2614 audiuere.
786 2549 921 2613 Placuit
936 2552 1076 2631 quidem
1089 2561 1123 2615 et
1135 2555 1245 2617 multo
1257 2557 1373 2634 magis

144 2677 229 2724 cum
258 2659 396 2721 sciuere
422 2657 519 2719 illum
544 2674 672 2736 pueros
697 2656 896 2720 rudimenta
921 2660 1172 2736 grammatices
1191 2661 1374 2726 'discentes

145 2769 349 2832 docturum.
365 2766 398 2828 A
414 2765 563 2844 prandio
579 2765 638 2826 alii
653 2764 880 2843 interpretari
895 2777 1097 2844 coeperunt,
1112 2777 1146 2830 et
1158 2769 1284 2847 paucis
1294 2781 1374 2850 post

145 2857 273 2937 diebus
287 2873 336 2935 ita
351 2872 517 2950 placuere
533 2873 676 2950 populO,
687 2881 726 2933 vt
738 2871 818 2934 aliis
829 2870 1117 2937 Cordubensibus
1138 2879 1374 2956 praeceptori·

146 2983 214 3043 bus
224 2997 271 3042 ne
282 2995 373 3041 unus
388 2978 529 3058 quidem
543 2977 776 3040 scholasticus
788 2979 997 3042 remanserit
1008 2991 1042 3042 et
1054 2998 1075 3041 a
1088 2985 1375 3062 praeceptoribus

146 3087 223 3151 suis
238 3084 487 3148 excitabantur·
501 3093 539 3146 ut
555 3083 600 3146 ad
612 3101 677 3146 nos
692 3084 863 3147 uenirent.
878 3083 997 3148 Solum
1009 3099 1160 3166 quatuor
1172 3093 1376 3166 grammati-

146 3209 210 3257 ces
225 3193 360 3254 classes
374 3199 456 3252 sunt
471 3199 626 3269 apertae,
652 3201 688 3252 et
712 3193 819 3253 semel
845 3191 1024 3254 rhetorica
1050 3205 1187 3256 tantum
1210 3195 1377 3276 interpre-

146 3309 245 3363 tatur
260 3295 285 3355 ³.

210 3401 320 3468 Venit
346 3411 427 3483 post
450 3403 584 3482 aliquot
609 3402 685 3464 dies
710 3403 749 3466 P.
774 3402 911 3466 Natalis
937 3403 960 3482 ⁴,
987 3406 1047 3484 qui
1068 3407 1230 3485 precibus
1245 3409 1380 3474 domini

148 3510 301 3594 Joannis
317 3518 351 3571 et
366 3509 530 3588 Magistri
544 3507 671 3572 Auilae
686 3519 812 3580 motus.
829 3527 981 3588 graecas
1000 3513 1122 3576 literas
1141 3523 1175 3576 et
1198 3518 1380 3580 conscien-

151 3619 224 3681 tiae
239 3633 358 3690 easus
375 3632 464 3694 quos
479 3616 669 3694 appellant,
685 3616 786 3678 iussit
802 3615 1041 3695 interpretari.

192 3784 201 3818 ¹
232 3783 261 3826 P.
271 3781 486 3826 Bartholomaeus
497 3779 676 3829 Bustumante.
684 3779 757 3824 Patri
766 3780 899 3826 Fruuclscl
907 3783 938 3827 de
947 3783 1026 3839 Barla
1036 3787 1120 3830 socius
1128 3795 1155 3831 et
1172 3788 1272 3833 itineris
1287 3803 1381 3836 comes.

192 3856 205 3886 ¹
233 3853 309 3898 Haud
319 3854 384 3896 certi
394 3863 481 3896 sumus
493 3852 569 3906 bujus
579 3853 721 3895 sententiae
729 3863 832 3896 sensum
842 3860 913 3898 recte
924 3857 1101 3908 cramalium
1109 3865 1195 3903 autem
1205 3861 1383 3908 existimamus

151 3938 210 3970 esse
220 3926 296 3969 bunc:
306 3926 451 3976 antequam
462 3923 568 3974 scholis,
579 3925 606 3965 in
617 3923 714 3974 qulbus
724 3922 1113 3980 Cordubensespueridaceadi
1122 3932 1329 3982 normanorum
1336 3941 1383 3989 pa.

150 3999 275 4050 ureretur,
287 3997 422 4038 orationes
431 3995 547 4050 publice,
557 3997 585 4036 ut
598 3994 778 4048 transferebat,
789 4009 804 4038 a
817 3999 956 4049 magistris
966 3999 1062 4044 haberi
1075 4005 1184 4057 coeptae
1192 4007 1265 4047 sutri.
1275 4004 1385 4063 Verum,

151 4068 308 4124 quicumque
319 4067 419 4110 demum
430 4067 520 4110 borum
531 4067 670 4109 verborum
680 4077 770 4110 sensus
782 4069 823 4119 sit,
835 4069 875 4110 bis
886 4070 1040 4120 corrigenda
1052 4073 1156 4116 viderur
1167 4074 1275 4120 Parrum
1291 4077 1348 4120 Ros
1358 4085 1384 4122 et

152 4140 318 4184 smirna-z
329 4139 455 4188 narratio,
466 4139 508 4191 qul
521 4139 659 4184 orationes.
670 4139 700 4180 de
712 4139 802 4194 quibus
812 4140 853 4182 hic
865 4139 892 4182 iit
909 4151 1000 4190 sermo.
1012 4143 1117 4188 babitus
1129 4145 1202 4198 alunt
1216 4147 1257 4190 dle
1275 4149 1322 4191 lb·
1337 4149 1386 4193 De·

153 4211 274 4264 umbria
286 4220 333 4252 uec
344 4209 510 4253 librariorum
523 4210 605 4254 errori
616 4209 663 4252 hoc
679 4209 824 4262 discrimen,
842 4211 915 4266 cuius
927 4212 983 4266 jam
999 4213 1025 4256 ln
1039 4213 1154 4260 Ponancr
1169 4216 1305 4271 Chronico,
1319 4229 1337 4262 t.
1349 4231 1386 4275 ru,

152 4294 213 4338 pag.
223 4281 273 4336 364,
284 4289 370 4325 annot.
381 4281 403 4334 2,
414 4280 582 4332 meminimus,
594 4281 706 4324 adscribi
716 4283 915 4335 potcst,‚saltem
927 4285 952 4326 in
963 4283 1133 4338 Saurrraitaz,
1146 4288 1265 4332 Historia
1276 4302 1332 4344 ms,
1342 4294 1399 4337 ubl·

151 4355 225 4400 addit
235 4355 291 4410 ipse
302 4353 369 4396 diem
381 4353 467 4404 inisse,
477 4363 527 4405 que
537 4351 637 4404 ieiunat·
648 4353 750 4398 celebre
762 4353 786 4397 ei
795 4356 920 4398 inartirio
931 4356 1000 4399 dela
1013 4357 1178 4403 asciareer'da
1189 4361 1284 4414 virgea
1301 4363 1386 4408 Sunia

153 4425 274 4480 Latrim
280 4425 384 4481 festiva
392 4425 419 4467 ia
430 4424 556 4468 devotion
567 4434 617 4478 que
627 4425 652 4468 ia
661 4425 753 4469 tienen
761 4426 801 4469 ios
808 4427 921 4481 puebios
928 4431 1026 4474 comari
1037 4431 1117 4485 qur'en
1128 4433 1201 4476 tiene
1206 4439 1297 4487 parsu
1307 4445 1387 4489 carga

147 4497 181 4542 -la
191 4498 278 4542 tutela
289 4498 322 4541 de
333 4496 446 4550 insufas.
458 4493 489 4540 L.
500 4507 531 4548 c.,
541 4496 585 4540 lib.
596 4507 613 4550 1,
624 4507 681 4550 cap.
694 4497 726 4550 12,
737 4509 761 4541 u.
772 4497 794 4540 6.
1398 4531 1401 4542 ,

195 4568 207 4603 ¹
234 4568 286 4622 δῖος
297 4567 394 4612 rectius
404 4573 500 4621 tamen,
511 4572 538 4610 ut
550 4578 606 4610 cum
616 4569 783 4621 sequentibus
791 4569 940 4623 cohaereat,
952 4572 1186 4627 interpretatatur
1195 4577 1236 4619 rei
1246 4577 1334 4630 potius
1343 4578 1388 4621 da·

152 4641 280 4684 cedatur.

198 4713 210 4744 ⁴
238 4711 267 4755 P.
278 4709 451 4768 Hieronymus
462 4709 572 4761 Natalis,
584 4709 609 4752 iu
620 4709 745 4765 Hispania
756 4720 816 4757 tunc
828 4711 1034 4760 Commissurlun.
