3410 5528
640 569 644 587 ·
668 557 731 628 Aa.
755 554 823 630 1556
1303 552 1362 630 aasv

127 715 291 796 proximis
304 715 453 800 Jubilaei
468 714 625 795 diebusl,
643 727 682 781 ut
698 718 759 781 uix
774 716 912 780 licuerit
925 715 1021 778 sibi¹
1047 733 1110 797 per
1127 726 1265 797 tempus
1287 715 1354 794 (sic

127 823 262 902 dixero)
290 825 468 902 comedere
493 821 515 886 ³.
544 824 588 887 Et
612 834 861 904 praeterquam
886 822 980 904 quod
1005 823 1205 888 huiusmodi
1230 823 1355 887 dicbus

129 930 362 996 confitentium
376 941 411 994 et
435 931 772 996 communicantium
793 948 960 995 numerus
979 931 1145 1012 frequens
1159 931 1248 994 solet
1263 947 1353 1008 esse,

129 1037 201 1100 aliis
215 1055 354 1120 quoque
369 1038 493 1102 diebus
507 1039 538 1101 is
553 1055 719 1102 numerus
739 1056 810 1101 non
830 1055 958 1119 parum
978 1048 1148 1118 augetur„
1161 1037 1252 1102 Tum
1273 1055 1356 1102 con·

128 1141 296 1209 fitentium
310 1145 467 1227 plerique
483 1145 603 1209 testati
617 1153 709 1220 sunt,
727 1145 846 1213 uideri¹
855 1144 933 1224 sibi,
951 1145 1049 1226 quod
1061 1145 1192 1209 nostris
1207 1154 1355 1226 peccata

129 1268 189 1314 sua
202 1251 357 1316 confessi
375 1252 517 1330 suerint,
540 1251 725 1332 reuixisse,
747 1270 790 1316 uc
810 1270 829 1314 e
850 1261 965 1316 morte
984 1252 1093 1316 luisse
1113 1252 1150 1316 in
1169 1253 1281 1319 uitam
1303 1270 1355 1317 re-

128 1359 276 1424 stitutos.
294 1357 351 1422 Ad
365 1359 455 1423 haec
467 1358 575 1440 (quod
589 1378 659 1423 non
674 1359 809 1422 minimi
824 1359 978 1423 arbitror
992 1359 1171 1438 momenti)
1187 1360 1355 1439 supersti-

128 1465 277 1530 tionibus
292 1466 524 1548 extirpandis,
538 1465 664 1547 quibus
679 1464 847 1545 (malum)
861 1476 975 1531 scatet
989 1467 1080 1530 baec
1095 1467 1233 1547 ciuitas,
1251 1474 1350 1531 tanta

129 1582 267 1637 utuntur
279 1572 474 1653 diligentia,
488 1582 621 1654 quanta
633 1573 704 1638 dici
716 1570 829 1637 sorte*
845 1582 973 1654 potest:
993 1573 1039 1638 ad
1050 1591 1138 1654 quos
1150 1573 1285 1655 scripta
1298 1591 1354 1638 ue·

128 1679 339 1759 neficiorum,
362 1690 396 1745 et
415 1681 451 1745 id
472 1697 586 1760 genus
605 1682 779 1761 permulta
798 1681 880 1759 alia,
903 1681 977 1745 iere
999 1681 1154 1763 quotidie
1175 1681 1354 1762 perierun-

127 1795 192 1864 tur,
208 1789 349 1870 quaein
365 1789 493 1852 borum
513 1788 693 1852 hominum
716 1788 842 1852 animis
862 1797 1014 1868 regnant
1036 1788 1236 1869 plurimum.
1258 1788 1354 1852 Idem

128 1911 261 1976 quoque
276 1895 429 1972 student,
444 1895 539 1976 quod
554 1897 599 1960 ad
610 1896 828 1960 haereticam
839 1905 873 1959 et
886 1894 1056 1976 perfidam
1067 1896 1354 1976 superstitionem

130 2003 260 2066 attinet.
277 2001 370 2082 Quin
385 2003 431 2067 ad
446 2021 488 2066 ea
503 2002 677 2083 facienda,
695 2021 785 2085 quae
800 2021 862 2084 per
878 2021 916 2067 se
935 2003 1003 2084 ipsi
1024 2003 1143 2066 lacere
1163 2003 1174 2035 ¹
1189 2021 1260 2066 uon
1276 2019 1354 2084 pos·

129 2117 216 2188 sunt,
232 2110 420 2174 hortantur
435 2127 497 2174 eos
519 2112 722 2191 praecipue,
744 2111 804 2191 qui
825 2111 1039 2190 reipublicae
1060 2120 1242 2192 praesunt:
1266 2127 1355 2191 quos

130 2215 314 2280 admonent
329 2214 445 2280 studio
461 2233 610 2294 summo,
627 2219 657 2282 si
675 2201 854 2298 fieri'quid
874 2217 997 2297 possit,
1021 2216 1115 2298 quod
1135 2225 1171 2280 et
1189 2217 1352 2280 ecclesia-

129 2322 234 2386 sticae
249 2333 284 2387 et
298 2323 394 2388 ciuili
408 2324 459 2387 rei
474 2325 520 2388 sit
535 2325 624 2388 adeo
639 2324 879 2405 profuturum:
901 2335 935 2388 et
956 2324 1006 2404 (ut
1020 2325 1057 2387 in
1071 2341 1208 2388 summa
1224 2307 1354 2402 dicam)

99 2487 108 2521 ,Ι
130 2440 164 2493 ut
182 2431 322 2511 publica
341 2431 477 2512 flagitia
495 2440 530 2495 et
549 2431 710 2496 facinora
733 2432 971 2513 extirpentur,
993 2441 1028 2496 et
1048 2449 1068 2494 e
1090 2431 1205 2496 medio
1230 2433 1353 2495 tollan-

131 2547 183 2601 tur
197 2535 339 2604 ⁶..Unde
352 2538 520 2619 Episcopi
535 2537 714 2617 Vicarius‚
732 2557 811 2602 cum
827 2539 863 2602 in
877 2539 943 2618 his,
961 2555 1051 2620 quae
1072 2537 1118 2602 ad
1136 2537 1253 2602 forum
1273 2555 1353 2602 con·

129 2645 292 2710 scientiae
310 2655 489 2726 spectant,
510 2655 586 2709 tum
606 2646 759 2709 maxime
778 2646 949 2726 pristinae
968 2645 1165 2725 integritati
1185 2654 1219 2709 et
1237 2645 1354 2726 probi·

130 2752 188 2816 tati
203 2751 340 2833 alt'quot
359 2752 550 2833 virginum
564 2752 759 2816 coenobiis³
775 2751 1011 2830 restituendis,
1033 2763 1236 2816 nostrorum
1247 2770 1355 2834 opera

130 2871 162 2922 et
179 2861 324 2924 consilio
343 2861 465 2925 utitur.
489 2861 534 2925 Et
556 2878 600 2924 ne
625 2861 765 2940 longior
790 2861 858 2924 hac
883 2860 919 2924 in
945 2877 983 2922 re
1009 2860 1087 2940 sim,
1114 2869 1149 2923 et
1174 2859 1355 2939 sigillatim

131 2968 243 3030 omnia
257 2984 474 3048 recenseam,
492 2985 583 3049 quae
598 2968 740 3047 singula
755 2983 926 3048 persaepe
941 2967 1114 3046 recensui,
1131 2976 1166 3030 et
1178 2968 1214 3031 in
1225 2967 1355 3032 haben·

131 3072 431 3154 disconcionibus,
456 3075 770 3154 cohortationibus
793 3074 1104 3154 admonitionibus
1127 3075 1217 3138 etin
1241 3075 1354 3139 uisen-

130 3179 178 3244 dis
191 3183 358 3262 aegrotis,
375 3191 410 3246 et
425 3181 481 3245 his
496 3182 607 3262 quiin
622 3181 776 3246 vinculis
792 3181 1003 3261 detinentur,
1020 3182 1230 3262 illorumque
1249 3183 1356 3246 saluti

129 3288 305 3369 studendo,
326 3289 424 3354 omni
442 3290 571 3368 studi0,
593 3307 691 3368 cura,
715 3288 911 3370 diligentia,
936 3306 1055 3369 opera,
1072 3283 1206 3367 officio,
1220 3290 1353 3353 enitun-

130 3403 189 3476 tur,
204 3407 242 3460 ut
256 3397 398 3478 pietatis
413 3407 448 3461 et
463 3397 650 3460 charitatis
666 3398 813 3475 muneri,
831 3396 948 3476 quoad
963 3396 1038 3460 fieri
1052 3397 1174 3477 possit,
1189 3396 1353 3461 satisfiat.

131 3501 233 3566 Aede
248 3503 415 3568 Patribus
430 3503 532 3568 haec.

182 3610 315 3676 Verum
329 3611 373 3675 de
386 3612 561 3676 bonarum
580 3612 762 3676 literarum
782 3612 908 3676 studiis
930 3611 1132 3676 domesticis
1152 3621 1186 3676 et
1205 3613 1356 3693 publicis

130 3714 210 3780 baec
224 3718 385 3783 dicenda.
405 3717 594 3783 Orationes
605 3719 713 3783 latine
725 3709 958 3800 conscriptas,
973 3729 1007 3782 et
1019 3719 1181 3799 dialogos
1192 3719 1355 3783 uersibus

132 3826 349 3905 compositos,
364 3826 489 3891 baberi
500 3826 638 3907 publice
652 3827 946 3908 frequentissime,
962 3843 1100 3890 summo
1113 3844 1193 3890 cum
1206 3826 1355 3890 aliorum

132 3933 306 4011 applausu,
315 3939 356 3996 ut
364 3940 514 4014 praeter
523 3933 719 3996 multorum
728 3925 930 4013 opinionem
938 3939 971 3996 el
979 3933 1261 4013 expectationem
1270 3933 1354 3996 haec

132 4046 227 4118 saepe
240 4040 466 4119 contingant.
485 4040 604 4120 Quare
619 4041 664 4104 ad
679 4040 796 4103 studia
811 4041 992 4104 literarum
1007 4041 1136 4104 mirum
1150 4042 1187 4105 in
1209 4042 1355 4105 modum

132 4147 364 4211 accenduntur
382 4146 547 4227 discipuli
566 4149 692 4226 nostri,
714 4147 775 4228 qui
797 4147 853 4210 174
873 4164 965 4212 nunc
986 4156 1079 4228 sunt,
1101 4165 1355 4230 speramusque

170 4387 178 4420 ¹
204 4388 465 4446 dlebnssuaerint.lo.

167 4457 177 4490 ¹
203 4460 300 4506 cislo.

166 4527 176 4560 ¹
202 4532 457 4590 crtumcaperemo.

165 4604 177 4635 ⁴
204 4605 333 4650 iortevix.
347 4605 386 4650 lo.

167 4673 178 4708 ⁸
202 4677 286 4724 lacere
297 4678 393 4722 nostri.
405 4675 443 4722 lo.

166 4743 178 4778 ⁸
201 4749 290 4795 adulo
301 4752 399 4795 rurant
409 4749 510 4794 addidit
523 4748 660 4796 Poluncus.

113 4849 118 4860 .
167 4817 176 4851 ἵ
201 4821 300 4877 aliquot
317 4822 456 4876 virginum
467 4823 602 4867 coenobiis
613 4823 712 4868 addidit
723 4823 802 4870 etiarn
812 4823 949 4872 Polaticus.
