3504 5532
636 533 706 619 Al?
722 562 792 619 rasa
1068 521 1072 530 ’
1276 559 1329 617 197

104 705 227 784 facere,
245 705 295 768 ita
310 706 417 770 etiam
433 725 494 787 per
509 708 677 788 epistolas
699 709 791 770 vltro
812 707 970 787 citroque
991 687 1117 770 missas
1138 706 1324 770 sociemur.

105 811 227 877 Nescio
247 815 340 878 enim
360 832 430 894 quo
449 823 554 895 pacto
578 815 672 878 intus
696 815 833 878 animus
853 815 1051 878 exardescit
1071 823 1105 876 et
1125 813 1169 876 ad
1190 815 1326 878 maiora

105 937 238 1001 semper
258 921 500 1001 aggredienda
522 923 723 999 suscitatur,
752 921 912 999 dumea,
935 939 1024 1002 quae
1050 922 1143 1001 apud
1165 922 1326 984 diuersas

104 1029 261 1124 nationes
286 1030 321 1092 in
348 1028 423 1093 dies
449 1047 512 1110 per
533 1037 675 1092 nostros
697 1029 815 1092 diuina
836 1029 977 1092 fauente
1002 1029 1124 1110 gratia
1138 1040 1324 1108 geruntur,

105 1135 266 1198 continuo
282 1145 363 1199 sunt
382 1137 513 1199 nostris
533 1137 644 1199 oculis
665 1137 820 1210 obiecta,
838 1154 882 1198 ne
902 1155 964 1216 per
984 1146 1127 1198 nostrae
1148 1137 1325 1200 humanae

104 1252 248 1305 naturae
271 1243 501 1322 fragilitatem
523 1243 660 1306 desides
682 1255 716 1306 et
739 1245 849 1324 tepidi
870 1243 1082 1306 efficiamur:
1105 1243 1211 1306 habet
1231 1244 1324 1308 enim

104 1350 288 1427 plurimum
304 1351 470 1431 ponderis
490 1351 655 1414 continua
680 1352 724 1414 ad
745 1352 915 1414 virtutum
936 1350 1244 1429 inuestigationem
1268 1349 1326 1414 ad·

103 1456 251 1520 hortatio
267 1458 338 1536 illa,
352 1474 443 1537 quae
454 1475 479 1529 ¹a
494 1457 708 1532 domesticis,
728 1457 932 1537 propinquis
947 1459 1004 1520 vel
1019 1457 1229 1537 quibuslibet
1244 1458 1323 1522 aliis

103 1562 265 1641 finitimis
282 1565 452 1644 exemplis
467 1565 672 1628 desumitur.
695 1564 743 1627 Vt
758 1579 844 1644 ergo
859 1574 933 1627 tam
947 1563 1113 1627 laudabili
1129 1575 1323 1646 sanctoque

103 1670 256 1761 instituto
271 1680 305 1733 et
321 1670 540 1734 obedientiae
555 1672 656 1734 nobis
671 1672 706 1733 in
722 1672 790 1734 hac
803 1681 905 1751 parte
921 1672 1098 1735 iniunctae
1114 1687 1248 1735 morem
1263 1689 1322 1751 ge-

78 1858 80 1860 ,
103 1794 229 1852 ramus,
246 1779 420 1857 oportebit
436 1779 479 1841 de
494 1779 565 1856 his,
583 1795 673 1860 quae
694 1779 729 1840 in
752 1787 874 1842 nostro
895 1779 1044 1858 collegio
1064 1778 1238 1858 Burgensi
1261 1797 1322 1860 per

103 1884 280 1963 proximos
308 1895 460 1965 quatuor
488 1903 627 1948 menses
651 1895 796 1966 peracta
823 1889 927 1964 sunt,
957 1885 997 1948 T.
1029 1885 1120 1946 PM
1149 1867 1322 1950 rationem

103 1991 251 2054 tradere.

156 2097 335 2178 Quantum
351 2099 396 2161 ad
419 2100 538 2162 literas
554 2101 722 2179 pertinet,
748 2099 1021 2180 vniuscuiusque
1042 2100 1222 2164 facultatis
1243 2116 1321 2178 pro·

101 2204 211 2269 sessor
225 2222 290 2286 pro
305 2205 400 2270 virili
412 2207 559 2285 laborat,
573 2224 616 2270 ne
629 2205 809 2288 quidpiam
819 2207 920 2276 desit,
934 2207 1027 2286 quod
1040 2207 1085 2269 ad
1095 2207 1321 2270 scholastico·

102 2329 173 2375 rum
189 2314 379 2376 rtilitatem
393 2321 427 2376 et
443 2314 612 2376 maiorem
627 2313 824 2393 profectum
835 2313 1010 2392 pertinere
1022 2314 1196 2377 videatur.
1211 2312 1321 2377 Solita

99 2420 189 2486 enim
205 2429 239 2482 et
254 2429 424 2484 consueta
439 2420 474 2488 in
489 2438 701 2501 unaquaque
716 2422 829 2484 classe
845 2420 930 2483 liunt
945 2421 1126 2484 exercitia.
1147 2420 1322 2485 Numerus

101 2526 390 2590 scholasticorum
405 2543 474 2589 non
490 2526 579 2589 adeo
600 2544 752 2606 magnus
767 2535 831 2606 est,
852 2528 914 2590 sed
929 2528 1042 2591 maior
1055 2543 1161 2608 quam
1178 2546 1241 2608 pro
1263 2527 1322 2591 do·

102 2649 172 2696 mus
200 2635 409 2713 capacitate,
434 2634 547 2696 minor
573 2643 690 2697 tamen
712 2651 819 2714 quarn
839 2652 916 2698 esse
938 2645 1057 2714 posset
1077 2652 1142 2715 pro
1167 2637 1323 2715 regionis

101 2741 350 2820 magnitudine:
368 2741 511 2804 confluit
526 2742 619 2804 enim
634 2742 679 2804 ad
694 2742 785 2804 hanc
801 2743 979 2805 ciuitatem
995 2760 1039 2804 ex
1055 2743 1214 2821 plurimis
1235 2744 1323 2806 locis

102 2865 285 2911 numerosa
300 2849 595 2912 scholasticorum
610 2847 805 2926 multitudo;
823 2849 885 2912 sed
897 2849 956 2926 illi,
970 2849 1029 2929 qui
1044 2848 1090 2911 ad
1102 2867 1165 2912 nos
1180 2867 1251 2912 non
1264 2868 1322 2913 ve·
1403 2875 1410 2888 ·

101 2955 207 3031 olunt,
225 2955 356 3021 abeunt
372 2956 418 3019 ad
433 2957 521 3019 alios
536 2966 802 3036 praeceptores,
818 2957 878 3036 qui
898 2957 931 3019 in
948 2955 1015 3019 hac
1030 2957 1118 3019 vrbe
1141 2958 1246 3020 etiam
1263 2976 1341 3038 pu·⁴

101 3061 184 3126 blice
199 3063 337 3142 legunt,
355 3063 478 3128 forsan
493 3073 554 3127 aut
570 3065 650 3144 quia
667 3064 792 3127 domus
807 3063 895 3126 haec
911 3074 1032 3127 nostra
1048 3066 1233 3144 angustior
1255 3066 1323 3128 illis

101 3181 256 3251 apparet,
283 3181 343 3235 aut
365 3173 447 3252 quia
468 3170 601 3250 regulo
622 3177 749 3235 nostra
769 3172 812 3234 de
830 3171 1029 3251 confitendo
1051 3171 1058 3202 ¹
1081 3190 1143 3251 per
1163 3157 1323 3252 singulos

101 3295 235 3342 meuses
250 3297 372 3342 eorum
389 3280 526 3342 animos
541 3279 587 3342 ad
601 3279 786 3357 angustias
799 3279 959 3357 redigere
970 3279 1120 3342 videtur:
1134 3281 1192 3360 qui
1205 3291 1322 3343 tamen

100 3384 139 3445 ad
155 3403 220 3448 nos
236 3386 383 3449 veniunt
399 3395 434 3447 et
449 3395 546 3447 recto
562 3386 703 3449 tramite
719 3385 882 3449 incedere
895 3403 963 3447 non
979 3397 1155 3464 recusant,
1170 3387 1272 3450 facile
1287 3388 1323 3450 in
1361 3455 1365 3462 ,

101 3491 162 3554 illis
177 3496 312 3556 relucet
330 3492 521 3571 profectus.
538 3491 576 3554 ln
592 3493 865 3572 quadragesima
881 3492 1022 3572 quidam
1035 3493 1267 3556 scholasticus
1279 3512 1324 3556 ex

101 3600 294 3677 rhetoricis
319 3600 378 3679 qui
401 3599 451 3676 (vt
473 3599 648 3676 existimo)
671 3599 844 3662 decimum
860 3609 998 3661 sextum
1020 3616 1151 3662 annum
1169 3601 1324 3662 nondum

99 3719 310 3784 excesserat,
328 3706 525 3769 orationem
541 3705 662 3768 habuit
678 3706 754 3769 sive
767 3703 983 3768 Paraenesin
995 3706 1040 3768 ad
1053 3707 1230 3783 ieiunium,
1244 3725 1324 3786 poe·

100 3815 292 3892 nitentiam,
316 3823 352 3876 et
374 3814 584 3890 orationem,
608 3831 686 3875 meo
709 3812 837 3876 iudicio
862 3813 1074 3891 grauiorem·
1093 3815 1323 3893 praestantio-

99 3939 256 4002 remque,
273 3938 379 4001 quam
396 3930 471 3983 vta
489 3921 551 3983 tali
566 3930 682 3982 aetate
696 3922 878 4000 expectari
897 3929 1031 4000 posset:
1049 3922 1083 3983 in
1104 3921 1322 3984 hebdomada

99 4029 201 4092 etiam
218 4029 380 4109 proxima
396 4027 645 4091 dominicae·in
661 4028 749 4090 albis
772 4029 930 4106 publicas
945 4027 1142 4090 habuerunt
1166 4028 1223 4090 alii
1248 4028 1322 4091 rhe-

98 4137 198 4200 torici
226 4135 337 4199 nostri
363 4135 660 4210 declamationeS,
689 4135 843 4196 themate
869 4153 913 4196 ex
938 4151 1041 4197 sacra
1068 4135 1243 4214 scriptura
1265 4135 1321 4197 de·

98 4253 249 4323 sumpto.

153 4349 190 4412 ln
207 4349 488 4413 confessionibus
500 4359 551 4410 est
568 4365 706 4428 semper
718 4367 788 4411 non
801 4365 911 4428 parua
925 4347 1131 4428 frequentia,
1146 4349 1320 4429 inquibus

98 4456 274 4534 piissimus
289 4467 409 4520 noster
425 4454 599 4518 Dominus
619 4455 760 4518 diuitias
776 4456 930 4536 quotidie
947 4473 1030 4518 suae
1046 4455 1273 4536 benignitatis
1288 4466 1322 4519 et

100 4633 168 4644 ...-

133 4733 140 4764 ⁸
169 4735 234 4778 Alia
242 4746 318 4780 maun
328 4741 440 4788 quatuor
449 4735 632 4790 praecedentla
643 4737 723 4778 verba
733 4735 757 4780 ln
768 4735 832 4778 haec
844 4739 901 4780 sunt
910 4741 1019 4779 mutata:
1029 4733 1185 4778 institurum
1200 4739 1320 4780 nostrum

99 4805 125 4848 le
135 4807 289 4852 confitendis
297 4809 428 4862 peccans.
