3472 5528
387 528 442 598 228
776 531 943 598 erraaaa
963 549 1236 608 onnonrnasraas

387 685 542 748 cordatis
558 684 715 748 consiliis
727 685 894 763 excitata,
907 703 988 749 cum
1000 685 1153 749 mirabili
1165 685 1359 749 mutatione
1376 685 1540 749 confessa
1553 695 1622 764 est;

388 793 546 870 adeoque
558 793 593 855 in
605 790 855 854 confessionea
868 791 987 856 diuina
999 791 1243 856 misericordia
1254 800 1447 871 commota,
1460 801 1497 854 vt
1512 793 1624 855 moni·
1646 813 1652 830 ·

386 899 432 961 lia
455 899 677 979 inauresque,
704 899 740 962 vi
765 900 1011 979 comprimens,
1039 899 1160 963 statim
1185 917 1203 961 e
1229 916 1293 962 suo
1309 899 1401 962 collo
1434 899 1621 963 confracta

388 1006 586 1088 proiecerit:
600 1005 693 1068 vnde
705 1006 847 1070 domurn
859 1007 1011 1084 rediens,
1025 1007 1170 1070 iuuenes
1191 1007 1287 1070 illam
1309 1008 1530 1088 alloquentes
1547 1025 1620 1070 non

387 1115 500 1176 solum
516 1114 716 1194 repellebat,
742 1131 866 1178 uerum
890 1115 1007 1192 etiam,
1035 1115 1191 1177 maxima
1206 1114 1423 1193 poenitentia
1432 1114 1550 1193 ducta,
1573 1115 1622 1178 ad

387 1238 470 1283 suos
485 1232 651 1301 parentes
666 1237 704 1282 se
719 1221 912 1284 redituram
938 1239 1018 1285 curn
1044 1237 1174 1301 magna
1200 1223 1356 1285 omnium
1381 1221 1620 1285 admiratione

302 1341 310 1358 ·
391 1327 564 1406 promisit,

448 1434 600 1512 Quidam
616 1435 733 1514 etiam,
752 1435 919 1515 palmam
938 1435 1038 1513 facia
1053 1455 1072 1498 a
1089 1452 1153 1498 suo
1166 1433 1324 1530 debitore
1336 1435 1464 1499 iniuste
1475 1453 1615 1517 percus·

388 1559 458 1614 sus
477 1559 721 1622 percussorem
737 1542 899 1605 occidere
925 1541 1139 1621 intendebat,
1167 1559 1318 1622 cumque
1343 1543 1462 1606 diuina
1484 1544 1621 1608 miseri·

387 1648 509 1711 cordia
525 1649 666 1712 cuidam
688 1659 848 1713 nostrum
869 1649 1061 1728 consessus
1082 1655 1188 1728 esset,
1216 1650 1263 1712 ita
1281 1659 1455 1714 mutatum
1481 1664 1534 1715 est
1554 1669 1621 1715 cor

387 1755 473 1832 eiuS,
497 1765 534 1818 vt
560 1774 630 1819 non
657 1757 769 1819 solum
793 1775 812 1820 a
840 1775 904 1820 suo
930 1757 1049 1838 iniquo
1076 1757 1256 1836 proposito
1283 1757 1471 1836 destiterit,
1491 1775 1621 1822 verum

386 1864 503 1941 etiam,
521 1864 776 1926 aduersarium
788 1863 920 1941 adienS,
939 1865 1082 1928 veniam
1094 1864 1138 1927 ab
1154 1864 1231 1944 ipso
1248 1864 1453 1943 suppliciter
1464 1870 1619 1945 peteret.

446 1969 600 2033 Plurima
616 1972 686 2035 alia
701 1977 800 2044 snat,
820 1989 911 2052 quae
932 1972 1076 2050 longum
1098 1980 1190 2034 esset
1211 1971 1392 2050 sigillatim
1412 1989 1614 2036 recensere:

387 2075 474 2139 fiunt
499 2095 650 2158 namque
674 2079 934 2156 restitutiones,
964 2079 1175 2158 extirpatur
1201 2079 1353 2140 iurandi
1379 2081 1617 2158 consuetudo,

386 2193 492 2262 atque
504 2185 573 2246 alia
590 2186 687 2263 vitia,
705 2203 795 2264 qnae
809 2185 905 2248 altas
924 2186 962 2247 t'n
983 2185 1137 2249 fidelium
1151 2186 1279 2249 animis
1289 2186 1429 2249 radices
1444 2195 1618 2266 egerant:

385 2291 575 2354 visitantur
591 2291 735 2372 infirmi,
753 2309 832 2356 cum
845 2293 999 2356 maxima
1016 2293 1173 2372 ipsorum
1191 2303 1296 2373 atque
1309 2293 1617 2357 circumstantium

386 2400 627 2462 consolatione
648 2411 682 2462 et
702 2398 958 2464 aedificatione:
983 2399 1253 2480 frequentantur
1274 2415 1510 2476 sacramenta,
1534 2419 1617 2465 cum

385 2513 484 2568 tanta
508 2507 707 2569 animarum
723 2505 884 2584 vtilitate,
911 2517 949 2570 vt
969 2508 1094 2571 merito
1120 2507 1308 2570 dolendum
1334 2508 1378 2570 sit
1399 2509 1494 2588 quod
1509 2512 1618 2589 pauci

384 2613 453 2674 sint
468 2613 631 2692 operarii,
658 2613 716 2693 qui
744 2614 899 2676 omnium
925 2613 1107 2676 desideriis
1134 2631 1204 2676 non
1230 2615 1365 2694 possint
1390 2615 1614 2679 satisfacere:

385 2719 484 2782 multi
507 2720 614 2782 etiam
637 2725 760 2783 mutuo
780 2721 818 2782 in
840 2721 1004 2798 gratiam
1029 2721 1227 2798 redierunt,
1241 2721 1332 2784 inter
1347 2739 1435 2802 quos
1450 2721 1615 2787 diabolus

383 2825 577 2890 discordias
588 2829 838 2890 seminauerat:
856 2829 915 2891 alii
930 2827 1080 2909 denique
1095 2829 1207 2906 gratis
1225 2829 1383 2900 iniurias,
1401 2839 1436 2892 et
1455 2831 1524 2893 alia
1540 2847 1613 2893 non

387 2933 530 2995 minima
557 2934 622 2996 sibi
649 2934 741 2997 facta
767 2945 991 3012 nocumenta,
1017 2936 1281 3013 condonarunt,
1306 2936 1401 2998 inter
1424 2953 1514 3014 qaae
1529 2937 1612 3014 fuit

387 3041 563 3120 quoddam
576 3040 804 3104 homicidium
819 3059 888 3104 non
905 3042 1007 3122 parui
1023 3042 1201 3106 momenti.

442 3147 496 3210 De
512 3149 741 3211 concionibus
764 3159 882 3212 autem
899 3160 936 3211 vt
951 3149 1084 3229 aliquid
1099 3149 1227 3220 dicam.
1252 3149 1355 3213 Pater
1370 3162 1491 3213 noster
1514 3151 1614 3215 Basi-

383 3255 449 3317 lius
465 3271 549 3317 suas
565 3255 609 3317 ad
625 3255 791 3334 populum
807 3255 996 3318 conciones
1018 3256 1132 3318 adbuc
1153 3257 1395 3337 prosequitur,
1420 3274 1464 3319 ex
1483 3258 1614 3338 quibus

381 3362 444 3424 vix
459 3361 509 3439 (vt
524 3378 648 3423 uerum
663 3361 789 3438 fatear)
803 3362 872 3425 dici
889 3371 1003 3441 potest
1019 3373 1189 3442 quantum
1205 3363 1366 3426 vtilitatis
1386 3363 1614 3429 audientibus

375 3468 581 3548 prouem'at.
595 3467 670 3530 Hac
684 3470 843 3548 proxime
854 3470 974 3549 elapsa
987 3469 1260 3548 quadragesima
1271 3481 1389 3532 ternas
1402 3469 1474 3532 fere
1489 3471 1615 3535 habuit

380 3577 570 3638 conciones
585 3591 796 3655 vnaquaque
812 3575 1043 3653 bebdomada,
1066 3593 1147 3640 cum
1168 3591 1298 3655 magno
1321 3577 1514 3657 hominum,
1541 3597 1615 3642 ma·

382 3682 476 3744 xime
492 3682 723 3758 literatorum,
745 3695 931 3756 concursu,
954 3682 1112 3761 singulas
1134 3693 1252 3746 autem
1271 3681 1395 3746 habuit
1413 3684 1449 3747 in
1469 3701 1613 3749 summa

380 3788 530 3852 ecclesia
547 3805 627 3851 cum
641 3805 680 3850 eo
697 3788 822 3866 spiritu
838 3806 880 3851 ac
901 3788 1052 3864 feruore,
1069 3788 1197 3870 dequo
1219 3789 1296 3852 aliis
1319 3790 1475 3870 epistolis
1496 3790 1614 3856 factus

380 3913 419 3958 es
434 3896 576 3959 certior.
594 3895 697 3958 Pater
712 3896 820 3957 etiam
834 3905 954 3958 noster
971 3895 1214 3974 Prouincialis,
1236 3896 1295 3976 qui
1313 3897 1484 3977 usquead
1506 3917 1611 3978 quar·

381 4016 454 4067 tum
469 4003 547 4066 idus
564 4001 696 4082 Aprilis
706 4002 889 4066 nobiscum
902 4001 976 4080 fuit,
993 4003 1073 4065 licet
1086 4003 1163 4066 aliis
1176 3983 1281 4066 rebus
1295 4003 1416 4066 arduis
1431 4003 1505 4068 fere
1521 4023 1597 4070 sem

382 4128 443 4190 per
459 4111 644 4172 immersus
660 4127 702 4172 ac
718 4127 782 4172 suo
795 4121 937 4189 pectore
954 4111 1130 4188 laborans,
1149 4109 1286 4190 aliquas
1302 4111 1425 4174 habuit
1441 4110 1486 4173 ad
1502 4096 1613 4194 popu·

380 4219 452 4279 lum
468 4216 657 4279 conciones
673 4217 707 4278 in
724 4217 843 4278 eadam
862 4232 1001 4278 samma
1017 4214 1148 4296 templo
1171 4221 1205 4278 et
1225 4216 1303 4279 aliis
1324 4218 1514 4298 parochiiS,
1532 4238 1613 4284 cum

383 4323 538 4386 omnium
554 4323 796 4386 satisfactione
818 4333 923 4402 atque
949 4323 1086 4402 grana.
1116 4323 1191 4386 Deo
1217 4324 1283 4404 ipsi
1308 4325 1424 4404 gloria
1441 4327 1476 4390 in
1491 4333 1614 4391 secula

386 4433 597 4494 seculorum.

445 4537 514 4600 Sed
535 4548 574 4600 vt
595 4537 639 4600 de
661 4537 941 4616 ingredientibus
966 4537 1180 4602 Societatem
1205 4548 1238 4600 te
1261 4539 1449 4602 certiorem
1472 4541 1613 4618 faciam,

387 4660 457 4706 non
473 4645 577 4722 pauci
592 4645 706 4708 bonae
720 4645 850 4708 indolis
869 4645 1015 4708 iuuenes
1030 4645 1075 4708 ad
1091 4645 1182 4707 illius
1198 4644 1398 4722 ingressum
1413 4648 1500 4710 moti
1520 4663 1613 4713 sunt:

384 4754 564 4831 bucusque
580 4761 697 4814 tamen
714 4763 855 4832 praeter
871 4752 971 4832 duOS,
989 4753 1047 4833 qui
1063 4751 1265 4815 Cordubam
1281 4752 1456 4834 adierunt,
1470 4756 1613 4836 quidam
