3382 5528
384 516 439 576 428
773 513 945 578 errsnaa
964 532 1239 586 colummannus

384 663 432 727 sit
447 663 548 726 nobis
564 661 712 726 indicari
728 661 955 744 Praepositus
972 662 1076 726 Arcis
1091 662 1284 744 Pragensis
1297 661 1304 692 ¹
1318 664 1492 744 quosdam
1506 664 1604 725 luthe

385 785 493 832 ranos
508 769 608 832 nobis
623 769 738 834 moliri
751 769 910 849 insidias,
927 767 1016 832 adeo
1031 781 1070 832 vt
1084 786 1156 833 non
1171 772 1264 833 clam
1277 771 1365 833 lassi
1379 772 1451 833 sint
1466 787 1504 832 se
1524 770 1605 830 uelle
1675 833 1676 836 ,

386 891 464 954 noS,
482 893 563 940 cum
578 877 799 955 contingeret
813 885 956 956 pontem
972 877 1185 956 transgredi,
1203 878 1238 942 in
1254 877 1383 941 flumen
1405 877 1605 957 praecipita·

387 999 437 1058 re,
454 992 489 1045 et
503 983 624 1046 statim
640 984 809 1062 aufugere
821 984 845 1062 ’;
862 983 925 1047 sed
940 993 1047 1048 noctu
1060 984 1148 1049 soris
1162 1002 1232 1049 non
1249 1000 1446 1048 uersamur:
1462 983 1605 1048 interdiu

387 1105 474 1152 uero
489 1090 640 1169 negocia
654 1089 877 1154 obedientiae
891 1089 1065 1170 intrepide
1079 1091 1228 1155 obimus.
1244 1089 1402 1154 Fuerunt
1418 1101 1452 1154 et
1467 1089 1608 1153 Doctori

386 1193 542 1260 Henrico
557 1205 703 1276 paratae
718 1197 877 1274 insidiae,
894 1205 928 1260 et
944 1195 1091 1262 Doctori
1105 1195 1243 1275 Tilano,
1261 1197 1363 1261 alteri
1377 1198 1491 1275 domi,
1513 1196 1609 1259 alteri

385 1303 485 1366 loris.
504 1303 702 1383 Aliquando
718 1304 893 1384 lapidibus
908 1303 1104 1384 Collegium
1120 1303 1308 1383 impetitum
1327 1312 1463 1368 suntet
1485 1304 1544 1384 qui
1564 1303 1607 1366 in·

389 1410 554 1474 cendium
569 1411 671 1475 nobis
690 1413 878 1476 minentur.

448 1516 581 1582 Habuit
595 1517 729 1584 Doctor
743 1518 920 1585 Henricus
934 1521 1138 1601 trilinguem
1151 1521 1350 1585 orationem
1360 1527 1531 1600 perpetua
1545 1535 1610 1581 me·
1677 1571 1678 1582 ,

390 1624 502 1687 moria
516 1625 672 1705 dignam,
689 1644 758 1708 qua
774 1628 914 1692 uidetur
928 1639 1072 1709 apertus
1084 1629 1184 1693 nobis
1196 1629 1242 1692 ad
1252 1628 1464 1692 Boemorum
1479 1626 1612 1689 animos

389 1731 638 1796 foelicissimus
658 1733 785 1813 aditus,
807 1751 939 1814 magna
962 1753 1043 1800 cum
1064 1734 1309 1800 satisfactione
1333 1735 1611 1813 magistratuum,

395 1847 429 1901 et
449 1839 695 1919 complurium,
715 1841 775 1920 qui
795 1841 1041 1923 interfuerunt,
1062 1842 1254 1907 Illustrium
1274 1842 1444 1905 virorum.
1469 1839 1542 1903 Nec
1557 1838 1613 1901 mi·

391 1961 469 2008 rum
484 1963 565 2008 cum
581 1946 691 2010 diuini
705 1949 851 2028 spiritus
865 1951 969 2029 plena
983 1951 1127 2014 omnino
1149 1951 1226 2013 visa
1241 1949 1356 2013 fuerit.
1373 1947 1456 2011 Alio
1471 1947 1527 2010 die
1541 1961 1612 2025 pro·

391 2050 454 2116 diit
483 2051 527 2116 D.
556 2053 701 2117 Tilanus
723 2055 970 2136 philosophus,
993 2057 1054 2137 qui
1075 2057 1273 2120 orationem
1295 2055 1417 2119 habuit
1437 2053 1614 2118 doctrinae

392 2158 565 2223 uarietate
579 2169 614 2224 et
628 2161 827 2242 eloquentia
843 2163 1030 2244 insignem:
1046 2163 1109 2226 3¹¹³
1131 2163 1253 2226 habuit
1272 2162 1367 2240 Mag,
1385 2152 1579 2224 Guilelmus
1592 2155 1613 2232 ²,

393 2282 500 2346 quam
522 2267 650 2331 mirum
675 2269 711 2332 in
731 2270 875 2334 modum
898 2288 1021 2334 omnes
1046 2271 1297 2351 suspiciebant.
1323 2267 1482 2348 Quisque
1503 2274 1616 2330 autem

392 2389 478 2436 suae
506 2368 717 2454 proles'sioni
750 2375 801 2440 sic
833 2378 1116 2441 accommodauit
1148 2376 1366 2450 orationem,
1396 2385 1434 2437 ut
1464 2373 1611 2454 quadam

393 2478 570 2558 methodo,
587 2480 682 2560 quod
697 2483 757 2546 diu
771 2485 1016 2564 praelecturus
1029 2493 1119 2560 erat,
1136 2484 1343 2564 exposuisse
1358 2480 1549 2546 uideretur.

360 2641 373 2660 ,
453 2583 587 2650 Classis
611 2587 838 2668 Tbeologica,
867 2600 1037 2672 quotquot
1062 2591 1242 2654 auditores
1268 2589 1385 2669 habet,
1413 2585 1615 2652 aedificatos

393 2693 536 2757 domum
552 2694 708 2774 remittit;
724 2695 830 2760 habet
845 2707 963 2760 autem
985 2697 1155 2778 plurimos
1177 2714 1327 2777 semper,
1348 2696 1411 2759 sed
1431 2696 1618 2775 pauciores

394 2799 706 2879 assidu0s;verum
717 2802 807 2866 inter
819 2804 897 2883 hos,
910 2803 1449 2882 Franciscanos,Dominicanos
1459 2810 1496 2865 et
1506 2817 1617 2864 sacer·
1680 2831 1681 2836 ι

394 2905 506 2986 doteS,
522 2908 581 2987 qui
596 2909 660 2972 sub
675 2918 824 2991 utraque
839 2911 1101 2974 communicant
1112 2907 1135 2988 ⁴,
1152 2927 1194 2973 ac
1209 2910 1315 2972 etiam
1327 2909 1416 2972 duos
1429 2907 1618 2972 haeretico·

393 3029 471 3076 rum
487 3015 757 3102 concionatores
772 3019 1033 3096 celeberrimos
1050 3017 1108 3098 qui
1123 3036 1145 3080 a
1159 3015 1196 3080 P.
1215 3015 1370 3080 Henrico
1389 3015 1506 3080 edocti
1527 3017 1619 3079 clare

394 3119 439 3182 ad
453 3120 583 3184 bonam
599 3131 751 3186 mentem
766 3123 881 3188 redire
901 3125 1064 3189 uidentur
1086 3142 1166 3188 cum
1187 3125 1222 3188 in
1242 3123 1483 3204 frequentibus
1503 3120 1616 3185 Picar-

393 3227 560 3307 ditarum,
586 3239 620 3291 et
646 3231 796 3294 aliorum
810 3232 1070 3296 haereticorum
1094 3232 1338 3311 conuentibus,
1364 3230 1522 3312 pristinis
1544 3241 1619 3292 con·

396 3335 507 3397 traria
533 3351 643 3415 eaque
668 3338 845 3401 catholica
871 3340 1038 3418 dogmata
1063 3339 1201 3418 publice
1226 3339 1468 3421 profiteantur,
1496 3347 1535 3400 vt
1559 3333 1623 3415 ipsi

396 3442 564 3506 haeretici
579 3441 672 3523 apud
687 3462 752 3508 nos
766 3445 810 3509 de
824 3463 968 3510 suorum
984 3447 1274 3511 concionatorum
1287 3445 1525 3510 inconstantia
1541 3459 1621 3506 con·

357 3614 360 3620 ,
397 3559 607 3629 querantur,
637 3551 697 3631 qui
722 3552 885 3616 uidentur
911 3554 981 3616 iam
1007 3553 1169 3617 dubitare
1193 3553 1319 3633 quibus
1344 3551 1538 3615 adhaerere
1567 3549 1622 3610 de·

399 3655 516 3720 beant.

458 3763 647 3828 Balthasar
675 3777 807 3844 noster,
837 3782 1029 3846 germanus
1058 3765 1087 3843 ⁵,
1118 3783 1310 3846 puerorum
1337 3765 1623 3846 gymnasiarcam

443 4039 452 4073 ¹
481 4038 547 4084 Vide
558 4050 645 4094 supra,
653 4051 714 4095 pag.
723 4039 772 4092 tto,
783 4047 871 4085 annot.
882 4041 902 4084 2.

440 4111 452 4144 ¹
479 4109 604 4156 “scholae
619 4112 721 4166 quidem
738 4113 763 4156 ln
781 4113 937 4156 monasterio
955 4109 978 4156 S.
998 4114 1138 4157 Clementis
1154 4115 1331 4167 habebantur,
1348 4111 1415 4166 quod
1430 4113 1468 4155 cis
1483 4109 1625 4155 Moldavam

400 4193 480 4238 prope
490 4183 619 4238 lapideum
630 4184 702 4228 illum
711 4190 815 4238 pontem
825 4183 1047 4236 (,Karlsbrllelre“>
1061 4185 1140 4229 situm
1149 4193 1215 4234 erat.
1226 4195 1259 4228 ex
1274 4195 1323 4238 quo
1338 4187 1445 4228 sanctus
1454 4180 1563 4235 Joannes
1579 4177 1625 4222 ble-

400 4265 556 4308 pomucenus
566 4256 599 4299 ob
609 4261 743 4299 servatum
754 4265 845 4298 sacrae
860 4255 1028 4300 contessionis
1042 4255 1156 4310 siglllum
1167 4258 1191 4300 ln
1207 4257 1300 4300 flumen
1310 4255 1499 4310 praecipitatus
1511 4263 1565 4296 esse
1576 4257 1624 4292 ιιι-

400 4327 479 4370 ditur.
495 4324 628 4370 Sociorum
644 4332 731 4371 autem
747 4329 841 4372 saltem
858 4327 955 4382 aliquot
973 4335 1047 4371 trans
1062 4327 1155 4371 flumen
1170 4328 1281 4372 edltlore
1298 4327 1385 4380 aliquo
1403 4325 1503 4380 Progne
1523 4321 1626 4366 minorls

399 4397 653 4459 („Klelnaelte“)loco
663 4400 796 4444 habitasse
807 4402 936 4450 videntur.
954 4399 1034 4443 donec
1049 4399 1234 4444 monasterium
1251 4399 1431 4444 clementinum
1449 4400 1521 4454 plene
1534 4397 1625 4440 instru-

401 4477 473 4514 ctum
483 4477 574 4524 essen„
585 4471 796 4525 Baauusaaaona,
809 4474 875 4524 ibid,
885 4481 973 4516 annot.
983 4471 1005 4516 3.

442 4540 454 4574 ⁸
482 4541 549 4586 Vide
560 4543 630 4587 dlcta
639 4553 728 4599 supra,
738 4555 797 4600 pag.
805 4544 855 4598 tot,
867 4551 953 4588 annot.
965 4543 986 4588 ii.

442 4615 455 4646 ὁ
481 4611 704 4660 “Communlonem
714 4627 759 4660 seu
770 4627 872 4661 sacram
882 4615 1077 4660 Eucharistiam
1087 4617 1135 4659 sub
1145 4621 1255 4668 utraque
1266 4615 1351 4668 specle
1362 4613 1541 4658 accedentibus
1558 4619 1626 4664 prae·

403 4687 488 4736 beat...
498 4684 712 4732 Baauasnnaora.
723 4689 789 4739 ibid,
798 4699 857 4743 pag.
868 4689 916 4740 772,
926 4696 1014 4732 annot.
1024 4688 1045 4732 8.

445 4755 457 4789 ⁸
485 4756 553 4801 Vide
563 4769 652 4814 supra,
662 4769 722 4814 pag.
732 4758 780 4808 sat.
790 4765 878 4803 annot.
888 4760 909 4804 ⁶.
