3510 5526
546 521 713 580 Annnuna
732 538 765 580 m
785 537 872 580 rouo
892 535 1040 580 sncuuno

241 877 329 957 Pag
335 923 341 936 ·
364 877 416 942 51
424 877 461 956 0,
479 878 710 943 annotationi
724 879 744 941 I
751 889 794 940 ,α’
808 881 912 942 adde:
926 895 975 940 Eat
986 900 1012 938 et
1020 895 1199 950 apographum
1208 895 1235 939 iu
1243 896 1287 941 tol.
1297 908 1322 940 n.
1334 897 1380 941 tit.

241 985 341 1063 Pag.
357 985 454 1063 56⁴1,
473 985 704 1050 annotationi
719 987 790 1050 ΙΝ
806 987 910 1049 adde:
933 1001 982 1046 Est
1003 1009 1030 1046 et
1053 1002 1161 1046 tertiam
1181 1003 1362 1058 apographum
1382 1003 1409 1048 in

178 1092 233 1136 val.
244 1089 493 1143 Quadritnesirium
504 1091 580 1144 1555,
591 1091 687 1146 duplici
697 1091 767 1146 folio,
777 1103 821 1136 nn.
831 1091 871 1135 212
880 1096 907 1135 et
918 1092 966 1136 243.

240 1173 340 1250 Peg.
357 1171 454 1252 581,
464 1179 551 1254 post
565 1173 709 1236 litteras
723 1174 770 1238 N.
791 1175 896 1237 Costa
910 1174 1029 1237 insere
1042 1180 1243 1255 sequentes:

613 1625 877 1714 CCLXXIX
904 1625 955 1684 bis

234 1971 273 2031 P.
288 1971 407 2031 Petrus
421 1971 596 2032 Navarrus

271 2070 364 2130 Patri
377 2069 507 2144 ignatio
520 2069 562 2130 de
574 2069 714 2144 Loyola.

308 2167 475 2239 Corduba,
492 2168 505 2226 1
520 2166 634 2226 Martii
647 2167 741 2242 [1554]
755 2167 774 2227 ¹.

764 2403 839 2564 Jisis.

242 2696 443 2762 Admodum
458 2697 661 2761 venerande
676 2697 713 2760 in
727 2695 871 2761 Christo
888 2693 1005 2760 Pater.

244 2805 370 2870 Gratia
385 2814 420 2868 et
434 2821 505 2886 pax
520 2804 664 2868 Domini
676 2803 720 2867 N.
736 2803 821 2887 Jesu
837 2803 969 2868 Christi
984 2804 1030 2867 sit
1045 2821 1184 2885 semper
1194 2804 1231 2869 in
1243 2805 1410 2870 cordibus

174 2912 327 2974 nostris.
343 2911 470 2974 Amen.
1323 2991 1328 3000 .

245 3017 321 3082 Etsi
335 3019 454 3097 cogito
471 3027 516 3095 te,
534 3015 639 3080 Pater
661 3017 697 3080 in
719 3015 860 3081 Christo
883 3019 1073 3098 plurimum
1095 3018 1327 3100 obseruanda,
1351 3038 1412 3084 no·

182 3125 277 3189 uisse
302 3142 356 3204 ea,
380 3141 472 3204 quae
492 3123 667 3194 Dominus
690 3124 727 3186 in
752 3122 819 3186 hac
841 3121 1031 3187 Provincia
1053 3134 1219 3204 operatus
1242 3136 1295 3188 est
1317 3135 1412 3206 post·

181 3249 289 3311 quam
303 3232 417 3296 nostri
431 3232 499 3294 huc
514 3240 699 3310 uenerunt,
715 3239 790 3295 tum
805 3248 850 3293 ex
864 3228 981 3292 Patris
1004 3229 1034 3292 F
1036 3231 1189 3295 nancisci
1209 3233 1231 3310 ¹,
1252 3240 1328 3296 tum
1347 3232 1411 3296 Pa·

182 3338 248 3402 tris
261 3337 408 3402 Antonii
423 3335 434 3368 ⁵
450 3338 560 3401 literis
571 3354 579 3416 3
591 3345 631 3400 vt
643 3346 762 3400 tamen
774 3334 1051 3417 quadrimestres
1063 3337 1218 3400 scribere
1229 3337 1411 3418 incipiam,

182 3445 275 3508 sicut
289 3444 478 3525 unicuique
493 3444 644 3523 collegio
660 3443 775 3521 iubes,
792 3439 944 3506 reseram
958 3441 1053 3523 quod
1073 3443 1158 3506 mihi
1178 3460 1256 3507 sese
1278 3445 1411 3510 obtule·

181 3551 230 3615 rit
244 3569 290 3616 ex
304 3552 384 3628 hoc,
400 3551 494 3630 quod
508 3548 682 3614 Dominus
697 3548 884 3614 Cordubae
903 3557 1060 3613 statuere
1074 3548 1242 3631 dignatus
1257 3559 1323 3615 est.
1344 3551 1412 3616 Cu-

182 3659 239 3722 ius
266 3657 407 3738 quidem
438 3657 650 3737 principium
676 3656 791 3720 extitit
812 3655 930 3719 Patris
959 3653 1107 3719 Antonii
1135 3655 1172 3719 in
1195 3653 1411 3721 Societatem

183 3765 381 3845 ingressus.
398 3762 477 3843 Qua
492 3781 537 3828 ex
552 3781 590 3828 re
604 3773 717 3828 mater
738 3763 814 3827 eius
834 3762 989 3827 Domina
1010 3762 1221 3827 Marchiona
1240 3759 1253 3794 ⁴
1274 3773 1412 3828 tantam

184 3871 341 3952 percepit
356 3871 538 3951 laetitiam,
560 3879 599 3934 vt
619 3887 692 3933 non
711 3886 815 3934 secus
836 3879 944 3952 atque
964 3879 1079 3934 mater
1100 3867 1314 3935 Societatem
1337 3871 1411 3936 dili·

182 3987 246 4060 gat
261 3975 291 4056 Ι;
312 3978 432 4057 itaque
451 3977 587 4040 liberali
607 3976 798 4040 admodum
819 3976 939 4040 animo
959 3975 1138 4040 consensit
1160 3993 1202 4040 ac
1224 3976 1349 4058 voluit,
1373 3988 1412 4042 ut

222 4183 231 4216 ¹
259 4182 448 4237 Autoprapitae
458 4182 484 4226 in
494 4182 545 4225 vol.
556 4180 803 4234 Quadrimesirium
814 4179 890 4230 1555,
899 4179 995 4234 duplici
1005 4178 1075 4232 folio,
1086 4191 1127 4224 nn.
1138 4179 1177 4223 145
1185 4185 1212 4224 et
1223 4179 1269 4224 itt.

222 4255 234 4288 Ι
260 4254 290 4298 P.
301 4252 438 4299 Franciuci
447 4252 478 4296 de
489 4251 577 4307 Botja.

220 4325 233 4358 ⁸
259 4324 289 4370 Ρ.
303 4325 412 4370 Antonii
427 4324 458 4368 de
472 4323 599 4368 Corduba.
614 4323 682 4367 Vide
693 4322 789 4367 cartas
804 4323 838 4366 de
853 4321 909 4366 San
920 4323 1039 4377 ignatio,
1049 4327 1066 4366 t.
1078 4331 1114 4374 tv,
1129 4321 1207 4376 epist.
1223 4331 1276 4375 niu.
1292 4331 1379 4368 annot.
1390 4325 1412 4380 2,

179 4397 300 4453 nat-²¹⁹·
1096 4441 1098 4448 .

221 4471 234 4505 ⁸
261 4469 406 4514 catharina
415 4466 607 4512 Femnnderde
617 4465 745 4520 cordoba,
761 4464 949 4510 Marchionissa
962 4467 993 4511 de
1011 4465 1113 4520 Prtepo.
1129 4463 1196 4510 Vide
1207 4463 1345 4510 Cariasde
1355 4465 1413 4512 San

181 4539 301 4596 lenacia,
310 4545 328 4586 t.
338 4551 375 4593 tv.
385 4541 462 4595 epist.
472 4549 593 4593 coactu,
604 4545 691 4584 annot.
701 4538 722 4592 2,
733 4549 795 4593 pag.
803 4537 851 4582 1⁴⁹.

223 4611 235 4646 Ι
261 4612 300 4657 De
310 4613 399 4657 haere
413 4611 474 4656 vide
484 4609 655 4660 Sumuntur.
670 4609 792 4654 Historia
809 4621 858 4654 mn.
871 4609 905 4654 de
919 4609 947 4654 ia
962 4608 1106 4653 Provincia
1122 4607 1155 4654 de
1169 4607 1321 4655 Antiniana
1337 4611 1370 4657 de
1384 4613 1412 4657 ia

185 4682 330 4739 Campania
339 4681 502 4738 aasentiap.
512 4692 530 4735 ι,
539 4682 583 4728 lib.
593 4693 610 4736 t,
619 4693 642 4726 c.
649 4681 671 4726 8.
679 4681 767 4726 -Vide
775 4681 855 4726 etiam
864 4679 959 4726 cartas
966 4682 1000 4726 ae
1009 4679 1065 4724 San
1075 4678 1195 4732 lenacia,
1202 4686 1221 4726 t.
1229 4694 1255 4736 v,
1266 4681 1373 4738 append.
1384 4695 1414 4740 n,

184 4767 210 4802 n.
220 4755 256 4810 v,
264 4754 381 4810 pannii.
