3510 5526
434 507 505 584 716Ἰ
861 562 863 570 ,
898 519 1076 580 Meuania
1094 535 1197 582 curua

432 672 593 736 nonnulli
606 679 640 734 et
654 667 829 742 canonici,
845 667 895 730 ita
909 667 1052 730 taudem
1063 677 1102 730 vt
1113 668 1262 749 pulchra
1273 669 1450 748 quaedam
1460 669 1643 735 audituram

431 782 557 844 concio
572 779 828 842 circumstaret.
846 773 913 837 ch
927 773 1047 837 statim
1061 773 1174 838 irater
1186 775 1412 840 secundarius
1434 787 1641 858 praeceptor,

430 888 488 952 cui
508 902 636 949 nomen
656 891 709 947 est
734 881 856 946 Marco
880 879 1009 959 Nonio,
1036 881 1233 944 orationem
1258 882 1394 961 habuit,
1421 901 1513 965 quae
1532 885 1642 948 boram

430 998 510 1074 plus
532 993 646 1056 minus
671 989 906 1070 consumpsit,
926 1005 996 1068 qua
1018 988 1192 1068 absoluta,
1218 997 1254 1052 et
1278 989 1347 1052 alia
1372 994 1583 1070 graecanica
1605 994 1642 1055 ad

429 1100 592 1164 eumdem
618 1097 843 1162 cardinalem
869 1095 990 1158 habita
1009 1105 1063 1159 est
1087 1095 1213 1158 abillo
1239 1096 1364 1160 eodem
1386 1097 1570 1180 discipulo,
1593 1101 1643 1180 qui

429 1209 610 1272 axiomata
626 1205 820 1268 rhetorices
835 1201 1056 1266 defendebat:
1073 1211 1197 1266 contra
1210 1221 1315 1284 quem
1326 1205 1422 1268 illico
1433 1207 1586 1270 nonnulli
1598 1223 1641 1268 ar·

427 1323 692 1396 gumentantur‚
708 1310 805 1391 prius
820 1310 866 1372 ad
877 1307 1102 1372 Cardiualem
1116 1315 1264 1372 orantes
1280 1309 1300 1388 ¹,
1318 1311 1574 1392 epigrammata
1594 1314 1644 1376 alii

426 1423 588 1499 recitant,
605 1419 723 1500 ipsisa
739 1416 1028 1498 praeceptoribus
1043 1417 1174 1479 nostris
1189 1417 1234 1479 ad
1249 1417 1284 1480 id
1306 1419 1449 1482 tradita.
1470 1419 1643 1484 Postremo

427 1527 631 1594 scholastici
647 1538 719 1589 tres
735 1524 833 1604 pueri
849 1521 1039 1604 quamdam
1054 1523 1165 1585 veluti
1179 1525 1352 1603 eclogam,
1370 1527 1528 1590 carmine
1541 1527 1644 1590 beroi-

426 1655 487 1713 cu,
510 1637 553 1698 de
575 1635 681 1697 rebus
698 1632 801 1694 bonis
826 1647 868 1694 ac
894 1630 1038 1706 sanctis,
1065 1647 1172 1710 quam
1197 1631 1420 1694 secundarius
1445 1642 1645 1714 praeceptor

425 1750 685 1824 composuerat,
703 1741 752 1802 ita
766 1737 911 1818 pulchre
926 1736 1161 1800 decantarunt
1175 1747 1210 1799 et
1224 1750 1374 1816 egerunt
1387 1743 1541 1820 proprie,
1554 1751 1593 1804 vt
1603 1741 1643 1802 io·

425 1851 580 1915 cundum
600 1849 704 1910 valde
719 1855 753 1908 et
769 1842 890 1908 auditu
909 1861 1012 1924 quam
1027 1861 1138 1906 suave
1153 1844 1317 1908 omnibus
1335 1845 1370 1908 id
1386 1845 1503 1910 luerit.
1528 1847 1642 1910 Huius·

425 1960 521 2024 modi
536 1967 654 2022 autem
668 1955 755 2017 ordo
770 1953 806 2015 iu
821 1950 1136 2031 disceptationibus
1151 1961 1186 2013 et
1200 1953 1362 2016 oratione
1382 1953 1506 2018 fratris
1520 1955 1642 2018 idcirco

424 2077 478 2130 est
494 2067 714 2140 obseruatus,
731 2061 812 2140 quia
829 2059 879 2121 sic
895 2057 1075 2122 Cardinali
1089 2057 1205 2121 visum
1220 2058 1296 2136 luit,
1313 2061 1373 2140 qui
1389 2061 1501 2124 solum
1512 2062 1641 2142 vesperi

426 2173 594 2237 interluit.

487 2279 611 2359 Quoad
628 2279 708 2348 alia,
726 2277 760 2338 in
784 2275 896 2337 solitis
916 2273 1095 2335 exercitiis
1115 2273 1295 2335 literarum
1315 2273 1558 2356 uirtutumque
1579 2277 1640 2338 dili·

423 2399 547 2464 genter
574 2384 786 2458 elaboratur,
814 2392 847 2443 et
872 2399 917 2443 ex
943 2381 1104 2442 omnibus
1129 2381 1256 2442 uberes
1280 2378 1419 2443 fructus
1444 2393 1639 2452 nascuntur,

423 2495 500 2560 Deo
516 2493 737 2572 Dominoque
753 2491 878 2568 gloria.
893 2486 1194 2551 Scholasticorum
1208 2487 1307 2549 multi
1319 2487 1375 2550 his
1385 2489 1449 2548 40¹
1459 2491 1641 2562 mensibus,

423 2615 461 2665 ut
482 2603 526 2666 ad
549 2600 761 2662 Societatem
781 2607 939 2658 nostram
962 2594 1229 2657 admitterentur
1251 2593 1477 2659 vehementer
1498 2599 1639 2675 postula-

422 2719 516 2786 runt,
533 2706 742 2789 praesertim
761 2704 817 2766 his
836 2701 1077 2780 superioribus
1093 2699 1230 2778 diebus,
1256 2717 1335 2763 eum
1357 2699 1395 2765 P.
1416 2701 1508 2766 Mar
1524 2704 1638 2784 Myron

417 2827 595 2897 praesens
615 2813 748 2886 aderat,
771 2827 791 2872 a
814 2827 883 2889 quo
903 2827 948 2871 ex
968 2807 1036 2870 illis
1054 2817 1126 2870 tres
1151 2807 1290 2870 suerunt
1316 2808 1472 2886 admissi,
1500 2828 1638 2892 quorum

423 2941 513 2988 unus
529 2921 706 2985 secundae
721 2918 846 2981 elassis
861 2927 948 2992 erat,
966 2915 1011 2978 ad
1027 2932 1133 2994 quam
1149 2915 1205 2977 ille
1222 2917 1314 2988 (cum
1334 2926 1483 2996 quartae
1503 2917 1606 2994 esset)
1624 2922 1640 2976 o

420 3040 483 3094 aut
497 3031 515 3092 7
532 3029 703 3092 mensium
719 3025 834 3104 spatio
850 3021 1068 3085 conscendit:
1086 3025 1175 3084 alter
1190 3022 1315 3084 tertiae
1331 3023 1402 3102 (qui
1417 3023 1487 3086 duo
1502 3025 1574 3088 iam
1585 3025 1637 3087 Co·

421 3137 630 3202 nimbricam
655 3133 751 3195 missi
774 3131 879 3208 sunt);
902 3132 1026 3191 tertius
1049 3130 1130 3205 lae,
1152 3138 1186 3190 et
1211 3129 1241 3191 is
1268 3129 1366 3190 breui
1386 3129 1638 3194 Conimbricam

421 3244 579 3308 mittetur
595 3242 697 3302 simul
716 3255 794 3300 cum
811 3237 1006 3308 sacerdote,
1025 3237 1084 3314 qui
1099 3251 1236 3314 qrroqae
1249 3239 1261 3270 ³
1276 3253 1296 3296 a
1312 3235 1348 3298 P.
1367 3235 1414 3298 M.
1432 3237 1581 3316 Myrone
1602 3237 1638 3298 ad

419 3352 634 3416 Societatem
650 3348 706 3409 lu'c
719 3355 882 3424 receptus
897 3355 960 3418 cst,
978 3344 1013 3406 in
1029 3361 1099 3422 qua
1115 3343 1211 3404 illum
1224 3359 1407 3420 speramus
1420 3347 1568 3408 multum
1580 3345 1637 3408 Do·

420 3461 516 3523 mino
532 3457 608 3520 Deo
626 3454 850 3518 seruiturum:
868 3453 934 3513 hoc
950 3451 1063 3530 ipsum
1084 3451 1203 3528 plures
1219 3449 1277 3511 alii
1297 3465 1366 3510 non
1386 3451 1503 3514 minus
1527 3453 1638 3514 arden·

420 3579 475 3628 ter
491 3573 624 3645 petunt;
642 3577 765 3624 verum
785 3577 805 3620 a
825 3557 929 3620 Patre
952 3557 986 3618 in
1008 3555 1285 3618 constantiorem
1304 3565 1456 3618 aetatem
1479 3573 1638 3636 proroga·

419 3683 488 3748 tur;
506 3669 566 3732 sed
583 3669 617 3730 in
636 3667 681 3730 l.⁰
696 3665 783 3742 (Deo
799 3663 916 3740 dante)
933 3663 1024 3724 illius
1035 3660 1080 3723 ad
1096 3679 1160 3724 nos
1172 3661 1326 3724 aduentu
1339 3661 1580 3726 admittentur.
1592 3663 1638 3726 Ex

418 3778 488 3841 illis
502 3795 572 3840 non
589 3775 692 3854 pauci
708 3790 779 3834 non
795 3771 881 3833 satis
897 3770 962 3832 sibi
978 3769 1231 3846 existimantes
1249 3768 1279 3830 si
1299 3769 1448 3846 singulis
1469 3773 1637 3834 mensibus

419 3893 567 3965 peecata
583 3899 645 3943 sua
661 3879 850 3955 fateantur,
868 3885 994 3938 octauo
1009 3892 1149 3954 quoque
1165 3873 1220 3936 die
1238 3873 1271 3936 id
1288 3875 1432 3952 iaciunt,
1449 3887 1485 3939 et
1506 3891 1636 3941 sacram

418 3989 701 4054 communionem
725 3987 852 4048 deuote
878 3982 1070 4062 accipiunt,
1092 3993 1126 4044 et
1148 3982 1290 4044 demum
1316 3983 1509 4047 uniuersim
1524 3998 1636 4047 omnes

418 4113 641 4175 summopere
657 4104 880 4168 reuerentur,
897 4107 966 4152 non
983 4090 1086 4152 modo
1102 4099 1364 4168 praeceptores,
1389 4089 1451 4153 sed
1475 4101 1510 4154 et
1526 4105 1636 4154 omnes

416 4204 641 4267 domesticos,

477 4311 530 4374 De
545 4309 695 4372 lectione
715 4323 853 4386 quoque
869 4303 1105 4380 sacerdotum,
1122 4301 1165 4364 de
1181 4301 1322 4366 casibus
1337 4303 1590 4382 conscientiae,
1606 4301 1633 4364 it

415 4435 507 4498 queo
533 4417 662 4491 dicere,
688 4415 835 4476 multum
854 4410 919 4473 Dei
945 4409 1112 4472 beneficio
1133 4407 1314 4489 accepisse
1334 4410 1496 4474 utilitatis
1521 4429 1565 4474 ex
1584 4410 1632 4470 illa

458 4694 464 4722 ⁴
494 4693 614 4734 oratione
625 4691 726 4732 liubila.
739 4689 879 4732 Pocaxrus.

456 4767 467 4796 Ξ
495 4765 585 4807 eliam.
597 4761 634 4805 In.
