3504 5532
409 486 461 548 192
792 486 963 548 errnnan
981 501 1252 558 onnontunsrans

407 632 544 712 dissita,
565 633 808 698 confessiones
827 632 1028 710 auditurus,
1051 634 1095 696 ab
1120 633 1268 698 infirmis
1292 635 1401 698 etiam
1426 630 1635 714 saepissime

408 749 571 820 vocatur,
588 741 648 820 qui
662 749 736 805 tum
750 741 818 805 sibi
832 741 1055 806 satisfactum
1069 751 1103 806 et
1118 751 1193 806 tuto
1214 741 1370 805 animam
1391 739 1510 805 efflare
1528 755 1635 820 posse

407 856 546 928 putant,
562 847 624 912 vbi
638 847 688 912 illi
702 847 856 912 confessi
872 858 969 930 sunt;
985 847 1079 930 quod
1094 859 1213 914 tamen
1226 850 1320 913 clam
1334 856 1460 913 curant
1478 846 1567 925 fieri,
1591 863 1634 909 ne
1715 917 1716 936 χ

408 955 476 1018 sibi
490 955 690 1020 calumnias
704 965 765 1019 aut
784 955 886 1020 nobis
907 957 1109 1036 grauiorem
1133 955 1286 1036 contient
1308 955 1488 1034 inuidiam,
1512 963 1552 1016 vt
1575 952 1634 1034 qui
1715 979 1716 988 κ

408 1071 629 1143 compertum
644 1063 798 1127 habeant
813 1063 849 1127 id
863 1063 1011 1129 aemulis
1025 1065 1157 1128 nostris
1172 1081 1298 1146 parum
1312 1080 1391 1128 esse
1404 1071 1560 1144 gratum.
1577 1059 1635 1124 Aa

409 1168 690 1249 pernoctandum
705 1171 813 1234 etiam
827 1169 922 1252 apud
935 1170 1095 1236 infirmos
1109 1170 1311 1252 frequenter
1327 1186 1579 1246 contineamur,
1596 1178 1634 1231 vt

409 1293 471 1341 eos
486 1259 709 1342 consolemur
726 1287 760 1342 et
775 1278 980 1344 roboremus
996 1279 1031 1342 in
1052 1278 1219 1360 Domino,
1241 1277 1337 1360 quod
1356 1277 1541 1342 charitatis
1561 1292 1634 1338 mu·

409 1401 476 1448 nus
490 1401 603 1465 nuper
617 1383 759 1449 sartrici
773 1385 905 1466 regiae,
923 1385 1119 1467 hyspanae,
1136 1401 1227 1467 quae
1247 1385 1439 1466 aliquando
1458 1382 1552 1447 Rau
1572 1381 1635 1446 Pa·

410 1489 566 1554 temitati
580 1499 662 1554 tuae
682 1492 885 1573 scripserat,
903 1493 1143 1558 exhibuimus:
1164 1492 1253 1574 ipsa,
1274 1491 1438 1573 quamuis
1459 1491 1494 1554 in
1515 1488 1636 1570 pleris

410 1614 478 1680 que
492 1597 600 1662 Dm
621 1597 805 1672 Isabellam
825 1597 1004 1670 Rusellam
1030 1598 1039 1632 ¹
1062 1615 1148 1680 erga
1170 1617 1236 1664 nos
1258 1599 1394 1664 imitata
1412 1598 1468 1678 sit,
1491 1597 1636 1661 tandem

409 1721 491 1770 curn
517 1705 572 1769 sui
596 1705 730 1769 instare
756 1705 1023 1772 dissolutionem
1048 1706 1212 1786 sentiret,
1238 1724 1284 1770 ne
1311 1723 1332 1770 a
1359 1705 1397 1769 P.
1427 1704 1635 1786 Praeposito

411 1811 633 1876 desereretur
662 1813 853 1892 plurimum
879 1814 1078 1893 metuebat;
1106 1813 1182 1878 eius
1210 1812 1365 1877 animam
1394 1811 1635 1890 maximopere

411 1918 568 1983 omniurn
589 1919 753 2000 precibus
773 1919 1014 1984 commendari
1033 1930 1209 2002 optamus,
1233 1929 1272 1984 vt
1293 1919 1411 2000 quiete
1433 1917 1636 1998 perfruatur

411 2024 636 2106 sempiterna.

471 2131 682 2196 Huiusmodi
706 2132 848 2213 pietatis
867 2133 981 2199 officia
1001 2133 1176 2214 omnibus,
1197 2134 1408 2214 ubicumque
1429 2149 1508 2196 sese
1528 2130 1632 2196 offert

412 2237 566 2318 occasio,
583 2239 847 2320 promptissimo
861 2241 980 2306 animo
996 2240 1213 2320 exhibemus,
1230 2257 1312 2304 cum
1324 2255 1456 2320 magna
1476 2239 1633 2302 omnium

414 2344 658 2410 aedificatione
674 2356 708 2411 et
723 2348 977 2428 consolatione,
994 2357 1070 2414 tum
1083 2359 1229 2430 propter
1243 2365 1317 2412 rem
1340 2347 1585 2411 inconsuetam
1595 2353 1636 2407 et

413 2469 503 2534 pene
523 2453 719 2518 inauditam
738 2453 836 2535 ipsiS,
859 2463 934 2519 tum
952 2455 1059 2520 etiam
1080 2465 1225 2538 propter
1250 2456 1413 2535 exempla
1436 2463 1471 2517 et
1493 2461 1636 2516 sanctas

411 2559 691 2640 exhortationes,
717 2579 808 2642 quae
832 2562 927 2641 piam
951 2564 1265 2645 metamorphosim
1289 2576 1554 2641 nonnumquam
1577 2574 1635 2639 ge·

414 2677 553 2744 nerant,
568 2677 608 2731 vt
622 2669 823 2748 nuperrime
838 2670 997 2751 contigit.
1014 2669 1103 2734 Cum
1116 2687 1208 2734 vnus
1219 2670 1368 2734 fratrum
1379 2667 1475 2747 apud
1485 2666 1635 2730 nobilem

414 2777 614 2855 quemdam,
631 2776 690 2856 qui
710 2775 780 2839 iam
799 2777 991 2855 interierat,
1013 2786 1285 2858 pernoctaturus
1309 2785 1413 2855 esset,
1439 2775 1564 2838 videns
1587 2771 1635 2835 iu·

413 2883 643 2946 uenculorum
658 2891 692 2945 et
708 2865 916 2947 ancillarum
931 2883 1161 2948 effraenatam
1176 2883 1418 2965 petulantiam,
1435 2882 1495 2965 qui
1509 2899 1574 2962 pro
1589 2881 1636 2942 la·

413 2988 571 3070 chrymis
598 2989 791 3054 cachinnos
818 2989 1011 3072 foedasque
1038 3008 1081 3056 ac
1114 2990 1320 3055 libidinosas
1347 2988 1636 3070 gesticulationes

414 3095 634 3177 impudenter
659 3107 818 3175 agerent,
839 3113 991 3162 coenare
1011 3115 1092 3162 cum
1113 3097 1256 3162 domina
1278 3097 1427 3178 aliisque
1448 3094 1633 3170 nobilibus,

414 3219 483 3282 qua
498 3202 611 3282 potuit
631 3202 816 3282 modestia,
838 3204 1029 3284 recusauit,
1051 3205 1191 3268 abunde
1210 3203 1278 3268 sibi
1299 3203 1520 3268 satisfactum
1543 3215 1635 3264 asse·

414 3326 496 3372 rens
511 3309 541 3372 si
556 3325 637 3373 cum
657 3308 791 3372 familia
812 3327 964 3375 coenare
981 3310 1115 3390 liceret,
1138 3320 1373 3393 opportunam
1391 3327 1429 3374 se
1450 3317 1637 3373 nacturum

414 3416 638 3480 occasionem
664 3433 812 3496 sperans
833 3418 1043 3482 sceleratam
1063 3418 1156 3482 hanc
1175 3417 1376 3482 refrenandi
1395 3415 1636 3498 petulantiam

413 3533 568 3604 tumque,
581 3523 744 3604 quamuis
756 3533 829 3587 tam
840 3524 1007 3605 priuatim
1018 3525 1189 3606 quosdam
1201 3523 1452 3603 admonuisset,
1466 3533 1504 3586 vt
1517 3523 1638 3604 cytha·
1715 3521 1716 3528 ’

414 3647 474 3694 ras
487 3647 572 3694 suas
587 3647 667 3694 cum
681 3630 878 3712 lachrymis
896 3639 1155 3696 commutarent
1175 3631 1301 3710 effecit,
1318 3648 1389 3695 non
1404 3630 1545 3711 quidem
1560 3645 1636 3711 pro·
1715 3623 1716 3682 ἶ

414 3746 492 3819 pter
505 3737 582 3800 heri
598 3737 791 3817 interitum,
807 3754 912 3818 quem
927 3747 1046 3803 tamen
1061 3739 1183 3804 viuum
1198 3737 1396 3802 dilexerant
1411 3738 1457 3801 ob
1471 3737 1546 3800 eius
1558 3736 1637 3799 libe·

414 3845 591 3908 ralitatem
605 3852 640 3907 et
655 3844 972 3925 mansuetudinem,
989 3844 1051 3910 sed
1066 3845 1160 3926 quod
1174 3861 1338 3910 seueram
1351 3845 1486 3928 Judicis
1499 3842 1636 3918 summi,

415 3969 505 4032 quae
520 3951 569 4015 nil
584 3951 732 4016 inultum
746 3951 925 4035 relinquit,
945 3951 1116 4034 justitiam
1138 3954 1409 4034 perhorrescere
1423 3970 1467 4016 ac
1481 3951 1637 4015 reformi-

415 4057 501 4122 dare
517 4067 721 4140 coeperunt,
737 4059 905 4125 vitiorum
920 4077 1065 4124 suorum
1085 4078 1269 4138 memores,
1291 4061 1456 4141 vitaeque
1475 4058 1637 4123 mutatio·

415 4183 496 4230 nem
508 4175 542 4230 et
553 4165 673 4230 verbis
681 4174 715 4230 et
723 4167 917 4248 lachrymis
928 4168 1196 4249 pollicebantur,
1209 4167 1400 4250 praeterita
1412 4166 1636 4232 detestantes.

415 4273 496 4336 Alia
511 4273 546 4336 in
563 4273 642 4336 aliis
658 4273 765 4337 etiarn
781 4274 869 4338 locis
883 4275 920 4338 in
935 4273 1003 4362 Dei
1018 4275 1171 4355 gloriam
1186 4286 1332 4356 peracta
1347 4285 1441 4354 sunt,
1458 4291 1549 4355 quae
1564 4275 1638 4337 bre·

415 4379 535 4444 uitatis
551 4397 660 4442 causa
676 4391 875 4461 praetereo.

456 4658 464 4692 t
493 4657 631 4701 isabellam
647 4655 737 4713 Roser,
751 4661 794 4703 vel
809 4659 904 4705 Roaell.
917 4661 981 4706 Vide
996 4661 1091 4707 Carras
1105 4663 1138 4706 de
1150 4663 1204 4708 San
1220 4661 1337 4716 rgnacro,
1347 4670 1366 4708 t.
1377 4673 1394 4718 r,
1404 4675 1465 4719 pag.
1476 4662 1509 4719 16,
1520 4672 1607 4709 annot.
1617 4661 1635 4708 2.

416 4729 498 4787 Saepe
509 4729 587 4774 etlam
598 4731 723 4776 acrlbltur
733 4731 818 4778 Rouel.
