3410 5528
637 541 700 608 Αιι.
722 544 792 608 15ὃ6
1277 501 1331 608 329

118 707 167 756 res
177 703 210 758 et
219 695 390 760 tubicines
398 697 644 761 suiscautibus
655 697 742 761 nihil
753 695 848 760 aliud
860 713 967 778 quam
977 693 1165 774 dringltelt
1180 693 1188 726 ⁸
1201 711 1331 760 uenan-

117 809 176 878 tur‚
189 811 226 866 ut
238 803 341 867 nobis
356 805 506 868 relatum
520 814 585 868 est.
602 802 705 883 Quod
719 811 800 868 eum
815 803 1030 868 audiuissem
1042 803 1184 879 certius,
1198 802 1234 866 in
1245 818 1331 883 gra·

115 908 258 990 tiamque
272 920 431 975 nostram
441 912 531 975 haec
541 911 618 976 fieri
629 921 664 976 et
678 911 779 976 iacta·
788 911 897 976 fuisse
912 909 1177 990 intellexissem,
1194 909 1328 991 (quam-

116 1015 163 1077 uis
175 1017 284 1081 nullos
299 1035 344 1081 ex
359 1035 535 1084 consensu
549 1031 671 1084 nostro
683 1018 929 1085 admiserimus
944 1035 989 1082 ex
1000 1016 1220 1100 praedictis),
1236 1025 1332 1099 post·

115 1123 245 1188 modum
261 1127 353 1205 caui,
369 1127 565 1192 admoneus
579 1127 755 1209 hospitem
769 1145 813 1191 ne
828 1127 981 1208 aliquem
1000 1126 1155 1198 iliorum.
1180 1125 1209 1189 si
1231 1125 1329 1188 ueni·

115 1240 201 1310 rent,
223 1232 433 1298 admitteret.
456 1232 558 1313 Quod
573 1252 653 1300 cum
668 1237 777 1300 semel
791 1236 827 1300 iu
841 1233 1002 1314 sequenti
1022 1232 1176 1314 quodam
1198 1230 1330 1312 oppido

115 1337 301 1418 accidisset,
315 1358 605 1422 recusassemque
619 1343 810 1406 tubicinem
824 1353 859 1406 et
873 1351 1051 1420 cantoreS,
1067 1341 1128 1420 qui
1143 1355 1278 1416 omnes,
1292 1347 1331 1401 ut

112 1442 143 1504 in
154 1445 323 1524 prioribus
334 1449 480 1513 urbibus
490 1449 609 1513 adnos
617 1461 800 1528 uenerant,
813 1449 1024 1529 grauissime
1033 1450 1200 1525 tulerunt,
1211 1444 1332 1510 conui-

112 1553 171 1618 ciis
180 1556 283 1620 etiam
293 1574 358 1621 nos
370 1568 633 1639 prosequentes.
647 1557 784 1622 Morem
794 1559 887 1622 enim
899 1559 1064 1622 dicebant
1078 1574 1156 1622 esse
1171 1557 1324 1632 Patriae,

112 1670 146 1724 ut
164 1663 247 1727 haec
264 1664 439 1729 nobilibus
463 1676 498 1730 et
519 1666 668 1730 alicuius
695 1666 951 1729 aestimationis
970 1665 1057 1729 uiris
1076 1665 1214 1742 hereum
1236 1665 1327 1728 inter

113 1785 195 1850 quos
208 1787 272 1835 nos
286 1772 439 1850 (tametsi
455 1772 633 1852 Gesuitas)
648 1773 824 1838 habebant
839 1783 875 1837 et
889 1773 1152 1838 reuerebantur.

166 1877 251 1943 Cum
266 1889 383 1944 autem
396 1879 551 1960 Pragam
562 1882 787 1959 intraremus
802 1881 1066 1945 occluseramus
1076 1883 1188 1946 latera
1201 1898 1329 1946 currus
1390 1865 1392 1874 ¹

113 1985 219 2063 palliis
232 1986 375 2066 nostris,
392 2004 435 2051 ne
450 2005 516 2051 nos
538 1999 610 2051 tam
630 1997 752 2068 aperte
771 1987 1079 2068 dignosceremur:
1102 2005 1226 2052 verum
1247 2007 1328 2054 cum

112 2101 325 2158 transeuntes
339 2094 513 2175 quasdam
528 2096 677 2175 plateas,
693 2112 844 2176 quarum
864 2097 976 2160 altera
991 2105 1118 2160 catena
1134 2095 1262 2175 ferrea,
1280 2098 1327 2160 al-

112 2209 181 2263 tera
195 2217 278 2264 uero
293 2201 402 2282 lignis
415 2203 642 2282 transpositis
658 2212 848 2284 occupata,
869 2219 1143 2282 remoraremur,
1165 2221 1327 2268 accurre·

111 2307 190 2370 bant
203 2308 372 2388 homines
390 2319 425 2374 et
440 2312 572 2390 magni,
590 2310 703 2390 parui,
720 2311 886 2374 mulieres
897 2320 932 2373 et
943 2311 1112 2392 uirgines
1125 2319 1328 2375 scrutantes

112 2423 142 2476 et
161 2417 440 2496 peruestigantes
459 2417 544 2497 quid
564 2417 615 2480 rei
635 2417 671 2480 in
693 2434 799 2481 curru
821 2427 928 2496 esset,
953 2417 1114 2481 homines
1139 2435 1184 2482 an
1211 2417 1327 2498 potius

109 2518 199 2585 ferae
218 2524 426 2602 syluestres,
450 2533 487 2587 nt
507 2525 604 2588 cerui
626 2535 660 2588 et
680 2524 769 2605 apri.
791 2524 912 2604 ltaque
937 2523 1073 2588 immoti
1097 2541 1221 2590 omnes
1243 2542 1325 2590 cum

110 2627 209 2692 animi
219 2631 405 2694 alacritate
416 2631 451 2694 in
463 2641 626 2694 sanctum
639 2629 856 2696 Clementem
868 2630 879 2662 ¹
891 2632 1127 2711 perueuimus.
1141 2629 1193 2695 Sit
1206 2631 1326 2697 Domi·

109 2751 170 2798 nus
181 2735 282 2820 Jesus
296 2737 512 2802 benedictus.
532 2737 657 2803 Amen.

162 2843 310 2925 Accepti
330 2845 459 2909 fuimus
484 2863 565 2911 cum
585 2863 715 2926 magno
730 2846 861 2926 gaudio
882 2865 903 2910 a
926 2846 1099 2910 charitate
1121 2845 1191 2910 Ra
1206 2845 1245 2911 P.
1261 2845 1325 2912 Ca·

108 2948 195 3029 uisii,
216 2951 274 3032 qui
297 2961 372 3015 tum
387 2952 433 3016 ad
447 2951 582 3032 Regem
596 2954 710 3017 iuerat
725 2951 747 3033 ⁸,
770 2969 850 3016 cum
870 2952 1138 3033 ingrederemur
1153 2964 1326 3018 monaste·

109 3055 203 3121 rium.
226 3059 273 3122 At
288 3059 348 3122 ubi
363 3059 553 3123 rescissent
576 3061 681 3125 amici
702 3060 1013 3140 nos'aduentasse,
1036 3077 1106 3125 uno
1129 3072 1190 3124 aut
1214 3062 1326 3126 altero

108 3161 158 3225 die
177 3165 287 3245 lapso,
310 3166 442 3246 singuli
464 3167 609 3231 ueniunt
631 3165 676 3229 ad
696 3183 762 3231 nos
784 3167 913 3246 (amici,
938 3167 1094 3248 inquam)
1116 3167 1324 3246 uisitandos,

107 3270 255 3352 plerique
269 3273 407 3337 nobiles
419 3282 454 3336 et
468 3273 648 3352 magnifici
663 3275 741 3337 uiri.
760 3273 918 3338 Primum
932 3273 1068 3339 Doctor
1083 3273 1286 3339 Ludoui'cus
1301 3271 1325 3350 ⁴,

107 3378 160 3455 qui
184 3395 314 3460 magno
333 3379 457 3445 fauore
478 3392 620 3444 nostras
646 3397 702 3444 res
728 3392 896 3461 procurat
918 3397 1118 3463 magnaque
1139 3381 1325 3446 allectione

106 3501 165 3549 nos
186 3497 297 3550 amat:
319 3487 445 3552 deinde
467 3489 638 3568 magister
660 3488 910 3568 hospitalensis
940 3487 962 3566 ⁸,
988 3489 1039 3552 sic
1060 3501 1220 3566 uocatus
1244 3506 1324 3554 cum

106 3589 233 3658 duobus
248 3594 459 3676 quibusdam
473 3595 559 3658 uiris
573 3595 739 3674 ungaris;
757 3604 879 3674 postea
895 3596 1091 3660 catholicus
1107 3595 1250 3678 quidam
1265 3614 1324 3662 no·

106 3697 178 3764 hilis
192 3699 360 3781 Boemus,
376 3701 618 3766 cancellarius
633 3717 773 3782 quoque
795 3701 920 3782 Regis,
942 3703 1053 3785 Jonas
1074 3701 1096 3782 ⁰,
1114 3719 1238 3770 omues
1253 3721 1324 3768 ma·

108 3895 309 3906 «ξ...-

142 4013 149 4044 ¹
176 4012 227 4068 Sic;
239 4014 389 4068 germanice
401 4013 547 4068 trinkgeiri,
561 4024 652 4058 munus
666 4014 801 4068 quoddam,
816 4025 861 4058 seu
877 4015 1076 4059 emolumentum
1093 4015 1159 4070 quod
1173 4025 1221 4070 pro
1236 4015 1325 4058 labore

107 4092 148 4127 unt
159 4086 286 4141 obsequio,
297 4087 394 4140 absque
408 4083 516 4140 praevio
532 4093 611 4140 pacto
624 4093 669 4130 aut
685 4087 755 4130 ultra
770 4085 794 4128 id
812 4086 878 4139 quod
896 4094 1000 4139 pactum
1015 4094 1062 4138 est,
1080 4085 1231 4140 quandoque
1246 4085 1323 4129 unlmi

106 4157 170 4206 grati
180 4169 241 4210 ergo
251 4158 339 4210 dutum
349 4157 444 4210 gallice
452 4157 616 4212 pour-boire,
628 4157 715 4201 italice
728 4168 845 4208 mancia,
854 4157 986 4212 hispanice
996 4159 1121 4211 propina.

140 4225 150 4256 ¹
176 4227 280 4273 Scilicet
298 4229 323 4272 iu
338 4227 428 4273 Sancti
445 4227 586 4274 Clementis
600 4231 786 4276 monasterium
795 4229 856 4272 olim
866 4228 975 4272 Petrum
985 4229 1013 4273 0.
1029 4229 1066 4282 Ρ.,
1081 4239 1172 4284 postea
1187 4229 1325 4283 collegium

104 4295 316 4353 Societutleleau.

138 4369 149 4402 Ι
175 4370 367 4418 'Ferdluaudus
383 4385 469 4418 mense
487 4373 555 4418 hicio
574 4371 676 4428 Prugae
696 4373 744 4417 luit
764 4379 789 4416 et
809 4371 836 4415 20
855 4371 916 4416 Mali
935 4374 1030 4418 lterum
1049 4373 1176 4418 Viennam
1195 4374 1325 4426 advenit„

104 4439 310 4498 Baaunsunonu,
322 4447 339 4490 l.
350 4456 382 4498 c..
393 4457 453 4501 pag.
464 4445 512 4490 ⁶11.

139 4516 150 4548 ⁴
174 4513 322 4562 Ludovicus
333 4516 468 4572 Schradin,
477 4519 545 4573 Jurls
554 4518 686 4573 utriusque
697 4519 795 4562 doctor.

139 4583 150 4616 ⁸
176 4587 304 4634 Antonius
313 4588 391 4646 (litus
400 4590 432 4634 de
442 4589 566 4644 biuglitz),
577 4588 777 4644 crucigerorum
788 4591 852 4633 'cnm
862 4592 943 4635 rubea
953 4592 1038 4634 stelin·
1048 4598 1075 4635 et
1085 4591 1224 4646 hospitalis
1234 4589 1266 4634 ud
1277 4589 1324 4634 Pc-

104 4655 157 4703 deut
164 4659 250 4706 Pontis
258 4659 392 4716 Magister.
399 4659 520 4715 Senator,
529 4659 666 4705 Historiae
677 4659 816 4704 Societutr's
823 4661 890 4716 Jesu
899 4662 1059 4706 Ρνουέιιειαε
1067 4661 1222 4710 Bohemiae.
1232 4669 1299 4716 part.
1307 4673 1324 4710 1.

104 4729 144 4778 liu.
154 4743 179 4784 ιι,
188 4743 215 4776 n.
226 4731 491 4786 semirutamque,
502 4734 518 4777 l.
529 4743 559 4784 c..
572 4743 632 4788 pag.
642 4733 690 4783 m.
700 4737 788 4777 annot.
798 4733 822 4775 2.

140 4799 152 4834 ⁸
178 4801 288 4855 lacobus
297 4803 385 4857 Jonas,
396 4803 475 4859 Regin
485 4803 667 4857 Romanorum,
678 4803 842 4858 Ferdluandi,
854 4805 1041 4852 cancellarius.
