3472 5528
173 1581 371 1642 Franciscns
380 1581 423 1642 de
435 1581 559 1653 Vates.

205 1677 259 1740 Ex
270 1679 513 1740 commissione
526 1681 563 1740 P.
578 1680 803 1742 Emmanuelis
817 1677 983 1753 Godlnho,

246 1777 336 1840 Patri
351 1779 477 1854 ignatio
490 1778 533 1839 de
546 1777 688 1854 Lopola.

277 1875 491 1954 Ulysslpona‚
501 1877 520 1937 7
532 1875 612 1953 Maii
627 1877 698 1939 1556
712 1877 732 1934 ¹.

670 2118 784 2277 Jestts,

183 2409 387 2474 Reuerende
401 2411 437 2474 in
452 2408 593 2474 Christo
605 2408 720 2474 Pater.

180 2515 255 2581 Pax
269 2515 412 2581 Christi.

181 2622 266 2688 Mihi
281 2624 327 2688 ad
341 2624 594 2690 Paternitntem
609 2625 723 2689 Tuam
738 2627 927 2706 scripturo,
951 2625 1043 2706 qnod
1058 2625 1101 2689 de
1123 2625 1193 2690 hoc
1214 2625 1346 2706 Olyssi·

123 2733 267 2812 ponensi
281 2731 443 2812 collegio
457 2748 535 2797 sese
550 2731 667 2808 offert,
683 2732 798 2797 uisum
816 2741 871 2796 est
890 2740 1031 2797 tuorum
1045 2732 1082 2796 in
1103 2731 1246 2798 Christo
1261 2732 1346 2796 tilio·

123 2855 198 2903 rum
221 2841 396 2903 rationem
420 2838 585 2904 reddere:
612 2840 672 2920 qui
696 2839 837 2920 quidem
861 2839 993 2904 Christi
1014 2856 1159 2904 munere
1177 2839 1278 2904 firma
1299 2840 1344 2905 ad

125 2963 290 3025 praesens
305 2941 507 3012 ualetudine
526 2954 687 3027 utuntur,
708 2955 849 3028 praeter
864 2963 998 3028 paucos
1018 2947 1299 3013 ualetudinarios
1312 2955 1347 3012 et

125 3052 330 3134 imbecilles,
346 3054 421 3136 qui,
438 3055 520 3119 licet
534 3055 651 3119 minus
664 3053 873 3136 periculose,
890 3056 1005 3118 solent
1020 3062 1137 3119 tamen
1153 3054 1294 3120 interim
1309 3055 1345 3120 in

123 3162 242 3226 uarios
255 3161 398 3227 morbos
412 3161 579 3228 incidere.

180 3268 282 3349 Quod
297 3277 417 3333 autem
430 3269 476 3333 ad
491 3271 641 3334 salutem
655 3269 875 3350 spiritualem
890 3269 1030 3345 attinet,
1054 3269 1216 3350 quamuis
1237 3269 1348 3334 homi·

123 3393 202 3455 nes,
219 3385 254 3440 et
275 3376 300 3442 ii
322 3377 532 3458 praesertim
551 3377 611 3458 qui
633 3376 845 3458 primoribus
865 3377 916 3455 (ut
938 3375 1048 3454 aiunt)
1070 3376 1171 3440 labiis
1193 3377 1348 3442 nondum

123 3499 244 3548 ueram
261 3485 429 3549 uirtutem
453 3485 698 3564 degustarunt,
726 3484 835 3565 iniqui
860 3483 896 3548 in
920 3500 964 3547 ea
985 3500 1023 3546 re
1045 3483 1116 3548 sint
1137 3483 1287 3564 iudices;
1311 3491 1348 3548 at

123 3591 199 3670 quis
214 3598 286 3656 tam
301 3607 425 3655 amens
443 3599 585 3673 tamque
603 3591 767 3655 omnibus
787 3587 946 3654 consiliis
966 3607 1139 3671 praeceps
1161 3606 1204 3654 nc
1224 3590 1349 3655 deuius

123 3697 180 3778 sit,
198 3698 257 3779 qui
271 3715 354 3763 cum
368 3697 589 3762 extrinsecus
603 3706 655 3762 tot
668 3697 876 3762 humilitatis
890 3697 1055 3778 vestigia,
1069 3707 1141 3760 tam
1152 3705 1347 3779 promptos,

123 3813 267 3884 paratos
282 3813 389 3887 atque
402 3805 586 3886 expeditos
602 3805 730 3869 fratres
744 3813 887 3868 nostros
900 3803 946 3868 ad
966 3803 1201 3868 obedientiam
1217 3802 1348 3884 uideat,

123 3919 289 3994 tantoque
311 3911 524 3977 inflammari
545 3911 721 3976 desiderio
740 3927 824 3975 suos
843 3911 994 3992 impetus
1013 3911 1220 3992 animosque
1240 3921 1349 3975 retar-

123 4017 245 4098 dandi,
261 4038 333 4085 non
348 4020 471 4085 credat
486 4037 546 4084 eas
565 4027 720 4098 mentm,
742 4036 833 4101 qnae
848 4026 921 4083 tam
936 4034 1082 4083 suauem
1097 4026 1239 4100 tamque
1262 4019 1349 4083 mire

121 4125 339 4208 fragrantem
354 4127 500 4192 odorem
514 4145 559 4192 ex
574 4145 613 4192 se
628 4127 802 4206 emittunt,
815 4126 962 4190 summis
973 4125 1350 4208 excellentissimisque

123 4231 257 4300 donisa
277 4233 356 4299 Deo
371 4235 505 4316 optimo
519 4234 675 4298 maximo
691 4235 879 4298 decoratas
893 4233 1155 4312 illustratasque
1174 4234 1267 4298 esse?
1282 4233 1348 4298 lta·

121 4358 187 4420 que
209 4343 364 4407 maiores
385 4341 422 4405 in
443 4341 519 4405 dies
540 4357 663 4405 omnes
684 4340 753 4404 hac
778 4339 814 4404 in
838 4358 878 4405 re
895 4355 1114 4420 progressus
1135 4338 1280 4404 iaciunt.
1304 4339 1349 4405 Et

121 4450 283 4529 quamuis
310 4447 485 4530 certatim,
502 4464 711 4530 summoque
740 4447 855 4512 studio
883 4447 919 4512 in
947 4464 990 4512 ea
1018 4445 1153 4527 omnia,
1183 4463 1274 4528 quae
1302 4449 1348 4514 ad

160 4653 171 4686 ¹
198 4655 387 4712 Antomplue
397 4653 572 4710 applicitam,
582 4653 667 4709 primo
676 4665 700 4696 n.
709 4652 758 4708 5³4,
767 4652 852 4697 altero
867 4663 916 4696 non
931 4657 1075 4697 numerato.
1086 4651 1135 4696 Est
1150 4655 1177 4696 et
1192 4651 1262 4696 alind
1278 4659 1351 4698 anto·

122 4727 284 4783 paphnutio
293 4727 392 4772 dnobus
401 4725 549 4771 immediate
563 4725 729 4780 sequentibus
743 4724 821 4778 loliis,
836 4724 919 4779 primo
934 4734 959 4768 n.
975 4721 1024 4780 δῶ,
1037 4724 1123 4770 altero
1137 4731 1188 4773 non
1206 4731 1351 4787 nonaum

124 4797 348 4846 sedniltilnblllir
357 4797 452 4844 diflert.
656 4800 663 4810 '
