3578 5534
374 514 410 574 78
758 491 929 572 errnnas
947 527 1219 581 onnormssrsas

371 661 489 724 buona
504 658 648 740 qualite.
665 657 772 722 Molte
785 674 936 740 persone
949 668 1093 722 restano
1108 659 1166 721 nel
1181 659 1315 734 secolo,
1332 657 1429 720 assai
1442 662 1610 737 prompte

371 775 407 830 et
421 765 538 828 habile
555 767 624 829 alla
638 764 859 846 periettione,
884 781 949 845 per
972 781 1043 827 non
1069 764 1202 828 hauere
1217 765 1347 827 luocho
1369 763 1404 827 di
1429 762 1557 836 tenerli
1570 774 1609 826 et

372 872 600 947 essercitarli3
619 874 652 936 al
667 880 757 935 tutto
772 872 970 952 proaedere
988 873 1022 934 la
1037 871 1213 952 sapientia
1230 880 1265 935 et
1288 869 1530 935 misericordia
1546 868 1606 932 del

371 977 533 1059 Signore.

434 1086 493 1151 Gli
507 1085 650 1167 Signori
664 1084 700 1149 di
714 1083 895 1150 Macerata
910 1084 978 1148 due
993 1087 1087 1148 volte
1102 1085 1135 1148 ci
1150 1086 1273 1150 hanno
1292 1067 1415 1150 scritto
1430 1083 1614 1165 preghane

371 1191 452 1256 doci
466 1193 516 1273 gli
530 1192 713 1273 vogliamo
732 1191 883 1256 mandar
897 1191 965 1254 due
979 1192 1061 1255 delli
1076 1192 1190 1256 nostri
1211 1209 1275 1273 per
1301 1191 1336 1256 X
1361 1210 1382 1254 ο
1406 1189 1473 1256 XII
1487 1191 1607 1270 giomi

371 1308 454 1378 etc.,
471 1299 529 1362 alli
543 1299 640 1380 quali
653 1298 742 1363 hora
757 1299 787 1362 si
798 1303 818 1390 e
829 1297 1007 1362 satisfatto
1021 1316 1088 1363 con
1100 1299 1372 1362 dimostratione
1383 1283 1474 1362 della
1486 1297 1607 1361 buona

373 1407 526 1484 volonta,
543 1423 611 1469 con
625 1422 798 1486 speranza
813 1405 848 1469 di
864 1407 1165 1485 accompagnarla
1181 1423 1250 1468 con
1265 1403 1387 1469 effetto
1402 1412 1536 1485 quanto
1547 1402 1609 1484 pin

371 1521 503 1594 presto.

430 1617 469 1682 In
485 1627 607 1698 questo
622 1617 760 1697 borgho
777 1617 786 1649 ¹
802 1618 826 1682 il
840 1635 987 1683 numero
1002 1619 1092 1684 delle
1107 1637 1259 1701 persone
1284 1620 1350 1684 che
1370 1619 1606 1699 frequentano

373 1726 397 1788 li
411 1725 605 1788 santissimi
619 1725 834 1790 sacramenti
848 1743 895 1788 va
910 1726 1062 1790 tuttauia
1081 1726 1274 1790 crescendo
1290 1735 1325 1790 et
1339 1727 1608 1806 generalmente

373 1832 398 1895 il
409 1831 547 1910 borgho
556 1830 803 1911 migliorando.
816 1831 971 1896 Alchuni
981 1833 1140 1897 huomini
1154 1844 1188 1897 et
1199 1834 1328 1912 donne,
1341 1839 1371 1896 sl
1384 1831 1440 1896 del
1451 1831 1607 1912 borgho‚

374 1955 475 2002 come
490 1937 702 2016 luorastieri,
725 1938 755 2001 si
770 1955 882 2002 sonno
898 1940 1046 2020 disposti
1062 1942 1130 2004 alla
1143 1939 1340 2019 Religione,
1354 1949 1388 2002 et
1403 1941 1464 2019 gia
1478 1939 1608 2019 cinquc

375 2045 558 2126 sappiamo
566 2045 688 2109 hauer'
698 2045 866 2109 mandato
877 2047 914 2110 in
924 2047 1144 2111 essecutione
1155 2065 1220 2111 sua
1229 2047 1347 2111 buona
1359 2046 1607 2127 dispositione:

375 2152 469 2230 altri,
486 2151 651 2215 massime
666 2152 795 2214 cittelle
810 2169 881 2215 non
895 2151 1018 2232 poche,
1037 2161 1181 2217 restano
1204 2171 1268 2234 per
1292 2151 1555 2218 manchamenti
1569 2151 1605 2215 di

374 2259 485 2337 dotta;
501 2267 536 2321 et
549 2275 613 2339 per
627 2275 725 2322 esser
736 2259 760 2320 il
774 2258 910 2339 borgho
925 2260 1041 2341 picolo
1056 2277 1127 2324 non
1142 2262 1192 2341 gli
1207 2260 1365 2340 potiamo
1386 2260 1462 2323 dar’
1481 2259 1608 2339 aggia·

373 2375 423 2428 to.
439 2365 466 2429 Il
480 2365 594 2428 simile
609 2365 741 2429 accade
757 2366 853 2430 circa
868 2367 900 2429 le
915 2365 1031 2430 donne
1046 2368 1254 2447 peccatrici,
1271 2367 1361 2430 delle
1382 2365 1479 2446 quali
1498 2366 1606 2429 molte

372 2472 556 2536 ritornano
572 2489 639 2535 con
652 2488 745 2552 gran
760 2473 860 2536 dolor
875 2483 997 2536 nostro
1019 2475 1053 2536 al
1067 2483 1217 2554 peccato
1228 2491 1294 2554 per
1307 2490 1379 2538 non
1394 2484 1541 2537 trouare
1554 2490 1610 2536 re·

376 2579 512 2659 capito:
528 2579 688 2660 sapiamo
703 2596 769 2659 pur
784 2581 850 2643 che
864 2581 909 2644 da
924 2590 978 2643 tre
992 2581 1023 2643 si
1038 2581 1116 2644 sian
1128 2581 1322 2662 congionte
1337 2599 1405 2645 con
1421 2580 1525 2661 quelli
1540 2579 1610 2643 che

377 2687 409 2748 le
424 2696 599 2750 teneuano
614 2687 650 2750 in
665 2695 823 2766 peccato,
840 2695 874 2749 et
896 2688 975 2750 altri
995 2705 1093 2752 esser
1111 2689 1195 2752 stati
1214 2687 1328 2752 mossi
1347 2688 1392 2751 da
1406 2686 1504 2752 lddio
1520 2705 1542 2751 a
1557 2687 1608 2768 pi·

374 2792 501 2872 gliarle
516 2810 578 2873 per
593 2795 723 2873 moglie
737 2793 774 2856 in
788 2793 980 2873 penitentia
994 2793 1031 2857 di
1045 2795 1124 2857 suoi
1137 2796 1289 2875 peccati.
1304 2793 1341 2860 Si
1353 2811 1465 2858 sonno
1480 2793 1607 2874 aggiu-

376 2899 441 2962 tati
465 2908 665 2980 appostate,
689 2900 876 2963 illuminati
899 2900 1062 2980 heretici,
1090 2901 1232 2964 liberati
1262 2900 1274 2931 ¹
1299 2899 1506 2982 inspiritati;
1532 2899 1608 2964 dati

375 3006 547 3069 essercitii
562 3007 747 3087 spirituali,
764 3006 899 3071 visitati
914 3006 1052 3070 infermi
1067 3008 1236 3072 etiamdio
1254 3009 1317 3072 alli
1332 3008 1469 3072 castelli
1483 3007 1605 3085 vicini,

376 3113 492 3176 donde
508 3113 575 3176 alle
589 3115 685 3176 volte
708 3114 821 3176 siamo
846 3113 1014 3177 chiamati
1039 3131 1102 3194 per
1128 3115 1310 3182 consolar’
1324 3123 1359 3177 et
1380 3113 1565 3178 consessas
1584 3113 1610 3176 li

375 3219 531 3284 amalati.
548 3219 586 3284 Si
600 3237 713 3284 sonno
728 3237 798 3301 qua
812 3221 1001 3300 perimenti
1015 3219 1101 3284 fatte
1117 3223 1213 3285 assai
1227 3238 1332 3301 pace;
1350 3228 1385 3284 et
1400 3229 1455 3284 tra
1466 3221 1489 3282 l’
1505 3221 1607 3299 altre,

375 3324 577 3390 confessata
592 3325 635 3390 de
649 3345 719 3390 vno
742 3326 776 3388 di
800 3327 912 3391 nostri
927 3326 992 3391 che
1016 3326 1054 3392 su
1077 3345 1150 3391 vna
1175 3327 1308 3404 donna,
1328 3330 1362 3392 la
1379 3329 1483 3408 quale
1498 3326 1609 3390 molto

375 3442 494 3514 tempo
505 3433 621 3496 hauea
646 3443 873 3514 perseuerato
897 3435 956 3498 nel
978 3451 1043 3498 suo
1058 3435 1151 3511 odi0,
1176 3453 1292 3498 venne
1308 3452 1329 3498 a
1346 3435 1522 3498 ritrouare
1540 3449 1608 3496 sua

374 3540 556 3603 contraria
571 3541 608 3603 in
623 3539 801 3620 presentia
815 3539 850 3602 di
864 3537 926 3602 300
940 3557 960 3603 ο
975 3539 1035 3603 400
1049 3558 1212 3621 persone,
1227 3551 1261 3604 et
1276 3539 1479 3620 gettandosi
1494 3557 1516 3602 a
1527 3539 1609 3603 suoi

376 3646 480 3727 piedi,
495 3647 546 3726 gli
560 3641 736 3710 domando
755 3647 914 3726 perdono
940 3663 1009 3710 con
1024 3657 1121 3711 tante
1146 3648 1317 3712 lachrime
1345 3647 1410 3710 che
1430 3663 1502 3710 non
1517 3647 1610 3708 sola·

376 3763 493 3816 mente
507 3753 531 3818 l'
544 3755 636 3816 altra
650 3753 687 3816 fu
702 3770 894 3834 commosa,
912 3771 972 3818 ma
987 3754 1100 3818 anche
1112 3755 1194 3819 tutti
1213 3756 1265 3836 gli
1282 3754 1414 3818 astanti
1433 3770 1500 3816 con
1516 3767 1610 3833 gran

376 3859 607 3924 edificatione.
625 3857 662 3924 Si
676 3877 789 3924 sonno
803 3859 889 3924 fatte
904 3862 1011 3924 molte
1026 3861 1243 3925 restitutioni
1266 3861 1299 3924 d’
1322 3861 1557 3942 importanza,
1573 3866 1609 3923 et

376 3967 489 4031 anche
504 3968 592 4031 hora
607 3985 651 4030 ne
666 3977 774 4046 tengo
789 3984 861 4030 vna
876 3977 932 4029 tra
945 3968 978 4030 le
996 3968 1092 4031 mani
1107 3969 1143 4032 di
1157 3969 1218 4048 pid
1232 3968 1268 4032 di
1290 3967 1332 4030 Διί
1352 3966 1364 3998 ⁸
1378 3966 1429 4043 50,
1446 3965 1610 4048 giaiatta

376 4091 438 4154 per
452 4073 618 4153 maggior
631 4083 743 4155 parte,
761 4073 827 4136 che
842 4079 948 4137 none
970 4075 1108 4155 poccho
1127 4075 1164 4138 in
1186 4083 1314 4156 questo
1334 4084 1453 4152 tempo
1477 4073 1523 4136 ad
1537 4087 1612 4138 vna

377 4197 529 4261 persona
541 4195 686 4260 ponera.

437 4283 501 4350 Col
514 4285 616 4349 fauor
632 4285 667 4348 di
683 4284 867 4365 Monsig.re
888 4287 911 4349 il
926 4297 1164 4367 gouernatore
1177 4285 1190 4318 ⁴
1204 4289 1235 4352 si
1252 4305 1367 4352 sonno
1383 4285 1518 4352 uisitati
1529 4286 1614 4350 tutti

419 4525 427 4557 ¹
456 4523 582 4568 Laureti.

418 4596 429 4624 ¹
458 4595 506 4640 Hic
525 4596 649 4650 scriptum
665 4603 722 4641 erat
733 4597 893 4650 attaminati,
909 4599 963 4656 sed,
980 4601 1028 4644 hoc
1045 4601 1137 4653 deleto,
1153 4601 1257 4656 scripslt
1268 4600 1397 4647 Polancns
1414 4601 1541 4648 liberati.

417 4665 428 4699 Ι
459 4665 543 4718 Scuta,
553 4674 666 4712 scutata.

417 4739 430 4770 ⁴
457 4737 562 4792 Gaspar
572 4737 602 4780 de
614 4737 712 4784 Doctls.
