3382 5528
625 503 688 555 Au.
711 494 781 556 1556
1259 489 1316 550 loo

147 643 290 724 Semper
305 644 341 707 in
356 654 478 707 nostro
497 644 627 706 sacello
643 659 776 718 eorum,
793 642 852 722 qui
868 639 1149 704 adsacramenta
1164 637 1312 702 sanctis·

93 751 174 814 sima
189 751 424 815 consessionis
439 760 473 814 et
488 731 725 814 eucharistiae
739 749 928 826 accedunt,
944 748 1110 828 frequens
1124 755 1178 809 est
1192 761 1309 808 nume·
1381 793 1386 808 .

93 874 158 921 rus:
175 867 207 920 et
222 858 279 920 ille
294 857 447 937 quidem,
465 857 657 921 auxiliante
672 856 837 933 Domino,
849 857 885 918 in
900 855 975 919 dies
986 862 1148 933 augetur.
1164 852 1203 916 In
1215 850 1310 915 festi·

96 963 194 1027 uitate
209 963 475 1044 Assumptionis
490 963 721 1027 Beatissimae
733 963 894 1042 Virginis
909 962 1068 1042 proxime
1079 962 1211 1040 elapsa,
1228 971 1262 1022 et
1274 959 1310 1020 in

95 1072 198 1134 tribus
213 1071 335 1133 diebus
350 1071 465 1134 eidem
479 1070 663 1134 iestiuitati
677 1071 847 1149 proximis
861 1079 980 1132 tantus
994 1067 1059 1131 fuit
1074 1083 1241 1130 numerus
1256 1081 1312 1128 ac·

95 1177 297 1256 cedentium,
319 1187 359 1241 vt
378 1195 467 1258 pene
488 1187 627 1258 tempus
645 1176 788 1257 Jubilaei
804 1185 1003 1257 appareret,
1021 1175 1113 1255 quod
1133 1174 1313 1252 singulare

95 1295 142 1345 est
156 1284 254 1348 nobis
270 1301 409 1365 semper
420 1295 522 1348 extra
538 1284 848 1364 quadragesimam
864 1283 954 1346 inter
965 1298 1088 1345 omues
1099 1281 1269 1343 ecclesias
1279 1289 1313 1342 et

95 1391 304 1470 monasteria
329 1392 438 1470 vrbis,
463 1403 568 1474 atque
590 1390 625 1455 id
645 1391 785 1473 quidem
806 1392 922 1470 (prout
943 1389 1059 1468 gentis
1078 1387 1232 1451 conditio
1248 1385 1316 1462 est)

96 1515 154 1576 pro
169 1499 323 1561 maximo
339 1500 520 1562 aestimari
534 1498 648 1562 debet.
1248 1509 1251 1516 ’

151 1603 324 1669 Sacerdos
338 1605 482 1686 quidam
497 1605 542 1682 ad
557 1605 725 1670 exercitia
740 1606 937 1686 spiritualia
953 1604 1159 1684 accipienda
1175 1603 1230 1666 his
1244 1593 1315 1665 dle'·

95 1711 155 1773 bus
176 1712 351 1775 admissus
371 1723 438 1788 est,
461 1713 657 1794 exindeque
678 1712 767 1776 adeo
790 1713 865 1793 ejus
887 1713 1026 1775 animus
1051 1722 1185 1774 motum
1206 1710 1315 1772 sensit

97 1816 239 1910 Spiritus
254 1817 388 1896 Sancti,
406 1829 444 1882 vt
459 1831 492 1882 et
508 1823 626 1883 seculo
638 1821 859 1899 renunciare,
876 1830 910 1882 et
925 1817 1002 1882 Deo
1015 1819 1049 1881 in
1065 1817 1241 1882 Societate
1256 1833 1313 1879 no·

98 1933 165 1986 stra
181 1924 331 1989 militare
352 1926 529 1990 constanti
545 1927 662 1990 animo
678 1926 885 1990 decreuerit.
907 1925 1019 2005 Quem
1038 1927 1074 1988 in
1096 1925 1188 1988 hane
1208 1923 1317 1986 animi

96 2031 300 2094 sententiam
324 2048 455 2111 magna
479 2051 524 2095 ex
543 2043 645 2114 parte
667 2035 733 2096 hoc
757 2034 906 2112 impulit,
928 2033 1023 2114 quod
1048 2031 1317 2095 constitutiones

96 2147 231 2200 nostras
246 2138 342 2216 legit,
359 2156 448 2219 quas
462 2138 540 2202 Deo
555 2141 678 2220 plenas
692 2157 771 2204 esse
786 2139 967 2220 professus
981 2151 1049 2217 est,
1073 2140 1173 2219 eique
1189 2138 1314 2201 mirum

98 2241 129 2302 in
142 2245 282 2307 modum
297 2247 517 2324 placuerunt:
534 2263 683 2327 cumque
704 2247 762 2310 hic
783 2247 906 2328 optimi
921 2247 1053 2326 ingenii
1074 2247 1178 2308 homo
1201 2245 1246 2307 sit
1266 2254 1315 2306 at·

97 2366 157 2428 que
173 2351 290 2414 animo
306 2352 396 2431 pius,
413 2353 557 2433 eiusque
577 2355 815 2432 exemplarem
837 2355 947 2417 vitam
967 2353 1110 2417 laudent
1125 2351 1315 2416 communi·

97 2466 144 2517 ter
158 2457 218 2538 qui
232 2475 313 2520 eum
328 2469 457 2552 norunt
473 2468 508 2521 et
521 2461 725 2524 conuersati
749 2472 841 2536 sunt,
867 2473 971 2539 atque
991 2461 1027 2522 in
1046 2459 1156 2522 literis
1175 2459 1224 2521 ita
1247 2472 1315 2519 me—

98 2562 258 2626 diocriter
280 2563 482 2644 profecerit,
510 2575 547 2629 vt
573 2566 854 2630 confessionibus
879 2566 1062 2629 audiendis
1084 2565 1188 2628 valde
1213 2573 1316 2644 aptus

98 2682 263 2749 appareat
278 2674 373 2744 (cum
387 2671 423 2734 id
437 2673 513 2754 ipse
525 2673 680 2738 muneris
691 2691 754 2755 per
765 2675 881 2754 plures
896 2673 1041 2736 subierit
1054 2689 1177 2748 annos,
1194 2687 1317 2736 curam

98 2791 220 2852 gerens
240 2779 462 2857 animarum),
481 2780 680 2860 ingressum
696 2791 813 2842 tamen
829 2780 916 2857 eius,
933 2780 1013 2841 licet
1029 2788 1187 2858 optatum
1202 2779 1247 2842 ab
1262 2795 1315 2854 eo,

99 2883 259 2962 impediet
273 2883 364 2948 forte
385 2887 464 2962 hoc,
480 2887 575 2967 quod
594 2885 668 2950 sere
687 2885 1012 2968 quinquagenarius
1027 2897 1091 2948 est.
1108 2885 1177 2948 Det
1198 2885 1317 2948 Domi·

99 3005 160 3052 nus
185 3000 223 3054 vt
242 2991 279 3054 id
302 2991 374 3071 fiat,
401 2993 495 3074 quod
514 2994 579 3075 ipsi
596 2995 750 3058 maxime
772 2995 923 3074 placeat.
947 2993 1024 3056 Hoc
1047 3009 1117 3056 non
1142 2993 1317 3056 immerito

100 3111 171 3158 men
187 3097 335 3160 scientia
353 3098 514 3163 diflusius
532 3101 702 3181 expressi,
724 3101 806 3181 qula
826 3099 1084 3162 aestimandum
1104 3099 1200 3180 duxi,
1221 3109 1260 3162 vt
1282 3100 1317 3161 in

99 3203 161 3264 hoc
175 3220 286 3284 regno
298 3205 444 3286 ‚hacque
458 3209 494 3269 in
514 3217 734 3288 tempestate,
751 3208 908 3287 procella
927 3207 1083 3270 maxima
1098 3207 1199 3287 (quae
1219 3221 1318 3285 prae·

99 3312 210 3388 cessit)
224 3311 538 3376 nondumomnino
553 3313 686 3393 sedata,
700 3313 827 3394 aliquis
839 3325 873 3376 et
885 3314 1055 3376 exercitia
1067 3329 1205 3375 sumere
1221 3311 1318 3392 spiri·

101 3417 203 3480 tualia
217 3433 237 3479 a
253 3418 368 3494 nobis
385 3430 419 3482 et
435 3431 594 3482 nostrum
606 3421 772 3500 amplecti
787 3419 955 3500 sequique
970 3419 1097 3482 audeat
1109 3419 1317 3497 institutum,

100 3521 1318 3605 licetexeoipso(quodmododifficultatemobiicit,quaeDeisapien·

102 3629 144 3689 tia
160 3641 193 3692 et
207 3631 347 3694 bonitas
361 3635 496 3710 existit)
515 3651 645 3714 magna
667 3651 812 3714 sperare
829 3633 1031 3708 debeamus
1050 3644 1083 3694 et
1108 3633 1232 3696 merito
1249 3633 1322 3696 iam

101 3735 166 3798 iam
195 3737 240 3800 ad
267 3737 414 3802 Domini
432 3740 583 3818 gloriam
603 3741 798 3803 aduenrura
816 3739 1052 3802 indubitanter
1081 3733 1318 3818 expectemus.
1394 3787 1397 3794 Δ

157 3841 194 3904 P.
215 3841 427 3920 Santander,
452 3846 495 3909 de
514 3848 762 3910 commissione
785 3843 969 3925 cujusdam
992 3863 1036 3908 ex
1058 3845 1322 3926 inquisitoribus

103 3950 285 4024 prauitatis
306 3951 523 4030 haereticae,
545 3953 719 4034 quaedam
738 3953 987 4033 neophitorum
1009 3955 1087 4014 loca
1102 3953 1236 4032 inuisit,
1262 3953 1323 4016 vbi

103 4071 160 4132 per
181 4057 313 4138 aliquot
334 4057 410 4121 dies
432 4069 589 4122 moratus
610 4069 663 4122 est
682 4059 922 4140 praedicando
945 4069 980 4122 et
1000 4058 1080 4121 fidei
1106 4059 1218 4138 prima
1244 4059 1322 4122 cdo·

103 4162 208 4226 cendo
223 4162 434 4227 rudimenta:
447 4182 493 4228 ex
504 4183 572 4246 quo
585 4183 655 4228 non
668 4165 881 4229 mediocrem
893 4165 1046 4228 fructum
1059 4165 1202 4244 protulit
1214 4165 1321 4242 DeuS,

102 4283 176 4332 cum
197 4271 370 4350 spirituali
392 4272 636 4353 prosequendo
658 4274 801 4353 negotio
825 4272 988 4335 dominus
1010 4285 1127 4335 terrae
1146 4273 1237 4334 illius
1253 4271 1324 4352 (qui

103 4373 225 4439 Comes
239 4378 282 4441 de
297 4375 449 4458 Sastago
464 4382 710 4460 nuncupatur),
725 4379 848 4461 optimi
861 4379 968 4442 animi
979 4379 1046 4455 vir,
1061 4379 1120 4458 qui
1133 4389 1166 4439 et
1178 4379 1213 4440 in
1228 4379 1325 4441 viam

103 4477 239 4546 Domini
261 4501 333 4548 non
346 4502 473 4566 parum
493 4486 651 4566 profecit,
673 4503 815 4550 manum
838 4485 1036 4566 porrexerit
1052 4483 1269 4564 adjutricem,
1286 4493 1325 4547 vt

103 4607 154 4664 ea,
173 4607 263 4670 quae
278 4609 299 4654 a
318 4589 425 4655 Patre
439 4592 526 4655 bene
548 4603 673 4672 coepta
689 4603 785 4670 sunt,
808 4601 842 4655 et
857 4600 1084 4673 perseuerent
1100 4601 1134 4654 et
1149 4599 1323 4655 crescant.

160 4693 274 4761 Rediit
288 4697 448 4777 Pater,et
460 4699 577 4762 visum
591 4700 693 4763 nobis
706 4699 769 4764 suit
782 4701 816 4761 in
830 4698 982 4761 Domino
997 4699 1163 4778 expedire
1175 4712 1214 4761 vt
1230 4699 1325 4780 oppi-

244 4809 283 4870 Τ.
308 4829 348 4870 ιν.
1152 4827 1187 4882 3ο
