3382 5528
392 503 448 560 1112
778 500 951 560 Lucanas
971 515 1242 570 onnoaiuesrnes

392 647 520 711 ‹iouete
535 648 656 726 farlo„
672 650 695 709 l'
712 646 757 710 ho
773 657 915 711 menato
932 665 952 710 a
968 649 1083 727 quello
1099 647 1165 710 che
1182 663 1252 710 non
1268 645 1414 710 admetti
1424 645 1525 709 simili
1537 662 1603 707 con·

394 755 474 833 silii,
496 764 531 818 et
553 757 618 818 che
639 771 748 818 erano
768 755 825 818 dal
846 755 1022 834 demonio,
1043 765 1077 818 et
1097 756 1163 818 che
1186 755 1284 817 molti
1306 753 1471 816 desiderii
1488 763 1520 815 et
1540 751 1604 814 aiic-

394 860 512 940 ctioni‚
536 863 601 924 che
623 862 788 940 hauemo,
810 879 897 925 sono
919 862 1056 926 carnali
1077 871 1110 924 11
1135 877 1207 924 non
1226 876 1365 941 semprc
1384 859 1430 923 da
1451 857 1528 923 Dio.
1551 857 1602 920 Per

393 979 518 1048 questo
533 969 659 1032 diceua
675 967 796 1033 Paulo:
814 969 971 1044 Probqte
986 969 1157 1049 spiritum
1171 987 1219 1031 an
1233 986 1282 1031 ex
1300 968 1375 1031 Deo
1396 967 1445 1030 sit
1464 964 1485 1030 ¹2
1507 966 1547 1030 Et
1566 965 1604 1027 di·

394 1075 452 1154 poi
467 1092 566 1138 corne
582 1076 617 1139 111
632 1075 738 1138 dubio
750 1076 901 1139 hauemo
917 1077 1076 1139 riccorzo
1088 1077 1121 1139 al
1132 1085 1255 1139 nostro
1268 1074 1469 1156 Superiore,
1480 1073 1504 1138 ii
1517 1071 1604 1153 quale

393 1183 461 1244 ela
477 1199 582 1262 sposa
598 1192 632 1245 et
648 1183 794 1246 volunta
809 1183 853 1246 de
868 1182 948 1260 Dio,
966 1185 1043 1246 cioe
1063 1185 1096 1246 111
1117 1183 1250 1261 chiesa,
1272 1182 1306 1245 la
1325 1183 1429 1262 quale
1450 1177 1603 1259 consiglia

393 1288 476 1351 boni
497 1291 659 1368 consigli,
686 1299 720 1352 et
746 1290 957 1353 commanda
982 1290 1089 1353 buoni
1115 1289 1436 1354 commendamenti
1462 1287 1520 1350 aiii
1542 1285 1613 1348 suoi·

392 1395 527 1475 figlioli,
544 1398 677 1477 perche
692 1414 764 1460 non
783 1396 970 1460 habbiamo
990 1399 1180 1460 occasione
1202 1397 1245 1460 de
1265 1413 1397 1472 errare,
1419 1395 1449 1457 si
1470 1409 1536 1457 non
1555 1409 1600 1454 vo

392 1503 525 1580 gliamo
549 1503 757 1566 abandonar
777 1505 893 1584 quella
915 1521 979 1583 per
998 1506 1098 1567 voler
1118 1505 1177 1585 piu
1197 1513 1317 1584 presto
1340 1501 1516 1582 seguitare
1533 1499 1602 1562 altri

392 1607 580 1672 forestieri.
598 1608 665 1672 Per
681 1619 805 1689 questo
821 1627 931 1690 prego
947 1609 991 1674 V.
1010 1609 1050 1673 R.
1067 1611 1119 1688 P.,
1136 1611 1171 1673 in
1187 1609 1424 1673 satissattione
1442 1607 1477 1670 di
1496 1617 1606 1686 questo

393 1715 522 1779 huomo
537 1717 573 1780 di
588 1719 732 1798 qualite,
750 1719 773 1782 il
790 1722 891 1800 quale
909 1721 941 1782 ci
956 1734 1024 1797 poo
1047 1720 1153 1781 molto
1175 1717 1291 1780 aiutar
1311 1715 1365 1778 sra
1386 1715 1475 1778 tanti
1494 1712 1606 1776 nemici

393 1823 516 1900 nostri,
533 1824 668 1887 benche
684 1826 737 1888 sia
759 1826 802 1889 de
817 1827 933 1907 quella
954 1836 1045 1888 setta
1061 1825 1148 1900 11111,
1165 1825 1195 1888 si
1210 1823 1358 1888 rescriui
1381 1823 1464 1902 qual
1478 1819 1603 1884 satisia·

392 1929 509 1992 ctione
524 1940 558 1993 et
573 1932 765 1996 monitione
780 1949 801 1994 a
817 1944 941 2014 questo
956 1949 1088 2013 pareua
1104 1948 1174 1994 non
1186 1947 1283 1993 esser
1299 1931 1404 2006 malo,
1420 1935 1604 1992 monstran-

392 2035 438 2096 do
452 2035 518 2098 che
529 2037 680 2101 hauemo
692 2039 781 2101 iatto
794 2039 966 2118 diligenza
979 2056 1042 2118 per
1055 2039 1112 2100 lui.
1123 2036 1165 2101 Ci
1177 2038 1316 2100 chiama
1329 2033 1431 2098 Nobil
1443 2033 1454 2066 ³
1465 2035 1607 2116 Joannes

392 2143 511 2206 senior
527 2161 548 2206 a
564 2142 711 2222 Pisnith,
729 2146 856 2208 aetatis
869 2143 911 2206 70
924 2161 1097 2208 annorum
1113 2160 1239 2206 manco
1256 2160 1325 2206 uno
1341 2159 1447 2205 anno.
1463 2140 1514 2204 La
1533 2140 1605 2203 don·

391 2265 438 2310 na
454 2250 486 2311 ci
502 2231 642 2314 chiama
657 2250 848 2315 Catherina
864 2251 1048 2329 Lisobska,
1065 2249 1193 2312 aetatis
1210 2250 1245 2312 17
1261 2264 1446 2312 annorum.

452 2354 508 2418 Ho
524 2357 636 2436 prima
653 2359 791 2436 parlato
807 2359 897 2422 delle
913 2357 1090 2438 prediche.
1107 2356 1133 2420 Il
1148 2356 1276 2436 giorno
1292 2355 1327 2418 di
1343 2353 1378 2418 S.
1401 2356 1529 2437 Joanni
1548 2355 1604 2418 Ba·

393 2463 499 2541 ptiste
515 2464 725 2527 commincih
740 2463 861 2543 Mgro.¹
877 2463 1032 2527 Henrico
1048 2462 1202 2543 Biyssc.⁰
1216 2481 1237 2525 a
1252 2462 1417 2542 predicar
1438 2462 1474 2524 in
1493 2471 1605 2525 nostra

391 2569 510 2632 chiesa
532 2571 567 2632 in
589 2571 754 2633 tudesco:
777 2570 800 2636 ii
820 2570 976 2634 Doctore
998 2569 1088 2632 Tiiia
1110 2587 1174 2649 per
1192 2571 1224 2632 11
1244 2569 1453 2632 domeniche
1475 2578 1508 2631 et
1528 2569 1609 2631 feste

391 2677 537 2755 leggera
561 2676 596 2738 in
622 2693 704 2740 arce
730 2679 786 2740 nel
812 2677 928 2764 domo,
957 2677 1140 2756 doppoi‘le
1164 2693 1323 2755 vespere,
1346 2677 1367 2737 l'
1389 2675 1537 2755 epistola
1558 2675 1606 2736 1111

391 2783 518 2860 giorno
536 2800 601 2846 con
618 2785 650 2845 la
667 2785 783 2862 gratia
800 2785 855 2847 del
870 2783 937 2848 SJ‘
952 2782 1050 2847 Iddio
1064 2781 1145 2865 Jhu.
1160 2782 1267 2862 Xpo.,
1281 2783 1346 2845 che
1358 2798 1496 2860 persua
1509 2783 1605 2844 bonu

392 2889 526 2952 infinita
541 2891 565 2952 11
581 2891 638 2954 dia
654 2892 771 2970 gratia
787 2901 820 2955 11
836 2893 958 2971 spirito
980 2908 1043 2970 per
1062 2890 1201 2969 magior
1222 2905 1285 2952 sua
1307 2889 1423 2968 gioria
1445 2899 1481 2952 et
1501 2889 1606 2952 vtilita

390 2997 446 3058 del
462 3000 636 3076 prossimo
651 2999 749 3078 possi
764 2997 839 3061 sare
855 2999 942 3071 hene
958 2998 979 3060 1’
994 2997 1119 3074 officio,
1142 3013 1242 3059 corne
1257 2997 1291 3058 io
1306 3013 1421 3075 spero,
1439 3013 1505 3059 con
1519 2996 1542 3058 1·
1562 3013 1608 3056 es·

390 3104 532 3166 sercitio
549 3103 741 3184 frequente.

448 3210 488 3273 In
503 3221 626 3290 queste
642 3211 754 3292 prime
769 3213 914 3275 lectioni
929 3212 1082 3275 hauemo
1097 3211 1231 3274 hauuto
1246 3209 1479 3273 delli-hussite
1491 3211 1608 3273 alcunc

389 3317 593 3380 salutationi
608 3328 642 3381 et
657 3319 832 3398 apertioni
847 3318 903 3382 dcl
918 3335 1028 3383 cuore
1042 3328 1076 3381 et
1092 3317 1209 3380 animo
1223 3318 1312 3395 loro,
1329 3316 1394 3379 che
1409 3317 1443 3380 ci
1466 3327 1610 3396 portuno

388 3441 495 3486 verso
510 3425 545 3488 di
560 3426 637 3489 noi:
654 3426 785 3506 perche
799 3426 917 3488 hanno
932 3426 1020 3488 fatto
1036 3423 1262 3505 prohibitioni
1278 3423 1344 3486 che
1359 3423 1503 3486 nissuno
1524 3423 1607 3486 della

303 3615 305 3620 ,
389 3548 454 3593 sua
470 3529 548 3594 sede
564 3531 720 3594 scholari
738 3548 889 3612 vengaa
911 3533 1041 3595 sentire
1061 3533 1092 3594 le
1113 3540 1233 3594 nostre
1255 3531 1415 3608 lectioni;
1436 3539 1470 3593 et
1489 3531 1607 3592 aicune

389 3639 501 3716 pietro
517 3640 635 3702 hanno
651 3640 810 3702 riceuuto
828 3640 852 3701 11
866 3639 1020 3704 scholari
1036 3639 1159 3716 nostri,
1175 3655 1219 3700 ne
1235 3641 1269 3700 ia
1283 3637 1418 3714 schola,
1436 3637 1518 3700 dalli
1532 3635 1608 3699 altri

389 3745 527 3823 hussiti,
545 3747 730 3808 emulatori
746 3763 817 3809 non
839 3746 874 3808 in
894 3747 999 3810 bene:
1016 3763 1082 3825 pur
1096 3748 1117 3809 l'
1136 3743 1328 3808 archiduca
1348 3746 1383 3807 la
1402 3752 1529 3824 saputo
1551 3760 1609 3823 per

322 3900 324 3908 s
389 3852 506 3915 alcuni
521 3853 556 3916 di
573 3855 685 3916 nostri
700 3854 816 3931 amici,
835 3871 934 3916 come
952 3855 976 3916 il
990 3852 1174 3932 Preposito
1188 3861 1221 3914 ct
1244 3851 1339 3930 Mag.
1362 3851 1609 3931 hospitalense,

387 3959 411 4020 il
426 3960 529 4038 quale
547 3959 737 4022 archiduca
754 3960 799 4023 ha
814 3961 903 4023 satto
924 3960 1082 4023 chiamar
1102 3961 1123 4022 l'
1143 3959 1410 4022 administrator
1432 3959 1513 4021 delii
1534 3957 1610 4020 hus·

387 4065 445 4128 siti
459 4067 626 4144 generale
642 4077 675 4128 et
691 4067 772 4130 altri
788 4067 922 4146 signori
942 4066 1056 4128 boemi
1080 4067 1172 4129 della
1192 4081 1256 4128 sua
1279 4065 1539 4144 superstitione,
1564 4064 1610 4126 in·

386 4171 591 4251 iungendoli
614 4173 678 4235 che
701 4174 907 4252 prouedano
928 4193 948 4234 a
970 4174 1085 4252 questi
1108 4173 1207 4234 abusi
1229 4181 1263 4234 et
1286 4171 1460 4235 temerita.
1483 4169 1498 4234 l
1519 4170 1608 4252 quali

387 4279 505 4342 hanno
520 4280 630 4359 hoggi
646 4280 812 4342 mandato
827 4297 897 4342 uno
913 4280 948 4342 di
963 4281 1038 4342 loro
1054 4278 1253 4355 excusarci,
1277 4277 1521 4358 promettendo
1540 4277 1610 4357 (per

386 4387 408 4447 1²
427 4385 649 4449 ordinatione
665 4386 719 4449 del
735 4387 908 4466 principe)
924 4385 959 4448 di
981 4385 1129 4449 mandat
1146 4401 1166 4447 a
1182 4385 1261 4448 tutti
1282 4387 1313 4447 11
1337 4385 1473 4449 lettioni
1492 4383 1611 4465 gentii-

389 4529 600 4537 ...-.,——

427 4593 434 4624 ¹
467 4591 553 4634 Verba
564 4592 637 4644 haec,
647 4592 758 4647 probate
768 4591 893 4645 spiritus,
903 4591 928 4634 si
938 4601 970 4633 ex
981 4589 1036 4633 Deo
1047 4591 1111 4642 sint,
1126 4601 1175 4633 non
1187 4589 1269 4638 Pauli.
1279 4591 1322 4634 sed
1338 4589 1446 4643 ,1111111111
1456 4595 1522 4642 111111,
1534 4589 1573 4642 Ep
1593 4599 1609 4634 1.

385 4675 412 4706 ιν
434 4665 453 4708 1.

416 4695 437 4765 ι’
465 4737 539 4780 Haud
551 4739 685 4798 perspicue
696 4739 744 4781 hoc
757 4750 848 4782 nomen
858 4745 898 4782 111
910 4741 935 4783 in
946 4751 993 4783 ms.
1004 4745 1030 4783 et
1043 4739 1092 4792 tegi
1103 4744 1191 4792 posset
1201 4736 1300 4781 Noua?
