3382 5528
368 513 424 572 432
755 513 925 572 errnaan
944 529 1216 582 ousnatuasraas

429 658 468 720 ln
491 657 583 721 festo
605 657 727 722 Sancti
746 655 1010 723 Bartholomaei
1031 660 1145 738 (cuius
1171 658 1344 725 habemus
1369 664 1544 740 sacellum,
1567 683 1584 722 a

371 763 511 828 Boemis
526 765 640 830 eodie
660 766 863 829 solemniter
884 766 1079 844 uisitatum,
1096 767 1204 831 etiam
1224 767 1394 848 Hussitis)
1416 778 1495 849 post
1514 785 1584 831 con-

366 873 508 934 cionem
522 871 737 950 Boemicam,
753 882 835 936 ante
850 873 996 936 missam
1010 873 1298 953 frequentissimo
1313 875 1488 938 auditorio
1499 875 1584 937 habi·

369 987 453 1056 tam,
469 978 506 1041 in
522 979 638 1041 medio
653 979 810 1042 eiusdem
825 980 955 1044 missae
970 979 1103 1044 Rhetor
1114 991 1248 1059 noster,
1265 980 1361 1062 Mag.
1374 981 1583 1055 Guilielmus,

369 1084 488 1162 latine,
505 1085 662 1148 maxima
677 1103 757 1148 cum
778 1085 1023 1165 admiratione,
1046 1087 1280 1150 concionatus
1301 1098 1366 1152 est.
1389 1088 1493 1152 Vnde
1511 1105 1584 1151 non·

367 1191 455 1253 nulli
470 1192 649 1270 commoti,
666 1193 836 1272 postridie
851 1193 999 1257 summis
1009 1193 1175 1272 precibus
1187 1193 1290 1256 nobis
1301 1211 1385 1258 suos
1396 1195 1585 1259 obtulerunt

368 1299 459 1363 filios
473 1299 720 1376 instituendos,
738 1317 890 1380 quorum
906 1301 1012 1363 etiam
1024 1319 1132 1381 opera
1144 1302 1247 1366 nobis
1258 1303 1294 1365 in
1305 1302 1460 1382 negotiis
1470 1303 1587 1365 obeun·

366 1407 423 1469 dis
438 1408 489 1470 uti
504 1407 620 1470 liceat.
638 1407 771 1470 Eodem
793 1406 849 1469 die
870 1405 954 1470 Diui
974 1407 1242 1472 Bartholomaei
1265 1427 1286 1472 a
1307 1409 1456 1490 prandio
1478 1409 1587 1472 habita

366 1523 423 1576 est
438 1531 458 1576 a
474 1513 629 1594 quodam
643 1530 688 1577 ex
703 1513 885 1593 discipulis
900 1513 1015 1576 oratio
1031 1514 1154 1592 latina,
1171 1515 1229 1578 cui
1244 1514 1479 1579 interfuerunt
1499 1531 1587 1596 prae·

369 1620 464 1700 cipui
479 1620 684 1683 sacerdotes
699 1620 804 1698 arcis,
822 1636 903 1683 cum
915 1618 1067 1684 Domino
1080 1619 1299 1702 Praeposito,
1312 1633 1347 1685 et
1363 1623 1463 1685 multi
1480 1631 1588 1686 sectae

369 1725 571 1789 Hassiticae
592 1727 672 1802 viri,
696 1727 824 1807 quibus
844 1726 1008 1789 omnibus
1028 1727 1157 1791 mirum
1178 1729 1214 1791 in
1234 1728 1376 1792 modum
1397 1729 1587 1809 inexpecta-

369 1843 443 1896 tum
458 1833 493 1896 id
508 1833 681 1896 accidisse
697 1833 854 1896 videtur:
871 1833 921 1896 ita
937 1832 1248 1914 obstupescebant.

427 1939 568 2002 Patrem
584 1950 744 2003 nostrum
762 1938 1020 2002 Prouincialem
1038 1939 1220 2004 Canisium
1238 1941 1325 2004 mire
1345 1941 1412 2004 hae
1432 1944 1589 2021 regiones

368 2047 607 2127 Aquilonares
624 2057 849 2125 venerantur,
866 2056 986 2109 utnon
998 2047 1112 2110 solum
1128 2046 1304 2111 Catholici
1316 2047 1497 2112 sedetiam
1508 2047 1588 2110 Has·

262 2203 265 2212 .
369 2155 459 2217 sitae
475 2164 508 2217 et
523 2154 583 2217 alii
598 2154 781 2232 haeretici,
799 2153 906 2216 immo
922 2161 957 2216 et
981 2152 1097 2216 iudaei
1113 2171 1194 2217 eum
1214 2153 1223 2184 ¹
1249 2154 1411 2234 diligant;
1437 2153 1590 2235 quamuis

365 2261 510 2324 doleant
532 2262 705 2324 malorum
731 2259 885 2324 artifices
906 2268 979 2323 tam
994 2261 1104 2323 multa
1119 2261 1194 2324 eius
1208 2262 1358 2324 consilio
1379 2263 1415 2324 in
1430 2263 1588 2326 uniuerso

368 2367 583 2430 Germaniae
603 2376 698 2430 statu
720 2365 806 2444 fieri,
831 2375 868 2429 ut
889 2367 976 2430 mihi
995 2385 1016 2430 a
1035 2367 1246 2446 quibusdam
1264 2366 1530 2448 indignantibus
1548 2367 1589 2429 di·

367 2483 465 2536 ctum
480 2481 543 2550 est,
562 2474 679 2537 omnia
695 2474 829 2537 scilicet
844 2473 920 2537 eius
935 2474 1083 2536 consilio
1098 2473 1185 2548 fieri,
1204 2481 1271 2536 etc.

430 2580 627 2644 Habuimus
643 2581 776 2659 aliquot
791 2580 1026 2644 scholasticos
1037 2580 1245 2644 confitentes
1261 2591 1295 2644 et
1306 2581 1415 2644 etiam
1429 2580 1590 2660 quosdam

368 2688 673 2752 communicantes
687 2688 723 2750 in
738 2685 828 2751 sesto
844 2687 976 2750 Beatae
991 2686 1163 2766 Virginis.
1181 2686 1347 2750 Gaudent
1362 2697 1480 2750 autem
1499 2687 1590 2767 pueri

369 2795 506 2859 discere
521 2795 801 2859 cathechismum
821 2805 993 2858 nostrum.

428 2903 623 2966 Maximum
649 2903 691 2966 de
716 2903 818 2965 nobis
843 2918 1022 2965 rumorem
1055 2903 1178 2982 spargi
1203 2902 1297 2982 apud
1319 2918 1529 2982 germanoS,
1554 2917 1590 2962 ac

369 3011 578 3089 praesertim
592 3010 687 3089 apud
707 3009 950 3074 Malchionem
971 3008 1361 3089 Brandemburge'nsem
1381 3009 1393 3040 ¹
1412 3018 1446 3072 et
1462 3009 1590 3072 Ducem

368 3116 546 3181 Saxoniae
562 3115 585 3194 ⁵,
600 3117 719 3178 retulit
734 3116 834 3178 nobis
850 3115 894 3178 D.
913 3113 1155 3179 Marschalcus
1170 3113 1328 3194 ⁴aregia
1341 3114 1526 3180 Maiestate
1538 3115 1590 3176 de-

367 3225 486 3287 fensor
502 3223 604 3286 nobis
624 3223 846 3286 constitutus:
869 3223 1003 3285 utinam
1022 3223 1178 3285 omnium
1197 3223 1435 3303 expectationi
1457 3221 1592 3288 satista-

365 3347 450 3393 cere
464 3331 579 3393 liceat.

428 3435 596 3500 Nostrum
620 3435 816 3517 Collegium
841 3437 876 3499 in
901 3435 1057 3500 ciuitatis
1082 3435 1273 3500 meditullio
1298 3437 1405 3500 situm
1425 3449 1496 3516 est,
1518 3439 1589 3500 loco

367 3545 611 3622 saluberrimo;
629 3543 807 3623 quondam
823 3553 1000 3606 trecentos
1014 3542 1143 3606 dicitur
1159 3543 1326 3606 habuisse
1338 3542 1467 3607 fratres
1480 3543 1596 3608 Domi·

407 3821 416 3852 ¹
445 3819 496 3873 Sic;
507 3821 585 3864 iilum
597 3821 810 3871 Barousaeaosn
822 3821 838 3862 l.
848 3830 879 3870 c..
891 3829 952 3873 pag.
964 3818 1012 3863 772.

407 3892 418 3922 ἱ
445 3891 574 3944 “Joacbim
587 3891 619 3942 ll,
630 3892 748 3935 marchio
759 3891 1011 3944 brandenburgensis
1022 3897 1047 3934 et
1058 3888 1158 3944 imperii
1176 3891 1281 3940 elector,
1297 3891 1331 3932 ab
1346 3889 1457 3934 ecclesia
1467 3889 1589 3934 catholica

364 3963 401 4006 ad
410 3962 555 4008 Lutlrerum
565 3963 719 4015 deiecerat„
730 3963 944 4015 Baausssartoaa,
956 3961 1025 4014 Iberi,
1035 3969 1121 4006 annot.
1131 3962 1153 4004 t.

408 4035 419 4066 ³
446 4036 612 4088 “Angustum
624 4035 725 4089 imperii
735 4035 898 4086 electorem„
907 4033 945 4077 lo.
957 4033 1026 4086 maa,
1034 4039 1121 4077 annot.
1131 4033 1151 4077 5.

408 4108 420 4139 ⁴
446 4106 682 4160 “Ladislansl’opel
692 4105 889 4149 deLobkowlta.
897 4104 934 4148 lo.
943 4104 1021 4157 Ibid„
1032 4112 1118 4148 annot.
1124 4105 1145 4157 6,
1154 4106 1277 4149 lectorem
1293 4106 1428 4149 remittens
1440 4105 1474 4149 ad
1483 4100 1590 4160 pagati.

365 4185 454 4222 annot.
464 4177 485 4230 ⁶,
496 4177 539 4221 ubi
549 4178 614 4220 haec
624 4179 790 4230 scripserat...
800 4177 940 4232 Supremos
950 4178 1023 4231 regni
1032 4177 1170 4220 Boltorniae
1181 4175 1369 4220 mareschallns
1378 4175 1532 4220 Bertholdna
1541 4183 1586 4214 von

367 4249 414 4291 der
429 4248 491 4302 Lelp
509 4249 534 4292 in
544 4247 659 4291 Krumau
675 4247 754 4291 luisse
767 4248 889 4292 traditur.
900 4247 987 4303 Neque
1003 4247 1166 4292 ramesbunc
1186 4246 1304 4290 canisius
1318 4246 1467 4300 significare
1482 4245 1587 4295 videtur,

365 4320 413 4363 sed
423 4319 574 4363 Ladlslaum
583 4318 614 4362 ΙΙ,
627 4319 904 4374 PopeldeLobkowita
914 4319 1057 4370 (istit-issi),
1068 4319 1111 4372 qui
1119 4317 1285 4372 curiaeregis
1293 4317 1431 4362 Bohernlae
1439 4314 1587 4362 mareschal-

367 4388 416 4441 lus,
427 4391 524 4444 primus
534 4401 640 4444 praeses
648 4391 839 4445 appellationis,
850 4402 984 4446 supremus
996 4391 1068 4444 regni
1079 4389 1227 4443 praefectus
1236 4390 1294 4433 luit.
1305 4389 1371 4434 Nam
1380 4391 1414 4434 ab
1424 4389 1587 4442 historiogra·

368 4462 418 4517 pho
429 4463 579 4516 provinciae
589 4463 739 4506 bohemicae
751 4461 777 4506 S.
788 4461 810 4514 J.
822 4464 890 4506 inter
899 4463 996 4506 nobiles
1006 4461 1159 4510 catholicos.
1176 4461 1219 4515 qul
1231 4459 1389 4505 Societatem
1406 4462 1432 4504 in
1447 4458 1588 4504 Bobenian

367 4534 554 4588 ingredientem
563 4535 720 4588 adiecerint,
732 4534 871 4588 Lelpenses
881 4544 930 4578 non
940 4541 1117 4584 recensentur,
1127 4532 1287 4576 Loblrowicil
1302 4543 1389 4576 ornnes
1400 4531 1532 4586 religionis
1540 4535 1587 4573 stn-

365 4606 503 4650 diosiaalml
517 4606 596 4649 inisse
614 4607 761 4650 traduntur.
772 4605 841 4658 Qnoa
851 4604 975 4650 Societati
986 4605 1020 4650 ab
1031 4606 1103 4649 initio
1115 4603 1192 4648 valde
1210 4605 1306 4648 lavisse
1323 4605 1403 4648 etlam
1420 4604 1522 4648 aliunde
1532 4611 1586 4645 con·

365 4685 421 4722 stat
430 4677 512 4730 (Hosil
523 4678 657 4731 Epistulae
669 4689 695 4729 rr.
708 4677 768 4720 10²7.
779 4677 893 4721 Schmidl
903 4678 920 4720 l.
932 4689 953 4721 c.
964 4677 1025 4728 not.
1037 4677 1059 4720 1.
1069 4675 1114 4719 W.
1124 4675 1325 4729 insonueritis
1336 4675 1404 4719 sacri
1414 4675 1519 4720 Romani
1529 4671 1586 4716 Ger·

366 4749 461 4794 manici
471 4748 575 4804 imperii
587 4749 727 4793 Procerum
737 4750 776 4793 ed.
787 4749 811 4792 5,
820 4759 875 4792 cur.
885 4747 905 4792 1.
916 4747 947 4792 D.
958 4747 1061 4792 Koeleri
1073 4748 1216 4802 [Tublngae
1229 4746 1299 4802 ¹73²l·
1313 4759 1336 4801 p.
1348 4747 1447 4792 3⁹th
1457 4779 1468 4795 a
