3382 5528
355 515 409 576 486
729 513 900 574 errsaas
919 529 1189 583 Quaomussrans

357 661 565 741 spiciuntur,
582 666 792 740 argumento
807 675 885 722 esse
900 667 1059 740 possunt.
1076 658 1123 722 Hi
1134 660 1186 739 (ut
1198 661 1308 724 moris
1319 671 1373 724 est
1385 669 1578 758 nostrorum

357 765 622 848 discipulorum)
637 767 788 847 singulis
801 767 981 831 mensibus
1000 767 1046 831 ad
1065 767 1301 833 consessionis
1320 777 1579 833 sacramentum
1674 811 1675 826 ,

360 876 550 952 accedunt;
566 893 657 956 quae
671 891 729 939 res
744 883 881 938 tantam
894 875 1176 940 beneuolentiam
1191 876 1294 940 nobis
1314 885 1578 954 contraxerunt,

359 991 399 1048 ut
413 981 621 1047 nobilissimi
637 983 765 1064 quique
781 999 853 1046 non
868 983 982 1046 solum
996 982 1125 1046 liberos
1140 999 1225 1046 suos
1238 984 1342 1048 nobis
1361 983 1580 1048 instruendos

359 1089 512 1169 tradant,
530 1090 592 1154 sed
608 1089 713 1152 etiam
726 1088 834 1152 libros
846 1089 1098 1154 humanissime
1111 1090 1356 1155 commodent:
1370 1090 1430 1154 alii
1442 1091 1579 1155 domum

359 1214 461 1262 suam
476 1197 664 1274 aduocant,
681 1196 857 1276 aliamque
872 1213 910 1259 se
924 1195 1019 1260 uitae
1034 1196 1210 1260 rationem
1231 1206 1352 1262 tenere
1370 1199 1460 1263 uelle
1478 1197 1580 1278 signi·

342 1305 480 1376 .-ficant.

421 1399 475 1477 D'e
490 1412 634 1492 reliquis
648 1411 785 1476 ciuibus
800 1411 886 1476 nihil
901 1413 992 1490 dico,
1014 1411 1299 1494 quandoquidem
1319 1429 1443 1477 eorum
1465 1415 1581 1478 uolun-

362 1520 427 1585 tati
442 1518 584 1583 minime
600 1519 694 1584 uires
709 1519 934 1600 respondent.
950 1519 1042 1584 Nam
1056 1520 1140 1601 quid
1156 1537 1200 1584 ex
1211 1519 1342 1584 afflicta
1354 1519 1499 1585 ciuitate
1511 1538 1581 1602 spe·

362 1627 514 1693 randum
529 1627 604 1690 est?
620 1627 654 1690 in
667 1643 748 1707 qua,
761 1636 902 1707 praeter
914 1643 1104 1691 aerumnas
1115 1636 1221 1707 atque
1233 1627 1403 1708 inopiam,
1416 1627 1502 1692 nihil
1516 1628 1582 1692 iere

362 1734 533 1815 reperias,
548 1734 597 1796 ita
613 1741 650 1796 ut
666 1733 733 1813 ipsi
748 1734 863 1813 potius
879 1734 949 1797 sint
963 1752 1008 1797 ex
1023 1742 1074 1797 tot
1089 1733 1349 1798 calamitatibus
1369 1735 1582 1815 miseriisque

362 1841 516 1919 leuandi,
533 1857 639 1922 quam
655 1849 690 1904 ut
707 1841 796 1904 alios
810 1841 996 1906 subleuare
1011 1841 1158 1922 possint.
1181 1840 1255 1905 Nos
1274 1840 1415 1921 quidem
1434 1842 1505 1907 bac
1526 1841 1580 1906 mi·

362 1949 533 2013 seriorem
549 1967 591 2012 ac
606 1949 720 2027 magis
733 1965 940 2029 oppressam
951 1950 1082 2012 nullam
1097 1949 1220 2012 vrbem
1232 1948 1490 2014 existimamus
1504 1950 1571 2015 Cae

364 2068 480 2123 terum
495 2055 631 2120 Doctor
646 2055 836 2120 Vilianoua
854 2053 861 2084 ¹
878 2066 912 2118 et
927 2055 1080 2120 iustitiae
1095 2055 1326 2120 Praefectus·
1345 2066 1483 2120 tantum
1504 2073 1584 2138 erga

365 2181 431 2228 nos
448 2179 605 2227 amorem
626 2145 820 2242 declarant,
842 2171 879 2226 ut
901 2179 971 2225 non
991 2163 1110 2227 uerbis
1130 2162 1246 2242 modo,
1270 2163 1363 2245 quod
1385 2165 1585 2246 plerumque

364 2271 511 2350 iaciunt,
528 2270 640 2350 plenis
654 2269 886 2334 humanitatis
900 2286 966 2332 nos
981 2269 1224 2349 adhortentur,
1241 2270 1303 2334 sed
1317 2271 1425 2334 etiam
1439 2288 1479 2335 re
1502 2272 1583 2354 ipsa,

364 2377 484 2442 multis
499 2379 617 2441 aureis
632 2376 668 2440 in
683 2385 825 2440 nostros
839 2386 1000 2458 sumptus
1015 2377 1185 2456 erogatis,
1201 2375 1381 2442 adiuuent.

425 2485 524 2549 Haec
538 2494 630 2563 sunt,
647 2483 723 2548 Rae
741 2483 864 2562 Pater,
886 2500 978 2564 quae
999 2484 1119 2548 diuina
1141 2485 1343 2564 benignitas
1363 2486 1505 2566 operari
1526 2502 1584 2567 per

366 2611 432 2658 nos
446 2593 594 2670 dignata
610 2600 681 2671 est;
697 2598 731 2654 et
746 2592 855 2654 multo
871 2591 1006 2654 maiora
1022 2591 1233 2667 extitissent,
1249 2591 1318 2654 nisi
1339 2607 1468 2672 segnes
1490 2595 1524 2658 in
1540 2593 1587 2656 ui-

364 2717 431 2763 nea
453 2698 599 2763 Domini
619 2697 771 2778 operarii
789 2697 987 2761 fuissemus
1009 2697 1195 2779 Reliquum
1216 2707 1270 2762 est
1291 2709 1330 2764 ut
1351 2716 1417 2764 nos
1438 2709 1473 2763 et
1496 2699 1587 2764 hanc

367 2805 533 2873 miseram
548 2806 728 2870 ciuitatem
743 2805 812 2868 tuis
827 2814 861 2868 et
873 2804 1017 2869 Patrum
1028 2804 1247 2885 fratrumque
1260 2806 1416 2872 omnium
1428 2807 1587 2888 precibus

365 2913 631 2980 commendatos
646 2913 790 2977 habeas.

425 3021 538 3100 Senis,
554 3019 604 3084 8.⁰
619 3020 699 3084 idus
713 3017 802 3084 ΗΓΒ
818 3018 907 3083 1556.

426 3129 466 3193 T.
483 3127 525 3193 R.
541 3127 579 3193 P.
596 3127 762 3192 minimus
777 3135 811 3192 et
824 3125 991 3206 indignus
1005 3127 1041 3190 in
1056 3127 1119 3190 X.⁰
1135 3144 1276 3206 seruus,

1041 3339 1188 3406 Hacroa
1210 3341 1432 3408 Lsousuuus.

428 3665 512 3730 Alia
539 3681 650 3728 manu
678 3664 716 3726 in
744 3668 875 3744 quarta
898 3661 1060 3743 pagina:
1088 3662 1201 3744 Jesus.
1233 3663 1254 3726 8
1283 3661 1364 3728 Idus
1390 3664 1479 3729 Μ’
1506 3663 1588 3730 taso.

369 3773 411 3853 Q.
428 3773 470 3854 Q·
487 3772 532 3837 V·

410 3980 418 4012 ¹
448 3979 493 4023 Dr.
506 3977 660 4022 Franciscus
670 3978 820 4030 vittanova,
831 3977 861 4021 de
872 3989 922 4032 quo
932 3987 1020 4031 supra.
1032 3987 1091 4030 pap.
1101 3976 1151 4020 ⁴85.

409 4051 420 4083 ²
447 4051 472 4095 ls
483 4051 557 4094 Senis
568 4051 703 4095 dicebatur
716 4050 844 4105 Capr'tano
855 4049 883 4092 di
900 4049 1041 4092 Giustiaio.
1052 4049 1118 4092 Vide
1131 4048 1256 4093 ‚irritiet'o
1272 4051 1368 4096 storico
1383 4051 1523 4104 italianai
1535 4063 1589 4099 ser..

370 4129 388 4166 t.
399 4133 425 4174 rr,
438 4134 497 4178 pag.
509 4123 555 4166 ¹⁴29.
