3382 5528
361 503 418 565 430
747 505 918 564 Ltrraaaa
937 519 1210 572 ouaoaruasrass

422 651 526 716 Pueri
542 652 683 733 quidem
698 659 770 715 tam
786 659 868 715 sunt
879 652 981 714 nobis
992 650 1135 729 addicti,
1149 652 1308 732 tantique
1319 662 1461 716 nostras
1473 653 1591 716 lectio-

361 777 425 824 nes
439 760 585 834 saciunt,
604 768 641 823 ut
652 768 810 838 tempore
822 759 1052 822 recreationis
1063 775 1246 834 concesso,
1261 759 1377 823 aludo
1389 759 1498 823 etiam
1513 759 1589 823 abs·

361 867 476 930 tinere
495 867 616 942 uelint,
645 877 788 946 etopus
808 875 862 928 est
882 866 1024 928 anobis
1046 866 1148 928 statis
1167 867 1385 946 temporibus
1404 867 1522 930 studia
1542 867 1589 930 in·

361 974 558 1037 termittere
572 983 758 1052 cogantur.
775 972 947 1037 Priuatim
962 973 1069 1036 etiam
1084 972 1205 1036 doceri
1227 975 1373 1054 cupiunt
1392 984 1427 1038 et
1448 992 1469 1038 a
1490 976 1586 1041 scho·

362 1080 406 1143 lis
420 1080 561 1144 excludi
584 1081 644 1143 uix
663 1089 822 1160 possunt:
845 1079 913 1142 hoc
933 1079 998 1143 sibi
1020 1080 1164 1144 omnino
1186 1081 1401 1160 persuadent
1422 1082 1588 1161 optimea

362 1187 465 1250 nobis
484 1195 519 1249 et
539 1187 721 1249 literarum
743 1194 778 1249 et
796 1202 934 1249 morum
955 1187 1167 1250 documenta
1190 1187 1294 1250 tradi.
1316 1187 1456 1251 Timent
1476 1205 1541 1250 nos
1557 1197 1589 1248 ct

362 1303 483 1356 amant
498 1301 532 1356 et
546 1294 637 1357 alios
651 1294 761 1357 variis
776 1293 889 1356 modis
904 1293 949 1356 ad
963 1310 1030 1355 nos
1044 1293 1206 1370 inuitant,
1222 1295 1380 1357 dicentes
1396 1295 1518 1357 omnia
1531 1295 1587 1356 illa

362 1417 449 1464 uera
464 1417 553 1478 esse,
571 1418 661 1480 quae
677 1401 720 1464 de
734 1400 835 1463 nobis
850 1399 1112 1480 praedicantur:
1129 1415 1194 1462 nec
1216 1403 1330 1464 solum
1344 1418 1435 1481 quae
1451 1401 1498 1464 ad
1520 1401 1589 1462 iite-

362 1525 434 1585 ras,
451 1507 634 1571 sedetiam
650 1524 741 1587 quae
755 1508 801 1569 ad
816 1523 933 1570 mores
948 1507 1134 1586 pertinent,
1152 1507 1256 1572 auide
1271 1525 1292 1570 a
1314 1509 1416 1571 nobis
1436 1509 1588 1572 discunt.

362 1615 466 1678 Nulla
487 1625 540 1678 est
561 1626 675 1691 aetaS,
697 1631 788 1693 quae
807 1631 878 1676 non
898 1613 1052 1676 fateatur
1073 1631 1138 1677 nos
1158 1615 1243 1676 nulli
1265 1631 1344 1678 esse
1365 1613 1591 1693 offendiculo,

361 1722 433 1784 imo
447 1722 544 1784 velut
558 1739 644 1784 suae
659 1730 807 1783 naturae
822 1720 977 1784 bonitate
994 1720 1092 1797 victi,
1109 1721 1210 1783 nobis
1230 1721 1318 1784 bene
1339 1722 1504 1785 uidentur
1521 1721 1590 1786 atti·

363 1829 408 1907 ci,
425 1829 588 1907 quamuis
602 1844 667 1891 suo
683 1844 780 1890 more
796 1827 967 1902 diabolos,
989 1836 1023 1888 et
1044 1829 1164 1890 nescio
1184 1845 1284 1906 quos,
1305 1838 1445 1891 uocent.
1468 1827 1588 1892 Prohi-

361 1936 514 1998 buerunt
541 1936 683 2015 quidem
711 1933 830 1996 Duces
858 1933 1095 2011 Hussitarum,
1126 1951 1206 1997 cum
1234 1935 1396 1998 uiderent
1420 1953 1591 2014 magnam

362 2041 621 2105 multitudinem
634 2040 683 2112 ad
694 2057 758 2103 nos
774 2039 961 2116 confluere,
979 2057 1022 2102 ne
1037 2041 1116 2120 quis
1130 2057 1275 2104 suorum
1291 2042 1360 2105 huc
1373 2043 1521 2106 auderet
1533 2059 1591 2105 ac·

363 2147 501 2226 cedere;
516 2148 621 2228 idque
636 2147 792 2210 secundo
810 2155 1020 2222 statuerunt,
1044 2163 1253 2228 omnemque
1273 2159 1418 2212 mouent
1436 2148 1589 2228 lapidem

362 2273 407 2318 ne
422 2256 519 2318 ciues
533 2271 599 2318 nos
619 2255 773 2317 audiant.
796 2253 1030 2316 Nihilominus
1051 2262 1168 2318 tamea
1188 2255 1238 2318 illi
1257 2271 1343 2318 suos
1365 2256 1410 2319 ad
1430 2273 1496 2319 nos
1516 2257 1589 2318 mit·

362 2371 451 2426 tunt.
467 2361 602 2424 Malunt
616 2363 710 2424 enim
726 2361 850 2440 gratis,
868 2361 992 2423 meiius
1008 2359 1259 2442 honestiusque
1273 2361 1394 2425 doceri
1405 2362 1499 2442 apud
1513 2381 1591 2440 nos,

362 2472 469 2533 etiam
484 2468 712 2546 schismatici,
729 2485 835 2548 quam
851 2468 944 2531 alibi.
962 2467 1175 2547 Experimur
1189 2477 1308 2532 tamen
1320 2469 1446 2532 horum
1461 2485 1592 2550 pueros

362 2579 467 2655 longe
483 2577 598 2638 minus
613 2593 719 2655 quam
735 2575 930 2638 catholicos
945 2575 1129 2654 proficere.
1147 2573 1219 2638 Nec
1236 2576 1303 2654 ipsi
1324 2576 1523 2640 aduersarii
1544 2577 1589 2638 di·

361 2683 452 2746 literi
468 2691 611 2762 queunt,
628 2681 712 2762 quin
729 2682 882 2744 habeant
898 2691 1019 2744 nostro
1039 2681 1074 2744 in
1090 2680 1247 2760 Collegio
1263 2701 1284 2744 a
1299 2683 1425 2762 quibus
1439 2683 1474 2745 in
1495 2683 1589 2746 omni

362 2805 492 2868 genere
504 2789 697 2866 literarum,
710 2800 783 2851 tam
795 2789 830 2851 in
846 2787 1113 2850 humanioribus
1124 2789 1245 2865 literis,
1259 2789 1388 2866 latiniS,
1401 2791 1544 2868 graecis
1556 2798 1589 2850 et

362 2896 549 2971 hebraicis,
568 2913 672 2975 quam
692 2896 728 2958 in
747 2893 957 2974 theologicis
977 2904 1011 2956 et
1033 2893 1298 2975 philosophicis,
1321 2893 1470 2959 fideliter
1493 2895 1588 2958 insti-

361 3011 515 3066 tuantur.
533 3001 672 3066 Timere
688 3001 850 3065 uidentur
866 3001 1124 3064 haereticorum
1137 3001 1299 3081 Magistri
1310 3019 1354 3065 ne
1365 3003 1589 3066 instituamus

362 3110 635 3191 disputationem
650 3128 692 3172 ac
707 3127 769 3172 eos
790 3126 1033 3188 prouocemus.
1055 3108 1232 3173 Dicuntur
1255 3127 1300 3172 ex
1319 3108 1511 3174 Germania
1532 3111 1588 3172 ad·

363 3234 492 3280 uocare
508 3217 604 3279 viros
616 3217 787 3296 quosdam
802 3217 935 3290 doctos,
948 3233 1098 3296 quorum
1111 3233 1218 3296 opera
1230 3215 1410 3296 Pragense
1422 3217 1588 3292 studium,

362 3323 456 3404 quod
472 3325 555 3387 olim
570 3322 698 3400 floruit,
716 3323 925 3400 instaurent3
941 3321 1002 3385 sed
1018 3339 1099 3402 spes
1114 3333 1236 3386 nostra
1251 3321 1435 3386 Dominus.

423 3431 478 3494 Ex
492 3429 713 3493 xenodochio
729 3430 830 3492 nobis
848 3430 966 3492 vicino
980 3447 1052 3492 non
1065 3430 1234 3508 exiguum
1244 3427 1399 3493 fructum
1412 3431 1527 3493 nostri
1539 3447 1590 3492 re·

363 3539 529 3614 tulerunt,
547 3537 742 3599 catholicos
757 3535 1013 3598 confirmando.
1033 3534 1230 3614 Quemdam
1245 3537 1351 3599 etiam
1371 3537 1589 3599 haereticum

363 3646 419 3707 his
434 3643 557 3707 diebus
576 3643 621 3706 ad
642 3660 768 3706 sanam
789 3653 942 3705 mentem
964 3659 1027 3720 per
1049 3641 1306 3706 confessionem
1326 3653 1587 3724 permouerunt.

423 3750 608 3814 Archidux
622 3749 881 3826 Ferdinandus,
900 3759 938 3812 ut
954 3750 1066 3828 patris
1081 3766 1209 3812 nomen
1225 3749 1371 3812 sortitus
1382 3761 1447 3828 est,
1461 3751 1508 3813 ita
1521 3749 1588 3811 vir·

362 3868 473 3921 tutem
485 3858 652 3920 imitatur.
667 3855 810 3919 Publice
822 3873 886 3935 per
898 3872 1094 3936 praecones
1104 3857 1318 3935 proclamari
1329 3856 1442 3934 iussit,
1456 3873 1499 3920 ne
1510 3855 1590 3935 quis

362 3965 446 4027 huic
461 3963 610 4042 collegio
626 3964 696 4024 ulla
713 3963 747 4024 in
764 3979 802 4024 re
817 3978 946 4024 nocere
963 3963 1119 4025 auderet.
1136 3961 1239 4026 Nunc
1252 3963 1432 4043 proiectus
1446 3971 1499 4025 est
1510 3960 1587 4025 Chi·

362 4072 475 4134 liarca
490 4070 526 4132 in
541 4067 744 4148 Vagariam
762 4068 781 4147 ¹,
799 4079 835 4130 et
848 4085 869 4129 a
881 4069 994 4147 nobiS,
1006 4067 1046 4130 'ut
1058 4069 1177 4132 senior
1188 4086 1357 4132 coronam
1368 4067 1390 4148 ¹,
1404 4069 1455 4132 ita
1470 4067 1592 4148 etipse

365 4264 576 4271 —.—.-—-

404 4379 413 4414 ¹
441 4379 634 4424 “Ferdinandus
651 4381 784 4424 archidux
803 4387 895 4424 contra
910 4380 1017 4434 Turcas,
1035 4391 1142 4434 quorum
1157 4379 1286 4425 exercitus
1300 4392 1410 4436 magnus
1423 4383 1554 4437 irruperat
1563 4386 1588 4423 et

362 4461 451 4496 arcem
472 4451 610 4504 Szigetvar
629 4463 722 4506 capere
737 4452 851 4503 volebat,
866 4451 921 4495 3000
936 4452 1036 4506 equites
1051 4457 1077 4494 et
1093 4452 1199 4495 totidem
1213 4453 1314 4506 pedites
1333 4453 1477 4507 penultima
1498 4453 1588 4497 mensis

363 4524 476 4577 Augusti
493 4523 653 4566 hebdomade
670 4533 750 4577 prope
761 4522 888 4568 Viennam
905 4525 1027 4567 collectos
1044 4525 1069 4567 ln
1084 4523 1246 4578 Huugatiam
1262 4525 1373 4568 duxerat
1381 4523 1474 4578 (Hira,
1484 4525 1586 4569 Erzher-

362 4607 410 4647 zog
419 4593 566 4638 Ferdinand
579 4593 601 4636 ll
612 4606 663 4637 von
675 4594 754 4648 Tirol,
766 4606 782 4646 r,
793 4594 886 4646 thiat„
896 4595 1109 4646 Bsauassaaoun,
1120 4595 1135 4638 i.
1147 4607 1247 4651 c.,pag.
1255 4596 1302 4643 Til.
1312 4603 1399 4640 annot.
1408 4597 1430 4641 6.

402 4666 413 4697 ¹
441 4665 632 4710 “Ferdinandus
647 4665 831 4710 lreanociis
846 4679 966 4710 coronam
982 4668 1079 4711 Beatae
1095 4667 1192 4712 Mariae
1207 4667 1326 4722 Virginis
1341 4669 1396 4713 slve
1411 4669 1540 4714 rosarium
1549 4679 1589 4713 ac·

361 4745 491 4793 ceperat„
501 4737 547 4792 ln,
559 4737 637 4788 loru„
646 4745 734 4783 annot.
743 4739 765 4783 7.
775 4739 841 4782 Vide
850 4750 937 4792 supra,
949 4749 1009 4793 pag.
1019 4739 1069 4782 331.
