3368 5528
696 493 759 554 Au.
781 493 850 554 1556
1311 489 1366 552 507

136 643 326 709 lenissimis
340 643 491 722 flatibus
509 653 628 707 aestus
639 642 822 706 molestiae
833 650 1127 722 temperarentur.
1142 639 1246 704 Vnde
1258 657 1363 720 spero

138 769 204 815 nos
220 751 400 815 uberiores
415 769 460 814 ex
475 751 606 814 scholis
620 767 728 832 quam
742 749 893 814 antehac
908 749 1044 812 fructus
1059 757 1301 829 percepturos

197 859 278 924 Non
301 869 419 924 tamen
444 867 560 938 potest
585 858 654 922 dici
673 857 768 939 quod
787 875 832 927 ex
851 857 907 921 his
926 855 1057 920 scholis
1076 856 1209 920 nullum
1229 855 1365 919 laboris

137 967 252 1030 nostri
267 966 419 1031 fructum
434 966 642 1046 ceperimus
658 965 729 1030 imo
744 964 808 1029 suit
824 981 963 1046 semper
983 963 1231 1044 amplissimus,
1253 971 1292 1026 ut
1311 979 1367 1025 ar·

135 1084 308 1153 gumento
328 1085 409 1138 sunt
428 1073 644 1136 sanctissimi
662 1071 956 1136 scholasticorum
978 1087 1105 1150 mores¹
1129 1087 1218 1152 quos
1237 1069 1366 1134 hebdo-

137 1181 320 1246 madariae
345 1181 585 1246 consessiones
613 1190 647 1244 ct
675 1181 821 1245 crebrae
850 1180 1115 1244 communiones
1142 1177 1365 1260 potissimum

136 1306 313 1353 exornare
327 1275 500 1352 uidentur.
519 1288 659 1368 Quanta
675 1298 792 1351 autem
808 1287 903 1351 sitin
919 1287 995 1350 istis
1011 1288 1054 1350 ab
1070 1287 1160 1362 aliis,
1175 1285 1233 1367 qui
1248 1285 1366 1350 rarius

136 1405 198 1460 aut
221 1396 338 1460 coacti
358 1405 494 1460 tantum
514 1394 733 1474 confitentur,
757 1411 895 1458 morum
915 1394 1119 1472 diuersitas
1143 1394 1214 1456 iam
1234 1391 1363 1472 saepis-

136 1503 225 1566 sime
241 1503 378 1583 experti
393 1519 524 1566 sumus:
540 1521 606 1566 nec
620 1502 737 1566 minus
752 1501 786 1564 hi
802 1501 988 1580 proficiunt
1004 1501 1039 1564 in
1056 1500 1175 1564 literis
1193 1497 1284 1564 Nam
1304 1515 1366 1562 eos

135 1627 278 1690 semper
292 1610 469 1674 doctiores
483 1609 664 1688 habemus,
681 1608 740 1690 qui
755 1608 895 1673 student
914 1626 985 1673 una
1006 1624 1087 1672 cum
1108 1605 1365 1671 honestissimis

135 1716 332 1797 disciplinis
347 1716 512 1797 pietatem
528 1717 753 1796 coniungere.
771 1715 910 1780 Caeteri
924 1714 1008 1779 dum
1023 1733 1060 1779 se
1071 1713 1280 1779 lucrifacere
1292 1723 1362 1777 stu·

136 1822 205 1888 diis
219 1824 289 1887 hoc
304 1833 442 1905 tempus
457 1833 593 1905 putant,
613 1825 707 1905 quod
730 1824 790 1888 alii
812 1822 998 1887 salubriter
1020 1821 1218 1886 confitendo
1234 1837 1364 1902 expen-

138 1931 238 2007 dunt,
257 1931 322 1994 hoc
337 1930 585 1995 detrimentum
605 1930 794 2011 accipiunt,
811 1930 906 2012 quod
925 1929 973 1992 illi
989 1929 1120 2006 statim,
1142 1928 1365 1992 confessione

139 2039 314 2114 absoluta,
332 2036 377 2101 ad
392 2037 502 2101 libros
515 2037 664 2102 redeunt
679 2037 784 2118 (quod
805 2036 1042 2102 conscientiae
1057 2036 1218 2100 stimulus
1233 2035 1365 2100 nullam

139 2145 298 2237 patiatur
317 2145 484 2225 temporis
502 2144 676 2208 iacturam
697 2144 795 2223 lieri),
817 2145 874 2208 isti
895 2151 1012 2208 autem
1032 2143 1166 2207 lusibus
1188 2151 1248 2207 aut
1264 2143 1363 2221 iociS,

139 2251 255 2316 inutili
267 2252 576 2332 leuiquescrmone
588 2250 815 2315 bonashoras
824 2253 1028 2332 plerumque
1040 2252 1362 2342 maleconsumunt:

137 2377 181 2422 cx
203 2358 270 2436 his,
287 2357 346 2438 qui
360 2357 518 2422 crebrius
538 2366 763 2422 sacramenta
783 2358 989 2439 percipiunt,
1011 2367 1092 2422 sunt
1106 2357 1282 2438 permulti,
1303 2359 1364 2439 qui

137 2481 362 2546 summopere
377 2473 545 2545 exoptant
566 2466 600 2528 in
622 2464 834 2531 Societatem
856 2465 1007 2545 admitti;
1029 2475 1065 2529 at
1084 2483 1155 2529 non
1174 2465 1364 2546 recipimus

135 2573 205 2636 nisi
230 2572 302 2636 iam
326 2572 384 2636 diu
410 2571 590 2652 probatoS,
612 2581 646 2636 et
667 2573 727 2654 qui
748 2591 810 2654 per
829 2589 953 2654 preces
973 2573 1121 2636 humiles
1141 2573 1314 2637 instanter
1329 2582 1364 2638 et

136 2679 305 2744 ardenter
319 2679 355 2743 id
369 2687 502 2760 petunt,
524 2696 568 2742 ne
583 2689 716 2760 postea,
738 2681 808 2744 levi
827 2671 934 2746 flaute
954 2681 1188 2745 tentationum
1203 2689 1324 2759 uento,
1340 2699 1362 2746 a

138 2786 323 2869 proposito
338 2787 516 2851 recedant.
533 2787 694 2868 Quinque
710 2782 845 2868 egregii
858 2785 1006 2868 juuenes
1028 2788 1100 2868 (qui
1115 2807 1135 2852 a
1152 2790 1262 2853 multo
1277 2796 1362 2854 tem·

137 2911 226 2976 pore
252 2894 354 2958 nobis
378 2911 416 2957 se
442 2894 635 2974 adiungere
661 2904 865 2958 constanter
890 2895 1134 2975 decreuerant)
1159 2897 1362 2977 nuperrime

136 3013 218 3067 sunt
234 3002 397 3081 ingressi,
413 3003 449 3065 in
464 3001 589 3082 quibus
604 3004 718 3065 elucet
737 3019 810 3066 non
824 3001 1013 3066 mediocris
1027 3020 1110 3083 spes
1124 3013 1158 3068 et
1173 3003 1362 3084 probitatis

136 3121 169 3174 et
184 3110 396 3174 sanctitatis:
410 3127 560 3192 quorum
572 3127 674 3186 unus¹
689 3111 863 3174 senatoris
875 3110 1140 3177 Panhormitani
1152 3110 1254 3190 lilius,
1267 3111 1363 3192 peni·

135 3229 192 3282 tus
207 3217 390 3281 immemor
405 3217 546 3296 generis
562 3217 627 3290 sui,
645 3233 716 3280 non
728 3234 831 3280 secus
848 3234 886 3280 se
901 3217 992 3281 inter
1007 3218 1136 3281 iratres
1150 3219 1254 3298 gerit,
1272 3235 1314 3281 ac
1333 3218 1362 3282 si

136 3324 294 3388 omnium
310 3323 449 3388 intimus
463 3333 497 3387 et
519 3323 712 3388 uilissimus
731 3333 835 3387 esset.
858 3323 1008 3402 Quintus
1028 3327 1150 3407 ultimo
1173 3324 1361 3404 admissus,

136 3449 250 3496 annos
264 3441 368 3495 natus
383 3432 525 3494 circiter
538 3431 589 3504 22,
612 3430 769 3495 doctoris
784 3430 967 3496 cuiusdam
982 3432 1085 3511 filiuS,
1107 3451 1128 3495 a
1148 3450 1258 3514 puero
1274 3450 1360 3496 sem·

136 3557 198 3619 per
210 3538 275 3602 luit
287 3557 307 3602 a
321 3539 451 3602 nostris
467 3538 647 3602 institutus
660 3538 695 3600 in
707 3539 817 3602 literis
829 3539 959 3618 latinis
973 3539 1115 3619 graecis
1126 3549 1160 3603 et
1172 3539 1359 3618 hebraicis

136 3656 169 3710 et
186 3646 265 3709 aliis
280 3646 454 3710 scientiis:
471 3644 533 3710 sed
549 3646 679 3727 pictate
702 3646 790 3710 adeo
812 3646 961 3726 insignis
976 3656 1040 3724 est,
1064 3657 1101 3710 ut
1123 3665 1163 3710 ea
1187 3649 1221 3710 in
1245 3657 1361 3711 aetate

135 3754 284 3818 similem
297 3753 333 3816 in
344 3753 411 3817 hac
424 3753 511 3817 vrbe
525 3769 597 3818 non
613 3755 785 3818 inuenias.
801 3753 890 3818 Sunt
905 3766 1090 3834 praeterea
1103 3756 1271 3834 nonnulli,
1290 3773 1360 3819 ma·

136 3869 209 3938 gno
224 3859 398 3924 desiderio
414 3861 604 3942 aliquando
620 3862 761 3926 tandem
776 3861 914 3926 admitti
924 3871 1166 3942 expectantes
1180 3880 1359 3944 equorum

135 3985 283 4032 numero
295 3977 349 4032 est
362 3968 505 4049 quidam
519 3970 754 4051 legisperitus
768 3971 834 4048 uir,
850 3967 888 4034 ut
904 3978 1031 4048 aetate,
1048 3971 1097 4034 ita
1110 3971 1265 4034 moribus
1280 3987 1357 4050 gra·

135 4076 201 4153 uiS,
217 4075 277 4156 qui
292 4093 312 4138 a
329 4075 465 4139 duobus
480 4077 582 4140 annis
597 4077 762 4140 continuo
778 4077 887 4141 sensit
898 4077 1038 4141 diuinos
1052 4078 1225 4159 quosdam
1239 4077 1359 4142 instin·

134 4193 224 4260 ctuS,
242 4181 287 4245 ad
308 4182 375 4246 hoc
396 4192 556 4248 nostrum
571 4183 769 4248 institutum
788 4185 1004 4265 sequendum
1024 4203 1062 4249 se
1077 4187 1306 4266 impellentes.
1325 4195 1359 4250 et

134 4305 227 4352 nunc
242 4291 352 4354 multo
367 4290 648 4355 uehementiores
658 4309 696 4354 se
709 4292 744 4355 in
756 4292 831 4356 dies
841 4293 916 4373 pati
927 4291 1024 4357 dicit:
1039 4310 1149 4374 quare
1161 4311 1232 4359 non
1243 4294 1358 4374 segni·

134 4405 187 4460 ter
202 4397 277 4476 agit
292 4397 386 4478 apud
400 4395 553 4478 Patrem,
570 4400 790 4464 obsecrando
805 4410 842 4465 ut
862 4401 899 4465 in
914 4401 1057 4466 domum
1073 4412 1231 4467 nostram
1246 4403 1359 4482 possit

134 4503 393 4584 quamprimum
407 4503 557 4584 admitti;
573 4506 667 4586 quod
681 4507 730 4570 illi
745 4507 948 4588 propediem
965 4507 1097 4589 absque
1113 4497 1230 4590 aliqua
1246 4511 1358 4590 repul·

135 4627 175 4674 sa
196 4610 421 4692 concedetur,
442 4613 501 4677 ubi
520 4613 678 4678 animum
695 4617 801 4694 paulo
822 4615 1051 4694 frequentiori
1076 4615 1298 4680 confessione
1324 4629 1358 4683 et

137 4719 381 4784 communione
396 4737 438 4784 ae
452 4720 694 4800 spiritualibus
708 4721 993 4788 meditationibus
1005 4722 1236 4795 confirmabit.
