3578 5534
401 533 438 598 42
784 537 955 597 errsnaa
975 554 1247 606 ousuruuasraas

403 686 551 766 imperio
565 685 733 766 Episcopi
747 687 842 766 typis
861 703 993 749 excusa
1014 684 1050 749 in
1069 687 1184 750 iucem
1203 685 1332 766 prodit,
1356 703 1462 767 quam
1481 685 1632 750 Romam

404 792 575 855 mittimus
592 793 613 856 ¹.
630 791 759 857 Mirum
774 801 829 855 est
843 810 950 872 quam
964 777 1141 873 Episcopo
1157 810 1200 856 ac
1215 791 1328 856 doctis
1343 794 1525 872 placuerit.

465 899 754 980 Vigesirnosexto
772 897 937 963 Octobris
950 899 988 962 P.
1002 899 1244 979 Hieronymus
1255 899 1400 964 Bassius
1413 917 1456 963 ac
1468 899 1559 963 ΜΝ
1572 899 1633 964 Pe·

403 1017 481 1070 trus
494 1006 637 1071 Canalis
652 1005 915 1070 claromontem
930 1005 1079 1070 Biliomo
1095 1007 1140 1069 ad
1160 1023 1216 1069 me
1235 1017 1483 1086 peruenerunt,
1505 1008 1633 1088 quibus

403 1114 548 1177 vestitui
570 1115 774 1178 necessaria
793 1111 1087 1176 transponimus
1108 1113 1401 1190 subministrauit,
1425 1129 1549 1194 meque
1573 1114 1632 1176 ad-

406 1237 532 1283 uersus
557 1220 696 1300 hyemis
721 1214 876 1283 armauit
900 1219 1059 1283 iniurias.
1086 1219 1228 1284 Patrem
1253 1219 1509 1300 Hieronymum
1539 1221 1634 1300 apud

406 1327 514 1390 unum
534 1325 793 1390 Cancellarium
814 1325 1040 1391 Claromonte
1063 1327 1250 1391 collocauit
1272 1328 1318 1390 ad
1340 1336 1493 1408 tempuS,
1517 1328 1634 1408 quiin

408 1433 642 1511 xenodochio,
660 1433 866 1514 quotidiano
882 1433 1071 1511 sacrificio,
1092 1433 1194 1497 verbi
1213 1433 1419 1512 ministeriu,
1443 1451 1486 1497 ac
1505 1451 1636 1514 paupe·

404 1558 483 1604 rum
499 1557 585 1604 cura
601 1541 843 1618 oeconomica,
861 1556 1054 1620 pauperum
1070 1541 1303 1604 consolationi
1320 1541 1468 1603 inseruit
1483 1557 1563 1604 cum
1579 1558 1636 1603 ce·

404 1647 491 1710 lebri
506 1644 695 1710 Societatis
710 1647 804 1709 sama
820 1648 866 1710 ad
881 1655 1062 1726 stuporem
1082 1647 1242 1711 homines
1262 1647 1440 1710 excitante
1464 1647 1485 1709 ³.
1505 1645 1633 1726 Quem,

404 1753 449 1815 ob
464 1753 681 1833 singularem
696 1753 766 1817 viri
780 1753 1003 1830 modestiam,
1020 1752 1327 1816 mansuetudinem
1343 1771 1385 1816 ac
1397 1753 1632 1833 prudentiam,

405 1859 545 1938 gaudeo
561 1861 663 1923 nobis
677 1861 735 1923 bic
750 1859 968 1940 praesectum
984 1858 1006 1923 ⁵.
1029 1859 1267 1924 Concionatus
1289 1870 1342 1923 est
1362 1859 1566 1924 Aduentum
1584 1861 1635 1922 in·

406 1976 546 2044 tegrum
563 1966 598 2029 in
613 1966 845 2045 xenodochia,
862 1968 1018 2047 priorem
1034 1965 1130 2030 Petri
1146 1985 1318 2030 enarrans
1333 1967 1541 2030 canonicam
1553 1983 1634 2030 curn

405 2083 504 2136 tanta
533 2072 733 2136 auditorum
761 2074 890 2152 gratia,
921 2076 965 2137 ob
994 2074 1134 2154 pietatis
1164 2074 1276 2136 zelum
1305 2071 1393 2136 soris
1418 2075 1634 2136 relucentem

404 2192 444 2242 vt
471 2179 690 2260 frequentius
716 2181 876 2244 babuerit
902 2181 1113 2244 auditorium
1141 2181 1215 2260 ipso
1238 2178 1443 2244 Professore
1466 2180 1634 2259 theologo

407 2288 729 2366 franciscanorum,
758 2289 794 2351 in
819 2289 873 2350 sui
899 2287 1059 2351 coenobii
1085 2288 1173 2351 aede
1197 2287 1417 2350 concionato.
1443 2285 1635 2351 Maximam

406 2412 492 2456 sane
508 2394 734 2458 venerandus
749 2395 807 2459 hic
821 2394 927 2458 Pater
949 2393 1042 2475 apud
1063 2394 1160 2458 ciues
1181 2393 1478 2458 Claromontanos
1499 2394 1554 2457 sui
1575 2411 1634 2457 no·

410 2501 518 2564 minis
539 2502 797 2579 auctoritatem,
818 2502 1015 2565 animorum
1036 2503 1153 2566 studio
1173 2501 1361 2576 indefesso
1384 2501 1560 2580 conciliat,
1577 2501 1636 2581 qui

408 2608 451 2670 de
471 2609 576 2671 rebus
596 2626 617 2670 a
637 2626 675 2671 se
694 2609 805 2688 gestis
820 2627 864 2671 ex
877 2601 1096 2673 obedientiae
1108 2609 1256 2688 imperio
1269 2607 1522 2671 Paternitatem
1537 2618 1636 2671 tuam

408 2713 594 2778 certiorem
613 2716 774 2778 exactius
794 2715 928 2778 reddet.
949 2713 1039 2778 Nam
1056 2731 1163 2794 quum
1181 2714 1333 2777 diuortio
1349 2717 1508 2777 locorum
1523 2714 1636 2776 seiun-

411 2822 461 2884 cti
476 2821 597 2898 simuS,
611 2822 832 2901 negotiorum
846 2822 955 2900 ipsius
971 2821 1181 2902 spiritalium
1194 2821 1295 2884 testis
1307 2821 1473 2884 assistere
1487 2837 1636 2900 nequeo,

409 2944 624 3008 quamquam
644 2928 745 3006 haec,
770 2944 860 3007 quae
876 2928 919 2990 de
941 2928 1018 3008 ipso
1033 2927 1139 2990 modo
1154 2929 1270 3006 retuli,
1286 2945 1307 2988 a
1322 2928 1435 2990 bonae
1450 2927 1532 2990 fidei
1546 2928 1638 2990 arbi-

405 3035 471 3098 tris
485 3034 602 3098 didici.

469 3139 596 3206 Frater
610 3153 730 3206 noster
745 3143 840 3221 Mag.
861 3143 988 3206 Petrus
1010 3141 1165 3219 Canalis,
1190 3141 1234 3205 ad
1255 3157 1398 3204 sacrum
1420 3120 1638 3220 hypodiaco·

407 3249 486 3312 nias
511 3249 672 3313 ordinem
692 3249 737 3312 ab
756 3250 933 3330 Episcopo
949 3259 1142 3328 promotuS,
1160 3247 1275 3312 adbuc
1296 3247 1495 3327 Euscopiae
1515 3247 1550 3309 in
1570 3247 1637 3310 Ca·

409 3363 484 3417 stro
500 3355 680 3435 Episcopi,
694 3356 907 3418 valetudinis
918 3354 1167 3418 resarciendae
1178 3354 1308 3433 gratia,
1322 3363 1493 3431 moratur,
1507 3353 1566 3432 qui
1579 3354 1639 3432 pio

409 3463 572 3542 exemplo
595 3480 638 3525 ac
662 3463 819 3525 fraterna
841 3463 1034 3526 monitione
1054 3460 1215 3524 omnibus
1238 3477 1275 3522 se
1301 3459 1415 3523 reddit
1436 3458 1636 3536 amabilem,

409 3585 514 3649 quern
545 3569 702 3632 decreuit
726 3569 924 3648 Episcopus
949 3568 1036 3632 mihi
1063 3567 1227 3648 proximo
1255 3566 1450 3630 Februario
1477 3567 1639 3644 iungere.

412 3675 601 3739 Caeterum
616 3692 724 3755 quum
743 3693 814 3738 non
837 3675 943 3739 modo
962 3675 1094 3738 laboris
1113 3675 1227 3737 nostri
1246 3673 1444 3753 euangelici
1464 3673 1638 3735 rationem

410 3779 664 3844 Paternitatem
678 3791 776 3844 tuam
790 3783 936 3861 exigere
952 3799 972 3844 a
989 3781 1100 3860 nobis,
1123 3797 1248 3843 verum
1268 3791 1303 3842 et
1324 3779 1479 3843 fructum
1499 3777 1640 3858 spirita·

407 3887 478 3951 lem
493 3899 768 3969 consequentem
782 3897 903 3968 petere
924 3904 1133 3968 persuasum
1153 3886 1320 3964 habeam,
1342 3887 1446 3966 quale
1468 3901 1548 3948 cum
1566 3884 1639 3946 foe-

408 4010 497 4056 nore
511 3995 649 4057 lucrum
665 4003 878 4058 consecutus
892 3994 928 4056 iu
943 3993 1011 4056 hac
1026 3994 1114 4056 vrbe
1128 3994 1206 4072 sim,
1224 3993 1407 4073 explicabo
1423 3991 1639 4055 summatim.

468 4099 633 4165 Uniuersi
647 4101 804 4164 familiae
817 4100 922 4164 huius
937 4097 949 4130 ⁴
964 4100 1148 4164 domestici
1165 4100 1343 4163 mensibus
1363 4097 1513 4177 singulis
1533 4095 1641 4160 confi·

452 4343 459 4372 ⁴
490 4341 556 4384 Vide
568 4352 657 4395 supra,
668 4347 687 4384 t.
700 4351 736 4394 ιη,
755 4353 816 4395 pag.
831 4341 879 4394 701,
896 4348 983 4385 annot.
1001 4341 1123 4384 ’.Κ-ΝΜ
1143 4345 1230 4383 sutem
1248 4339 1351 4382 dubium
1369 4339 1467 4382 nullum
1483 4348 1539 4381 esse
1554 4343 1642 4392 potest

409 4411 469 4466 quin
480 4411 565 4454 oratio
583 4407 648 4454 bae'c
665 4422 761 4455 excuss
777 4412 847 4467 typis
858 4412 945 4466 suerin
955 4412 1062 4467 ideoque
1078 4414 1146 4456 inter
1161 4409 1302 4454 Socletstis
1316 4410 1459 4464 scriptores
1473 4407 1643 4465 Clayssouius

411 4492 450 4527 est
461 4482 676 4527 annumerandus.

450 4555 462 4586 ἱ
489 4553 556 4598 Vide
574 4554 615 4598 bic
630 4556 742 4600 solutum
757 4556 874 4611 dubium,
893 4557 957 4610 quod
974 4555 1153 4610 proposuimus
1171 4555 1195 4598 in
1214 4553 1326 4597 Possum
1346 4551 1478 4602 Chronico,
1497 4558 1516 4595 t.
1534 4561 1559 4606 v,
1573 4561 1640 4606 pag.

408 4623 586 4676 &laudona

449 4695 461 4726 ³
489 4695 555 4739 Vide
566 4695 679 4742 Possscr
691 4697 844 4748 Chronicon,
855 4705 873 4742 t.
885 4709 910 4750 v,
920 4709 981 4751 pag.
995 4697 1044 4748 82⁴1,
1055 4696 1135 4749 n.875,
1147 4701 1173 4739 et
1184 4705 1243 4750 pag.
1254 4695 1302 4749 att,
1314 4706 1339 4738 n.
1349 4693 1397 4739 935.

449 4768 462 4800 ⁴
488 4765 529 4810 “ln
540 4778 591 4821 qua
602 4770 760 4812 versabatur
771 4767 797 4812 Ρ.
807 4766 958 4822 Rubentis„
969 4766 1111 4818 Patareus,
1123 4769 1140 4810 l.
1150 4777 1182 4820 c.,
1193 4778 1218 4812 n.
1228 4765 1276 4809 938.
