3368 5528
377 525 432 592 tao
763 525 934 592 erraaua
953 541 1223 602 ouuorrunsraas

368 695 436 760 que
467 677 695 743 aduenerant
724 689 761 740 ut
791 677 1055 740 sanctissimum
1085 679 1200 742 locum
1229 676 1442 754 inuiserent,
1468 693 1511 744 ae
1533 691 1588 742 nos

368 785 513 866 quidem
529 795 628 848 tanta
648 783 872 862 benignitate
886 785 1078 848 salutatum
1090 783 1301 850 accedentes
1321 795 1544 866 exceperunt,
1561 788 1587 846 et

368 900 531 954 nostrum
544 889 613 971 ipsi
627 889 818 970 collegium
832 889 1054 968 rirut'seruut,
1073 899 1112 954 ut
1132 889 1272 954 difficile
1293 891 1391 956 dictu
1410 892 1465 971 sit,
1485 901 1587 956 utrum

367 1013 490 1062 eorum
505 997 540 1060 in
554 1013 621 1062 nos
636 997 751 1061 maior
765 995 934 1060 extiterit
944 995 1167 1076 anmatos,
1182 1014 1230 1060 an
1243 997 1414 1078 omnium,
1429 999 1488 1080 qui
1501 998 1534 1062 id
1545 999 1584 1060 iu·

368 1103 769 1184 tuerentur,admirati0.
785 1101 979 1182 Praecipue
991 1119 1077 1168 uero
1091 1101 1127 1167 id
1139 1103 1172 1168 ln
1187 1102 1379 1168 Cardinale
1390 1103 1587 1185 Augustam

367 1229 592 1292 summopere
610 1211 733 1302 ornnes
747 1215 907 1291 stupent.
923 1209 956 1274 ls
971 1211 1065 1274 enim
1081 1191 1151 1274 non
1163 1211 1314 1276 obscure
1328 1212 1496 1276 eximium
1507 1227 1586 1274 amo·

368 1323 443 1382 rem
459 1317 571 1382 nostri
587 1318 623 1381 in
639 1335 700 1382 ore
724 1325 830 1397 atque
851 1317 963 1381 oculis
982 1317 1137 1382 omnium
1156 1315 1363 1382 declarauit.
1388 1317 1505 1382 Veluti
1520 1333 1589 1381 cum

368 1426 412 1490 ud
427 1433 592 1508 paratam
607 1423 643 1488 in
658 1423 886 1488 sanctissimo
901 1421 968 1488 Del
983 1423 1176 1488 Genitricis
1186 1423 1348 1488 cubiculo
1360 1427 1483 1490 sellam
1496 1423 1587 1488 dedu·

368 1543 518 1609 ceretur,
536 1538 576 1596 vt
593 1531 675 1596 inde
691 1531 814 1596 laudes
834 1531 946 1612 ipsius
969 1531 1201 1594 Beatissimae
1219 1529 1382 1610 Virginis
1401 1549 1444 1598 ac
1464 1531 1589 1596 litanias

368 1639 608 1706 concinendas
623 1637 821 1717 exaudiret;
837 1639 962 1702 sellam
976 1638 1139 1718 proxime
1154 1637 1199 1702 ad
1214 1654 1292 1717 nos,
1305 1638 1366 1720 qui
1380 1639 1417 1703 in
1433 1639 1590 1702 vestibulo

368 1746 483 1812 sancti
497 1745 652 1810 cubiculi
666 1745 960 1824 consistebamus,
983 1743 1169 1808 transferri
1189 1742 1316 1822 iussin
1339 1745 1453 1826 iisque
1473 1746 1587 1812 decan·

369 1855 453 1919 tatis
468 1851 641 1930 laudibus,
660 1869 742 1916 mox
758 1852 793 1916 in
807 1860 950 1916 nostros
970 1861 1153 1933 aspectum
1174 1862 1399 1932 conuertens
1422 1853 1488 1918 hoc
1506 1868 1588 1916 amo·

369 1963 419 2026 ris
434 1962 488 2026 sui
511 1959 750 2024 testimonium
763 1959 818 2024 bis
833 1969 956 2041 terque
971 1959 1068 2022 clara
1087 1975 1176 2022 uoce
1195 1959 1350 2024 iterauit.
1368 1957 1456 2039 Vos,
1474 1957 1586 2040 inquit,

369 2069 454 2134 estis
469 2068 598 2132 iratres
613 2067 696 2130 mei:
714 2083 779 2130 vos
794 2074 870 2130 toto
885 2065 994 2130 corde
1009 2067 1223 2146 amplector;
1239 2067 1381 2148 aliaque
1403 2063 1589 2132 huiusmodi

372 2177 557 2252 nonnulla,
574 2190 654 2236 cum
669 2189 799 2254 magna
812 2172 914 2236 chori
923 2189 965 2236 ac
972 2171 1104 2252 populi
1113 2173 1360 2252 admiratione,
1374 2173 1588 2254 adiungebat.

285 2292 287 2297 ·
372 2283 586 2361 Praeterea,
601 2297 676 2344 rem
690 2278 1017 2358 dr‘m'namsact'eus,
1035 2296 1098 2343 sua
1116 2296 1223 2344 manu
1234 2295 1358 2344 omnes
1369 2287 1588 2344 uestroscor·

369 2389 466 2470 poris
493 2388 660 2452 dominici
689 2387 854 2452 conuiuio
882 2387 1156 2466 communicare,
1186 2385 1275 2452 duas
1303 2389 1421 2452 alieno
1448 2399 1590 2468 tempore

370 2496 570 2573 conciones,
588 2497 737 2560 alteram
752 2496 787 2559 in
803 2497 947 2575 templo,
963 2511 1009 2556 ex
1024 2503 1156 2558 statuto
1171 2497 1440 2574 concionatore,
1455 2497 1588 2560 alteram
1673 2519 1674 2530 ³

370 2603 460 2666 inter
475 2602 711 2680 coenandum,
736 2619 781 2664 ex
801 2617 873 2664 vno
883 2600 1055 2678 fratrum
1074 2610 1278 2666 nostrorum
1297 2601 1522 2668 adolescente
1540 2617 1589 2663 au·

370 2712 524 2774 scultare
545 2710 707 2774 uoluerit.
734 2707 802 2772 Hic
826 2707 876 2770 ita
902 2707 1059 2772 animum
1083 2707 1159 2772 eius
1183 2710 1387 2790 commouit,
1410 2720 1449 2774 ut
1473 2706 1589 2774 effusas

370 2817 477 2881 etiam
505 2817 708 2896 lachrymas
733 2833 778 2879 ex
802 2814 1028 2879 sanctissima
1052 2813 1206 2896 quadam
1231 2816 1372 2895 pietatis
1397 2817 1530 2882 laetitia
1552 2831 1588 2876 ac

371 2926 552 3004 uoluptate
574 2923 812 3002 profunderet,
834 2923 918 2988 dum
938 2921 1107 2986 Societati
1126 2924 1275 2988 coelitus
1293 2924 1512 3005 impartitum
1530 2921 1589 3002 spi·

370 3031 477 3096 ritum
492 3031 651 3096 diuinum
671 3031 706 3094 in
729 3041 850 3095 tenero
872 3031 978 3094 etiam
999 3031 1141 3112 palmite
1161 3029 1279 3096 inesse
1298 3031 1503 3096 demiratur.
1523 3027 1590 3108 Qua

372 3142 492 3202 autem
514 3137 570 3202 die
593 3138 683 3202 bene
703 3155 807 3202 mane
827 3139 1024 3202 institutum
1047 3139 1113 3201 iter
1134 3148 1294 3218 repetere
1314 3149 1499 3220 statuerat,
1523 3151 1589 3200 cum

338 3297 343 3308 .
371 3248 566 3311 insalutato
580 3246 687 3309 nollet
702 3245 854 3324 collegio
868 3245 1061 3320 discedere,
1076 3245 1114 3309 in
1131 3246 1367 3312 sanctissimis
1386 3247 1521 3312 deliciis
1539 3259 1590 3324 pu·

373 3365 449 3418 tare
475 3353 573 3417 uisus
595 3361 659 3430 est,
676 3361 758 3416 ante
780 3351 991 3432 descessum,
1006 3352 1187 3416 ullion'bus
1200 3353 1334 3418 nostris
1347 3353 1591 3418 sacrificiorum

373 3460 597 3525 uestimentis
610 3475 654 3522 ae
669 3459 792 3538 calice,
808 3459 844 3522 in
859 3458 1054 3522 domestico
1070 3468 1203 3538 nostro,
1220 3460 1302 3524 licet
1319 3467 1457 3541 purum
1476 3461 1591 3524 arnam

372 3586 415 3634 ac
431 3583 587 3650 paupere
601 3581 748 3646 prorsus
763 3566 906 3646 sacello,
920 3583 997 3630 reru
1007 3565 1164 3630 diuinam
1175 3566 1307 3646 lacere;
1318 3583 1431 3649 eaque
1446 3575 1589 3649 peracta,

372 3659 615 3758 pronunciatis
631 3673 681 3738 illi
695 3672 760 3736 sub
775 3671 971 3736 discessum
986 3673 1030 3735 ab
1046 3690 1117 3736 vno
1132 3673 1372 3740 studiosorum
1383 3675 1514 3756 aliquot
1524 3687 1590 3736 uer·

373 3783 482 3860 sibus,
499 3779 697 3844 incredibili
708 3779 871 3862 perfusus
882 3779 1110 3860 iucunditate,
1119 3785 1314 3861 postquam
1325 3789 1473 3862 paterne
1482 3792 1591 3846 omnes

377 3887 611 3968 amplexatus
624 3891 692 3966 est,
707 3886 880 3951 discessit.

433 3994 471 4060 In
491 3995 668 4076 plerisque
689 3993 730 4056 R.
751 3992 1003 4074 Augustarum
1024 3995 1226 4060 Cardinalis
1247 3997 1293 4060 ab
1313 3997 1424 4062 lmola
1448 3997 1591 4064 imitatus

374 4108 439 4167 est.
456 4101 524 4166 Hie
539 4119 611 4166 non
625 4101 674 4164 ita
690 4101 801 4164 multo
815 4112 897 4181 post
919 4101 1011 4166 illius
1030 4101 1287 4184 prosectionem
1308 4106 1490 4170 successit.
1510 4099 1589 4166 Toti-

374 4213 455 4275 dem
470 4210 595 4290 etipse
611 4209 646 4271 in
663 4210 793 4288 templo
808 4211 970 4289 alteram,
987 4220 1093 4291 atque
1108 4211 1143 4274 in
1165 4213 1248 4276 aula
1268 4229 1350 4278 cum
1368 4213 1484 4296 ampla
1505 4207 1590 4274 sami·

374 4321 421 4383 lia
442 4319 602 4397 alteram,
625 4316 811 4380 contiones
833 4317 966 4396 audire,
989 4335 1034 4382 ex
1054 4319 1185 4384 uostris
1205 4320 1339 4402 aliquot
1359 4337 1445 4386 suae
1463 4329 1590 4384 mensae

375 4425 554 4504 adhibere,
573 4425 733 4504 singulos
748 4439 906 4504 quosque
922 4425 959 4487 in
972 4425 1093 4491 sinum
1106 4437 1145 4490 et
1160 4437 1328 4508 paternos
1349 4424 1530 4509 amplexus
1543 4438 1590 4486 ex·

375 4534 493 4615 cipere
508 4532 628 4611 uolult;
646 4541 752 4612 atque
768 4531 852 4596 dum
865 4535 1054 4597 nonnullos
1068 4534 1200 4600 diutius
1214 4536 1306 4600 inter
1320 4537 1466 4601 brachia
1480 4533 1590 4600 retine·

374 4649 440 4717 ret,
457 4639 545 4704 alios
559 4639 682 4721 patris,
699 4639 791 4702 alios
802 4639 935 4720 {raum
952 4640 1041 4706 alios
1061 4641 1122 4730 filii
1142 4643 1295 4724 nomine,
1321 4643 1452 4726 insigni
1463 4637 1592 4726 pietatis
1668 4655 1669 4670 ¹

376 4760 412 4815 et
425 4748 565 4814 amoris
576 4746 849 4831 attestatione,
864 4749 1110 4830 compellabat.
