3472 5528
648 543 712 616 Au.
740 543 809 616 lato
1288 545 1342 619 257

113 699 280 765 foeminis
295 701 453 782 quotidie
467 703 627 783 veniunt,
644 703 680 768 in
696 704 821 785 quibus
835 705 1003 786 pleraque
1018 705 1251 769 ostenduntur
1267 723 1340 770 non

113 809 265 873 obscure
280 809 473 874 indicantia
489 828 645 876 amorem
660 811 697 875 in
711 829 777 875 nos
793 811 961 892 diuinum,
977 812 1061 876 dum
1075 821 1109 876 et
1128 813 1216 877 vitia
1237 815 1341 878 extir-

114 925 244 997 pantur
259 918 449 982 ueterrima
464 919 598 1000 pariter
613 927 648 982 et
662 919 919 1000 indignissima,
936 929 969 984 et
984 922 1105 1000 multa,
1122 937 1213 1002 quae
1228 922 1266 984 vi
1280 931 1342 986 aut

113 1023 196 1088 dolo
211 1033 315 1105 parta
330 1042 394 1106 per
409 1025 573 1092 iniuriam
589 1027 843 1107 retinebantur,
859 1027 955 1092 veris
969 1026 1121 1092 dominis
1142 1030 1341 1110 rependun-

114 1142 184 1195 tur.
203 1132 352 1196 Accedit
367 1144 598 1197 sacrosantae
614 1134 849 1198 eucharistiae
870 1136 1081 1214 communio,
1103 1152 1209 1217 quam
1230 1137 1339 1201 maxi-

113 1256 174 1302 mo
190 1240 311 1320 populi
325 1240 433 1305 totius
448 1241 540 1304 bono
555 1249 590 1304 et
601 1241 764 1322 exemplo
777 1241 937 1307 homines
948 1242 996 1323 pii
1008 1243 1149 1307 assidue
1163 1253 1337 1325 repetunt.

111 1345 228 1424 Quod,
246 1347 327 1410 licet
341 1347 441 1415 initio
456 1348 633 1413 morsibus
648 1359 681 1413 et
696 1350 1012 1416 obtrectationibus
1026 1369 1098 1415 non
1118 1353 1261 1417 omnino
1284 1371 1338 1417 ca·

110 1454 196 1531 ruit,
212 1453 379 1518 effectum
393 1466 511 1518 tamen
526 1465 650 1536 postea
665 1457 785 1521 diuina
802 1475 868 1538 ope
883 1467 936 1522 est
951 1475 995 1521 ne
1017 1459 1100 1540 quid
1115 1460 1249 1524 illustre
1269 1479 1339 1524 ma·

109 1561 170 1640 gis
184 1571 219 1624 et
234 1563 371 1626 clarum
386 1563 549 1628 uideatur
564 1564 753 1644 uniuersis,
775 1566 933 1645 quamsi
953 1582 1099 1630 numero
1122 1567 1259 1648 piorum
1281 1569 1339 1631 ho·

110 1667 247 1732 minum
262 1669 429 1751 frequens
445 1670 505 1734 fiat
521 1671 696 1735 accessio:
715 1689 784 1752 qua
799 1671 835 1736 in
851 1690 889 1736 re
904 1682 978 1736 tum
994 1675 1189 1737 monachos
1211 1675 1283 1755 (qui
1304 1675 1338 1738 in

109 1776 182 1839 hac
195 1767 341 1841 'ciuitate
355 1786 437 1843 sunt
453 1778 587 1858 optimi,
604 1779 781 1844 Dominici
797 1765 901 1860 atque
913 1780 1156 1860 Franciscani)
1167 1781 1339 1846 hahemus

110 1883 295 1947 auditores
310 1865 352 1947 ac
369 1902 564 1966 praecones
579 1903 697 1950 rerum
718 1895 931 1966 nostrarum,
955 1896 1028 1952 tum
1047 1888 1154 1952 etiam
1175 1889 1336 1953 sacerdo-

108 2000 178 2070 tes
195 1991 407 2071 quicumque
421 1991 480 2056 hic
495 2003 577 2056 sunt
593 1993 753 2058 doctrina
770 2002 804 2057 et
818 1995 1008 2070 sanctitate
1024 1995 1192 2075 celebres,
1214 2007 1336 2076 aperto

108 2105 227 2161 marte
241 2099 376 2178 praelia
391 2108 513 2163 nostra
529 2099 724 2178 decertant,
742 2119 784 2164 ac
798 2118 877 2164 sesc
898 2118 962 2183 pro
982 2101 1082 2165 nobis
1103 2103 1257 2167 inuidiae
1281 2103 1337 2178 (si-

109 2203 227 2268 cunde
252 2206 411 2286 pullulet)
434 2201 633 2288 opponunt:
656 2207 772 2271 studia
795 2209 1003 2288 litterarum,
1026 2210 1213 2290 siquando
1235 2211 1334 2290 aliaS,

108 2312 235 2392 uigent
249 2331 315 2377 nec
331 2313 546 2378 imminentis
564 2316 660 2379 veris
679 2316 904 2398 intemperies
924 2317 1150 2397 (quamquam
1174 2318 1262 2382 haec
1283 2336 1334 2382 re·

107 2421 169 2500 gio
185 2421 343 2485 aestibus
357 2421 650 2498 incommodatur)
667 2424 918 2502 magistrorum
933 2431 994 2487 aut
1008 2422 1218 2489 discentium
1230 2442 1334 2489 cona·

107 2539 167 2592 tus
182 2527 363 2608 tepefecit:
381 2538 462 2592 sunt
477 2529 646 2610 morigeri
660 2539 694 2593 et
709 2529 848 2593 honesti
860 2531 1033 2610 discipuli,
1046 2540 1128 2596 sunt
1138 2531 1329 2596 confessio·

107 2653 195 2699 num
212 2645 246 2698 et
260 2635 498 2700 eucharistiae
513 2645 685 2717 amantes
702 2645 783 2702 sunt
802 2637 984 2702 literarum
999 2638 1129 2719 cupidi,
1144 2649 1225 2703 sunt
1240 2640 1332 2703 doni·

108 2761 177 2824 que
192 2745 315 2824 quales
330 2752 429 2807 tuum
443 2743 620 2808 desiderat
635 2755 668 2809 et
684 2746 797 2826 poscit
812 2745 1019 2810 institutum.
1043 2745 1214 2810 Parentes
1234 2765 1330 2826 sane,

107 2850 180 2932 (qui
193 2851 249 2914 uel
259 2859 484 2931 praemature
495 2851 624 2915 liberos
635 2851 737 2915 nobis
747 2869 830 2914 suos
842 2851 984 2917 tradunt
994 2851 1230 2932 erudiendos),
1239 2871 1332 2917 nunc

106 2957 250 3022 demum
263 2957 413 3021 feliciter
426 2975 466 3020 se
479 2959 646 3038 genuisse
660 2959 792 3022 liberos
805 2959 1028 3040 praedicant,
1045 2960 1187 3040 quando
1209 2961 1244 3025 in
1264 2960 1331 3024 hoc
1401 2991 1403 2996 v

107 3065 184 3128 nuti
200 3073 338 3145 tempus
353 3072 459 3146 atque
474 3064 614 3128 educati
629 3073 722 3129 sunt.
743 3064 873 3130 Multos
894 3083 961 3146 ego
982 3067 1072 3131 inter
1093 3067 1228 3131 nobiles
1250 3068 1331 3132 ado-

106 3171 280 3235 lescentes
295 3187 373 3235 esse
387 3172 476 3251 scio,
494 3173 554 3253 qui
568 3172 652 3236 totis
666 3173 759 3237 uotis
775 3171 963 3238 Societatis
979 3183 1121 3238 nostrae
1140 3174 1208 3238 sibi
1230 3193 1330 3255 expe·

105 3287 184 3341 tunt
199 3279 342 3342 ianuam
357 3279 500 3358 aperiri,
517 3296 618 3360 quos
634 3279 726 3343 sicut
740 3278 847 3344 Pater
861 3281 1052 3345 Villanoua
1074 3281 1081 3311 '
1105 3299 1176 3346 non
1198 3281 1332 3346 iudicat

104 3386 227 3450 statim
242 3385 490 3466 admittendos,
508 3386 556 3450 ita
580 3387 625 3451 ad
644 3387 943 3468 perseuerandum
971 3389 1007 3452 in
1028 3387 1187 3452 honestis
1206 3389 1332 3452 studiis

105 3493 281 3572 hortatur,
299 3510 368 3574 quo
383 3493 603 3558 commodius
617 3501 740 3574 postea
757 3495 876 3557 adulta
889 3495 959 3558 iam
972 3504 1088 3559 aetate
1101 3497 1263 3574 religioni
1275 3495 1331 3558 de·

104 3599 284 3664 dicentur:
301 3601 491 3664 conciones
505 3599 603 3664 fuere
619 3601 654 3665 in
669 3618 773 3664 sacro
789 3602 1084 3682 quadragesimae
1099 3612 1257 3683 tempore
1268 3601 1331 3666 Pa·

105 3709 171 3770 tris
186 3707 231 3770 D.
247 3706 389 3772 Salinae
403 3706 415 3736 '
431 3708 568 3772 cunctis
583 3709 827 3788 gratissimae:
850 3719 931 3772 sunt
946 3709 1039 3773 enim
1054 3710 1228 3790 spirituali
1248 3727 1331 3791 quo·

104 3814 189 3877 dam
213 3814 439 3878 condimento
468 3832 668 3895 respersae,
696 3819 945 3896 praeterquam
967 3816 1059 3897 quod
1078 3816 1273 3880 eruditione
1295 3826 1329 3880 et

104 3929 293 3984 uenustate
317 3921 405 3986 mire
429 3923 590 4001 placcnt:
618 3940 683 3986 nec
709 3924 880 4004 estquod
906 3923 1111 4004 singulatim
1136 3924 1329 3988 edisseram

102 4031 228 4110 quales
243 4028 426 4108 collegerit
442 4028 605 4093 Christus
622 4028 703 4111 Opt.
720 4029 814 4094 Max.
830 4029 975 4110 fructuS,
994 4033 1087 4095 iacto
1106 4031 1213 4096 diuini
1232 4033 1332 4096 uerbi

103 4135 238 4199 semine
263 4135 308 4200 ab
333 4137 400 4199 hoc
427 4133 506 4216 agri
531 4136 586 4202 sui
610 4138 764 4214 cultore;
792 4139 999 4219 compendio
1024 4139 1156 4204 dixisse
1182 4139 1330 4203 sufficiat

105 4259 217 4306 vnum
232 4260 295 4324 pro
310 4242 442 4322 multis,
458 4243 530 4306 imo
546 4252 581 4307 et
595 4261 660 4324 pro
677 4245 826 4324 cunctis,
843 4245 878 4308 in
899 4247 965 4309 hac
988 4247 1131 4310 ciuitate
1152 4247 1265 4310 amari
1288 4264 1331 4311 ac

101 4349 236 4429 suspici
250 4348 392 4413 Patrem
407 4341 512 4414 hunc'.

164 4457 361 4538 Episcopus
376 4457 599 4538 placentinus
614 4457 625 4488 ³
641 4459 740 4522 cuius
755 4459 822 4522 huc
839 4477 904 4524 nos
919 4460 1081 4525 Christus
1097 4463 1259 4526 euocauit
1271 4462 1331 4525 mi·

104 4599 315 4610 ——-—.

143 4663 153 4694 ¹
186 4661 213 4706 P.
225 4661 379 4707 Franciscns
389 4663 420 4707 dc
432 4664 598 4712 Villaooeua.

142 4735 154 4766 ἱ
186 4733 213 4776 Ρ.
224 4733 343 4779 Doctoris
354 4735 433 4780 Marci
446 4737 558 4781 Salinas.

143 4806 155 4834 ¹
187 4803 303 4849 Gntlerre
314 4807 345 4850 dc
358 4806 462 4862 vargas
473 4807 606 4864 Carcajal.

266 4893 303 4950 Τ.
319 4913 358 4954 lv.
