3578 5534
376 539 414 596 54
762 535 933 595 Ltrrsaas
951 552 1223 605 Quabltlttsssrltsss

378 683 454 747 nire
475 683 598 747 liceret
623 701 689 763 pro
710 683 836 753 missa.
858 685 1118 760 communione,
1141 692 1175 746 et
1195 684 1305 746 verbo
1325 681 1393 746 Dei
1417 682 1608 746 audiendo

378 787 515 852 Deinde
530 789 638 853 etiam
651 808 723 852 non
738 807 864 870 parum
877 801 1113 854 exercuerunt
1127 807 1193 854 nos
1208 791 1387 855 lutherani
1402 799 1436 854 et
1452 791 1512 853 alii
1523 789 1605 852 hae·

379 895 492 975 retici,
508 913 660 976 quorum
674 897 786 960 sibilis
800 897 956 976 vipereis
970 901 1150 962 excantati
1166 908 1228 962 aut
1243 897 1352 962 afflati
1367 898 1467 961 multi
1482 897 1528 960 ad
1539 914 1608 961 nos

381 1006 610 1066 accurrerunt
625 1003 822 1067 consessuri
836 1021 900 1068 sua
916 1015 1083 1086 peccata,
1101 1015 1161 1068 aut
1187 1006 1261 1068 sine
1281 1005 1508 1068 confessione·
1525 1021 1606 1066 con-

381 1110 498 1175 silium
522 1112 666 1191 petituri
691 1112 736 1175 ad
761 1113 995 1176 resistendum
1020 1112 1219 1176 huiusmodi
1239 1113 1343 1192 lupiS,
1369 1113 1474 1175 tectis
1499 1111 1606 1173 ouina

381 1220 471 1297 pelle
487 1218 565 1296 (hoc
581 1229 646 1296 est,
662 1219 772 1281 verbo
788 1217 854 1281 Dei
870 1227 904 1282 et
919 1219 1166 1297 eleemosinis),
1182 1219 1320 1282 sortiter
1333 1220 1370 1282 in
1385 1218 1452 1282 fide
1468 1235 1556 1281 sana
1572 1228 1607 1279 et

382 1325 569 1389 catholica:
585 1326 652 1405 ipsi
668 1343 752 1388 sane
768 1328 886 1389 multis
901 1327 1014 1390 modis
1030 1343 1095 1389 nos
1110 1335 1334 1406 oppugnant,
1351 1323 1413 1387 sed
1429 1326 1542 1402 clam,
1567 1333 1607 1387 vt

383 1441 464 1495 sunt
479 1431 603 1510 timidi,
620 1433 655 1494 in
670 1432 812 1495 modum
827 1434 1034 1512 vulpeculae
1050 1441 1199 1495 astutae.
1217 1431 1395 1496 Interdum
1409 1432 1503 1494 enim
1517 1432 1607 1493 bene

382 1555 487 1602 mane
500 1541 558 1600 vel
573 1539 616 1602 de
631 1549 734 1602 nocte
750 1538 795 1601 ad
809 1540 914 1602 lunae
929 1540 986 1601 vel
1002 1540 1171 1602 candelae
1186 1541 1304 1602 lumen
1315 1538 1446 1618 aliquid
1461 1538 1608 1616 ignomi-

384 1645 522 1708 niosum
536 1647 654 1708 valuis
667 1655 810 1709 nostrae
826 1646 950 1708 domus
965 1646 1173 1725 appingunt,
1192 1645 1367 1709 interdurn
1385 1662 1471 1708 uero
1486 1645 1616 1707 literas.

384 1751 623 1830 blasphemiae
638 1761 673 1814 et
688 1752 931 1815 conuiciorum
946 1753 1068 1832 plenas
1083 1770 1145 1834 per
1160 1768 1290 1832 pueros
1305 1749 1350 1814 ad
1370 1768 1436 1814 nos
1453 1751 1608 1828 mittunt,

385 1869 445 1922 aut
459 1861 524 1922 sub
539 1869 692 1937 noctem,
709 1861 853 1923 semotis
868 1859 1029 1938 arbitriS,
1050 1861 1129 1923 illas
1149 1861 1185 1922 in
1204 1858 1346 1922 domum
1366 1867 1525 1921 nostram
1545 1875 1610 1938 per

385 1968 522 2047 aliquas
535 1967 644 2029 rimas
659 1967 863 2046 proiiciunt;
880 1968 970 2029 inter
993 1985 1082 2048 quas
1104 1967 1284 2046 epistolas
1306 1965 1411 2029 vnius
1433 1966 1521 2027 haec
1542 1963 1609 2027 suit

385 2091 533 2137 summa:
557 2071 737 2136 “Salutant
758 2089 823 2135 vos
843 2090 965 2136 omnes
984 2073 1114 2136 fratres
1134 2085 1168 2135 et
1189 2091 1330 2136 sorores
1355 2073 1391 2134 in
1411 2071 1564 2147 Christo,
1589 2089 1610 2134 o

386 2179 509 2244 Patres
523 2180 702 2244 Bernarde
719 2179 727 2211 ¹
743 2190 777 2243 et
792 2179 957 2259 Quintine
972 2179 995 2242 ἰ
1011 2179 1125 2243 Vobis
1137 2179 1277 2261 quidem
1291 2180 1404 2241 zelum
1420 2176 1488 2241 Dei
1500 2195 1521 2240 a
1533 2177 1611 2241 Deo

384 2287 490 2352 Patre
505 2298 625 2352 nostro
640 2289 784 2350 coelesti
798 2288 876 2350 dari
892 2297 1065 2367 optamuS,
1082 2304 1164 2349 nam
1178 2304 1264 2348 vera
1274 2285 1341 2349 Dei
1354 2285 1500 2349 scientia
1513 2301 1610 2348 care-

385 2397 441 2474 tis,
458 2396 705 2476 praedicantes
720 2398 848 2475 populo
863 2395 990 2457 falsam
1006 2405 1040 2456 et
1056 2394 1266 2456 diabolicam
1281 2393 1491 2470 doctrinam,
1517 2393 1611 2472 quod

385 2504 488 2567 facile
503 2511 601 2582 patet
616 2521 660 2564 ex
675 2501 798 2566 tribus:
815 2502 932 2564 dicitis
950 2501 1044 2566 enim
1066 2501 1197 2564 vestris
1218 2503 1254 2564 in
1278 2501 1507 2563 concionibus
1530 2499 1610 2561 mis·

386 2626 463 2673 sam
477 2609 673 2673 institutam
689 2624 709 2669 a
723 2606 812 2684 Deo,
829 2617 864 2670 et
877 2608 1061 2671 fundatam
1077 2609 1113 2670 in
1133 2609 1334 2688 euangeli0‚
1362 2616 1397 2670 et
1411 2606 1522 2669 verbo
1544 2603 1612 2667 Dei

386 2715 528 2780 omnino
554 2714 782 2778 conformem:
804 2715 982 2794 inspicite,
1003 2731 1070 2777 vos
1090 2731 1248 2788 oramus
1271 2715 1336 2776 4.οῐ
1357 2712 1557 2792 euangelia,
1582 2711 1613 2774 si

385 2824 461 2886 eius
476 2822 527 2886 rei
541 2821 756 2885 mentionem
771 2822 879 2884 vllam
893 2821 1039 2884 faciunt:
1056 2839 1122 2884 nos
1136 2839 1221 2884 uero
1237 2819 1443 2884 confitemur
1459 2835 1609 2882 coenam

385 2929 539 3007 Domini,
556 2946 662 3008 quam
677 2929 779 2992 nobis
795 2929 961 2991 describit
975 2928 1015 2990 B.
1032 2929 1161 2991 Paulus
1177 2927 1223 2991 ad
1239 2927 1320 2992 Cor.
1334 2976 1340 3005 ,
1357 2927 1397 2990 ll.
1419 2926 1469 2990 2.⁰
1483 2925 1613 2989 Dicitis

386 3047 419 3100 ot
434 3036 648 3117 persuadere
667 3035 773 3098 vultis
792 3037 922 3116 populo
943 3053 1051 3098 vnum
1072 3052 1150 3098 esse
1169 3035 1427 3114 purgatorium
1444 3050 1509 3095 nos
1524 3049 1611 3095 uero

387 3142 538 3206 dicimus
552 3142 733 3207 Christum
752 3157 830 3205 esse
851 3151 1011 3205 nostrum
1032 3142 1291 3220 purgatorium.
1312 3140 1362 3203 3.⁰
1381 3139 1509 3204 Dicitis
1532 3138 1613 3202 ado·

389 3250 519 3313 randos
533 3250 592 3312 vel
605 3249 775 3312 colendos
789 3247 953 3326 SanctoS,
973 3255 1078 3329 atque
1093 3248 1201 3310 etiam
1223 3246 1421 3327 rogandos:
1443 3263 1508 3308 nos
1526 3262 1615 3308 uero

388 3357 608 3420 montiriuos
630 3357 782 3435 ingenue
797 3355 949 3418 fatemur
964 3366 998 3417 et
1012 3355 1203 3418 asserimus
1216 3403 1221 3430 ,
1236 3355 1318 3433 quia
1332 3354 1436 3435 Jesus
1452 3352 1617 3416 Christus

390 3475 443 3528 est
457 3464 653 3526 aduocatus
668 3473 788 3526 noster
802 3478 889 3540 erga
905 3461 1046 3525 Patrem
1065 3479 1130 3542 pro
1149 3461 1408 3542 peccatoribus;
1425 3461 1545 3541 itaque
1561 3459 1611 3522 di·

390 3573 501 3635 cimus
520 3587 586 3633 vos
608 3571 697 3633 duos
717 3586 794 3632 esse
817 3569 928 3632 salsos
942 3570 1137 3649 prophetas
1160 3577 1194 3630 et
1209 3567 1449 3645 antichristos,
1466 3583 1554 3647 quos
1570 3565 1615 3629 de

389 3679 472 3742 sede
487 3676 753 3742 concionatoria
769 3676 949 3739 deturbari
959 3693 980 3738 a
992 3677 1101 3740 multo
1114 3685 1273 3755 tempore
1285 3674 1452 3755 oportuit;
1469 3690 1490 3735 o
1506 3673 1616 3753 hypo·

391 3787 513 3862 critae,
537 3783 658 3847 ovani
670 3783 871 3863 prophetae
893 3782 1129 3860 Antechristi;
1153 3782 1215 3846 sed
1236 3798 1424 3861 precamur
1440 3778 1554 3842 Deum
1577 3790 1616 3840 vt

392 3910 457 3955 vos
472 3891 654 3954 illuminet.
672 3888 830 3967 Valete.„

452 3999 506 4062 Ex
520 3998 647 4078 quibus
661 3997 765 4060 facile
780 3997 948 4076 colligere
966 3997 1049 4060 licet
1071 4013 1140 4076 quo
1164 3996 1290 4075 spiritu
1311 3995 1487 4058 ducantur
1508 4002 1543 4055 et
1562 4009 1622 4054 ra·

391 4106 533 4186 piantur
552 4103 636 4166 dum
654 4103 793 4166 illorum
816 4103 986 4183 epistolae
1008 4103 1173 4166 conuitiis
1193 4110 1332 4166 scatent
1346 4110 1380 4164 et
1395 4099 1620 4180 opinionibus

318 4251 319 4255 =
394 4222 516 4291 aperte
531 4210 721 4273 contrariis
735 4207 928 4288 Scripturis
943 4209 1056 4271 sacris
1072 4217 1106 4272 et
1120 4208 1202 4273 fidei
1216 4208 1388 4272 ecclesiae
1409 4205 1624 4283 catholicae,

394 4335 483 4397 quae
498 4327 552 4380 est
565 4317 729 4379 columna
745 4326 780 4379 et
794 4314 1054 4378 firmamentum
1070 4316 1241 4379 veritatis.

453 4423 642 4488 Praeterea
658 4431 732 4484 toto
747 4423 806 4485 illo
826 4431 985 4502 tempore
1007 4423 1170 4503 occupati
1190 4422 1320 4485 fuimus
1339 4421 1446 4484 etiam
1469 4435 1540 4483 non
1561 4434 1625 4498 pa·-

436 4701 444 4732 ¹
473 4700 503 4743 P.
514 4699 662 4746 Bernardus
671 4701 770 4745 Olivler
780 4699 938 4752 (oliverius).

434 4773 446 4802 ²
473 4771 502 4814 P.
513 4771 652 4824 Quintinus
662 4771 794 4815 Charlart.
