3504 5532
677 523 742 586 Au.
769 523 839 586 1556
1319 518 1373 582 163

136 655 250 752 quem
262 673 382 740 statim
397 681 436 738 ut
448 671 536 738 uidit
547 680 727 753 aegrotus,
741 689 779 735 se
791 669 1020 735 libentissime
1031 668 1100 749 ipsi
1109 666 1271 734 confiteri
1282 667 1371 730 uelle

136 789 295 860 peccata
304 781 429 862 inquit.
443 778 687 860 Quodstatim,
698 788 842 860 propter
853 776 1018 840 instantis
1030 777 1154 840 mortis
1164 775 1370 856 periculum,

136 905 217 952 nou
229 887 375 952 distulit:
388 887 573 952 consessus
587 886 717 967 itaque,
735 901 777 948 ac
795 884 970 964 pollicitus
980 899 1030 962 se,
1047 883 1295 964 cumprimum
1309 898 1372 962 per

138 995 386 1060 ualetudinem
398 1003 528 1075 posset,
545 995 589 1058 ad
606 993 810 1071 religionem
826 991 918 1056 unde
937 991 1149 1054 discesserat
1165 990 1371 1068 rediturum,

136 1103 331 1166 absolutus
343 1102 498 1180 tandem,
515 1102 584 1164 cito
599 1111 722 1181 postea
741 1099 910 1178 migrauit
926 1097 970 1162 ad
983 1096 1190 1162 Dominum:
1201 1096 1274 1178 jam
1289 1112 1373 1176 qua·

138 1209 384 1290 dragenarius
399 1218 487 1286 erat,
504 1218 541 1272 ut
556 1208 750 1284 dicebatur,
771 1224 836 1270 nec
857 1207 974 1270 minus
989 1204 1144 1270 foetebat
1158 1203 1229 1270 iam
1244 1201 1371 1284 quatri·

137 1317 300 1380 manus.
313 1315 393 1380 Deo
406 1326 529 1382 nostro
544 1332 683 1395 semper
698 1315 744 1378 stt
757 1313 884 1396 gloria,
902 1313 1002 1378 cuius
1021 1311 1286 1379 misericordiae
1302 1325 1373 1372 nou

138 1432 206 1488 est
219 1440 403 1502 numerus;
419 1439 489 1488 uon
505 1422 599 1486 enim
612 1424 766 1486 laetatur
780 1422 816 1484 in
837 1420 1031 1502 perditione
1051 1417 1288 1496 morientium,
1312 1414 1373 1481 sed

138 1530 267 1609 magis
280 1528 412 1609 gaudet
426 1530 462 1592 in
478 1530 710 1594 conuersione
724 1536 965 1610 peccatorum.

210 1635 466 1701 M.²“Petrus¹
490 1637 593 1700 docet
614 1638 801 1717 plusquam
825 1644 965 1699 centum
990 1634 1196 1715 discipulos,
1224 1649 1374 1714 quorum

138 1744 346 1808 doctissimi
361 1743 636 1808 concordantias
651 1742 790 1807 discunt
805 1753 839 1806 et
854 1742 1051 1806 rudimenta
1065 1741 1286 1804 memoriter:
1299 1740 1374 1819 ipse

137 1867 290 1933 quoque
315 1851 411 1914 dorni
434 1851 624 1914 ediscendo
648 1851 919 1930 grammaticam
945 1859 980 1912 et
1001 1847 1244 1928 componendo
1266 1855 1374 1910 mate·

140 1960 246 2022 riam
270 1959 423 2039 aliquam
448 1959 556 2022 latine
581 1967 698 2022 uacat.
726 1955 901 2021 Antonius
926 1972 1012 2018 uero
1034 1962 1068 2017 et
1092 1952 1315 2018 mendicandi
1340 1960 1374 2016 et

137 2064 301 2144 emendi,
318 2083 409 2146 quae
424 2065 534 2128 uictui
548 2064 750 2128 necessaria
770 2073 862 2141 sunt,
886 2079 1010 2126 curam
1031 2061 1148 2125 habet.
1173 2059 1374 2124 Antoninus

138 2189 291 2256 quoque
313 2172 410 2236 circa
431 2189 486 2251 ea,
506 2189 597 2252 quae
612 2169 657 2233 ad
672 2170 861 2252 coquinam
882 2169 1070 2250 pertinent,
1083 2166 1240 2256 quotidie
1256 2182 1374 2229 uersa·

140 2295 220 2345 tur.
248 2279 509 2360 Nonnunquam
534 2288 652 2342 tamen
681 2286 715 2341 et
743 2277 921 2342 Antonius
949 2285 983 2340 et
1011 2275 1213 2339 Antoninus
1239 2283 1273 2336 et
1299 2274 1374 2352 ipse

136 2389 184 2452 P.
203 2386 337 2450 Rector
352 2385 444 2451 ΜΛΝ
459 2386 564 2450 Petro
578 2384 772 2450 subsidium
787 2384 914 2462 serunt,
931 2401 1013 2447 cum
1027 2384 1159 2446 nullum
1182 2381 1296 2444 maius
1316 2398 1373 2444 ne·

135 2494 294 2575 gocium
309 2503 438 2558 tenent.
456 2491 542 2556 Mihi
557 2509 697 2573 quoque
711 2491 887 2555 interdurn
902 2491 1060 2554 laborem
1075 2492 1169 2553 leuat
1187 2487 1281 2551 idem
1299 2488 1374 2574 ipse

134 2601 184 2666 Ρ.
203 2599 348 2678 Rector‚
364 2600 447 2664 dum
463 2616 526 2678 per
541 2598 665 2662 horam
681 2599 830 2678 singulis
844 2597 918 2661 sere
933 2597 1054 2661 diebus
1073 2605 1210 2676 partem
1225 2594 1374 2674 discipu-

136 2712 281 2784 lorum,
306 2723 396 2788 quos
417 2707 492 2786 ipse
513 2705 625 2769 doceo
647 2705 864 2784 inferiorem,
892 2706 1072 2768 examinat
1096 2703 1192 2766 circa
1217 2704 1376 2782 ipsorum

136 2814 457 2894 compositionem,
473 2813 532 2894 qui
546 2821 670 2876 nostra
685 2813 751 2876 sub
766 2810 952 2890 disciplina
964 2820 1045 2874 sunt
1056 2826 1204 2873 numero
1216 2809 1313 2872 circa
1325 2809 1375 2871 vi·

136 2921 261 3002 giuti:
277 2937 365 3000 quos
380 2937 504 2984 omnes
518 2919 641 2983 diebus
657 2919 792 2982 saturni
808 2918 898 2982 inter
913 2936 951 2981 se
966 2918 1146 2998 disputare
1161 2916 1321 3005 iubemus
1333 2915 1376 2978 de

139 3028 261 3094 rebus
275 3028 329 3106 iis,
351 3045 440 3108 quas
462 3043 525 3108 per
547 3034 657 3091 totam
678 3025 774 3088 illam
795 3023 1053 3088 hebdomadam
1075 3023 1166 3087 inter
1188 3020 1377 3102 legendum
1438 3051 1443 3062 ·

138 3134 323 3201 notarint.
346 3133 452 3198 Nulla
472 3133 560 3198 mihi
580 3143 721 3215 praeter
740 3133 832 3196 hanc
855 3131 924 3194 alia
946 3131 1116 3194 incumbit
1138 3146 1241 3210 cura;
1263 3146 1375 3209 neque

136 3245 245 3308 hanc
261 3251 380 3305 tamen
395 3242 508 3304 solam
522 3249 596 3304 tam
610 3239 753 3304 sedulus
768 3256 866 3316 curo,
883 3248 921 3301 ut
936 3238 1024 3301 satis
1046 3237 1164 3302 debito
1187 3236 1198 3266 ¹
1222 3235 1307 3300 mihi
1321 3235 1375 3314 ‚fe-

137 3349 243 3414 cisse
259 3347 397 3411 uidear:
414 3347 478 3411 sed
491 3364 558 3410 nec
572 3347 648 3428 ipsa
664 3347 766 3410 nobis
780 3347 816 3409 in
828 3345 952 3410 melius
964 3344 1155 3426 aliquando
1168 3342 1376 3424 proficiendi

138 3472 233 3538 spes
248 3453 373 3518 defuit:
391 3463 517 3518 contra
532 3471 588 3518 me
603 3454 718 3533 ipsum
733 3469 865 3534 pugno,
883 3452 995 3516 donec
1010 3452 1163 3515 uincam.

209 3561 280 3626 Sed
295 3562 366 3626 iam
381 3560 425 3624 de
444 3561 574 3643 templo
600 3570 722 3625 nostro
747 3560 918 3624 dicamus.
945 3558 1020 3622 Iam
1045 3558 1246 3623 dealbatum
1261 3566 1316 3620 est
1331 3575 1376 3620 ex

140 3685 283 3750 magna
297 3679 411 3748 parte,
429 3687 472 3732 ac
487 3669 558 3733 cito
573 3667 648 3746 erit,
666 3678 704 3731 ut
724 3683 919 3747 speramus,
942 3676 1065 3730 toturn:
1088 3667 1200 3744 locuS,
1220 3664 1280 3745 qui
1299 3681 1376 3746 pro-

141 3777 269 3842 ximus
283 3786 337 3840 est
347 3775 456 3842 altari
468 3792 618 3854 summ0,
631 3775 783 3838 lateritio
795 3775 997 3854 pauimento
1009 3773 1209 3836 substratus
1220 3780 1285 3850 est,
1298 3771 1378 3834 inde

142 3882 323 3964 usquead
338 3881 523 3961 fornicem,
542 3883 603 3963 qui
616 3892 670 3946 est
685 3882 721 3945 in
741 3882 856 3946 medio
882 3880 1014 3962 templi,
1039 3879 1218 3942 asseribus
1240 3894 1378 3959 quoque

142 3991 416 4071 complanatum
432 3998 486 4052 est
501 3991 626 4053 solum:
643 3997 846 4070 astruentur
864 3987 967 4051 simul
986 3985 1120 4066 sedilia,
1145 4002 1225 4050 cum
1241 4001 1379 4048 asseres

141 4097 283 4163 suerint
297 4098 424 4162 siccati
437 4097 563 4176 magis:
581 4095 828 4176 Superioribus
839 4095 962 4159 diebus
977 4093 1219 4178 hebdomadae
1234 4101 1380 4178 sanctae

142 4207 195 4272 D.
211 4205 272 4270 illc
286 4204 500 4269 Laurentius
515 4201 537 4284 ³,
554 4203 596 4266 R.
624 4203 663 4267 Ρ.
690 4203 731 4267 T.
757 4202 973 4281 notissimus,
1002 4201 1210 4266 crucifixum
1235 4199 1381 4265 donauit

142 4331 365 4362 ,..-..-.-ὶ-

193 4413 202 4444 ¹
232 4411 263 4455 P.
277 4411 369 4455 Petrus
378 4409 504 4454 Prudene.

188 4483 203 4516 ¹
229 4483 290 4527 Vox
300 4483 365 4526 haec
375 4482 505 4536 debitas!
516 4482 619 4537 quidem
629 4482 667 4526 lta
677 4481 803 4536 scriptum
817 4487 864 4531 est,
878 4485 1025 4526 atramento
1042 4479 1096 4524 iere
1113 4483 1236 4534 cooperta
1251 4489 1302 4524 uon
1318 4479 1382 4524 satta

144 4564 390 4674 wrfflmentlus
399 4629 432 4674 de
441 4627 574 4682 virilibus.
586 4639 663 4684 quem
671 4628 715 4672 le
726 4627 830 4672 dubium
838 4637 895 4672 esse
904 4631 990 4684 potest
999 4637 1077 4672 uuum
1085 4625 1251 4682 eumdemque
1261 4635 1318 4670 esse
1326 4635 1384 4668 cum

145 4701 296 4749 umentia
305 4701 338 4746 de
348 4700 463 4747 castello
472 4701 511 4756 (ai
522 4700 643 4754 cadelim
652 4700 697 4746 del
708 4699 833 4753 Castalio).
849 4699 915 4744 Vlde
931 4697 1044 4744 Poenam
1062 4697 1214 4750 chronicon,
1229 4697 1385 4760 praesertim

146 4787 169 4820 t.
181 4785 219 4830 rr,
229 4783 292 4831 m.
302 4773 337 4828 Β,
347 4773 447 4821 umet
457 4779 544 4820 attunt.
554 4774 576 4819 3.
