3368 5528
381 523 435 588 562
762 521 934 586 errnnas
951 537 1224 594 ouanarunsraas

382 673 561 738 orationes
574 689 670 752 suaa,
686 687 775 754 quas
796 671 892 736 docti
915 680 996 736 sunt
1020 689 1041 735 a
1062 670 1282 754 presbyteris
1301 671 1490 740 Societatis
1507 670 1591 756 Jesu,

383 789 417 844 et
432 779 573 862 quando
588 779 734 843 audiunt
748 779 895 857 sacrat,

440 885 531 952 Fere
546 903 668 950 omnes
682 885 718 966 ii,
734 902 843 966 quum
857 884 1057 966 spiritualia
1071 885 1242 950 exercitia
1261 887 1396 967 primae
1419 887 1591 952 hebdoma·

384 993 448 1058 dae
462 993 676 1075 peregerint,
691 993 983 1086 gustaperintque
1003 991 1216 1070 orationum,
1237 994 1431 1059 lectionum
1451 1004 1485 1059 et
1501 993 1591 1057 collo·

277 1127 280 1132 ·
382 1102 545 1183 quiorum
558 1099 792 1182 spiritualium
809 1099 1041 1178 dulcedinem,
1064 1117 1109 1164 ne
1127 1099 1246 1164 sinant
1264 1102 1409 1166 omnino
1431 1117 1470 1164 se
1483 1099 1591 1166 eadem

383 1207 567 1274 dulcedine
580 1207 728 1288 priuari,
743 1207 872 1270 multas
886 1207 923 1270 in
942 1216 1063 1287 partes
1083 1223 1162 1270 sese
1184 1207 1433 1288 distinxerunt,
1455 1225 1496 1272 ac
1513 1207 1592 1270 inter

383 1333 421 1380 se
436 1316 609 1396 quosdam
627 1314 665 1378 in
683 1312 926 1395 spiritualibus
948 1313 1055 1378 rebus
1072 1313 1190 1393 magis
1209 1323 1375 1379 versatos
1393 1317 1590 1396 selegerunt,
1619 1347 1625 1364 ·

383 1433 421 1486 vt
436 1424 563 1486 horum
578 1421 725 1502 quisque
739 1437 863 1484 curam
877 1429 998 1500 gerat,
1015 1419 1158 1500 quidam
1179 1420 1222 1486 de
1242 1432 1339 1498 octo,
1360 1421 1468 1503 aliqui
1486 1422 1526 1486 de
1544 1421 1591 1483 de·

382 1546 471 1608 cem,
494 1545 652 1609 quosque
672 1527 717 1591 ad
737 1527 879 1608 aliquod
898 1532 1068 1606 templum
1082 1527 1205 1592 ducat:
1225 1527 1345 1608 ibique
1367 1527 1454 1592 Bw
1473 1527 1591 1592 Mariae

382 1634 554 1715 Virginis,
567 1651 679 1714 vsque
691 1633 736 1697 ad
747 1651 891 1712 nonam,
904 1643 1085 1714 antequan
1097 1633 1252 1698 confessi
1263 1636 1346 1714 sint,
1358 1635 1518 1702 horarias
1527 1651 1591 1715 pre·

382 1759 441 1806 ces
452 1743 604 1806 recitant
615 1741 730 1820 simul.
744 1739 882 1805 Deinde
894 1739 1106 1806 confitentur
1117 1750 1151 1805 et
1163 1757 1306 1805 sacram
1318 1742 1512 1824 suscipiunt
1522 1759 1591 1822 syn·

381 1850 493 1931 axim,
521 1850 661 1930 singulo
686 1865 823 1930 quoque
849 1849 905 1912 die
931 1847 1106 1912 dominico
1129 1857 1164 1913 et
1188 1846 1292 1914 sesto.
1319 1846 1423 1929 Quod
1447 1866 1529 1922 vero
1547 1849 1591 1911 eis

381 1961 553 2022 lestorum
566 1967 728 2038 superest
744 1956 892 2035 dierum,
909 1956 1069 2022 recitatis
1084 1955 1314 2036 completorio
1329 1969 1365 2020 et
1378 1968 1510 2038 septem
1521 1974 1590 2038 poe·

382 2064 621 2130 nitentialibus
635 2064 793 2145 psalmiS,
809 2073 942 2128 vacant
957 2047 1167 2128 lectionibus
1181 2062 1381 2145 diuinisque
1395 2065 1553 2146 eloquiis:
1563 2074 1591 2126 et

381 2175 455 2238 suis
480 2171 665 2254 colloquiis
684 2181 737 2235 tot
761 2170 924 2235 homines
948 2179 1160 2236 conuertunt
1185 2171 1455 2254 conducuntque
1478 2172 1521 2236 ad
1539 2189 1591 2236 no·

380 2292 493 2346 stram
507 2279 695 2345 ecclesiam
711 2278 757 2343 ad
772 2277 1020 2358 confitendum,
1039 2287 1076 2342 vt
1089 2287 1203 2342 totum
1217 2295 1273 2343 me
1293 2287 1537 2346 commoneant
1553 2277 1591 2342 ad

378 2405 547 2468 magnam
567 2385 870 2468 compassionem,
897 2401 1007 2466 quum
1030 2385 1172 2451 videam
1193 2387 1272 2450 illos
1290 2404 1424 2467 magno
1447 2405 1523 2452 cum
1541 2386 1591 2450 do·

261 2577 267 2592 .
378 2500 452 2561 lore
470 2495 638 2562 recedere
661 2511 731 2558 non
754 2495 912 2558 valentes
932 2491 1104 2572 confiteri,
1125 2511 1239 2574 neque
1259 2494 1524 2559 instructionem
1538 2493 1592 2557 ali·

379 2621 485 2686 quam
499 2614 562 2669 aut
583 2601 710 2667 orandi
733 2601 877 2666 modum
898 2601 1182 2681 generaliterque
1203 2599 1395 2666 confitendi
1412 2601 1590 2682 suscipere,

380 2722 417 2776 vt
432 2712 652 2776 desiderant:
671 2719 705 2774 et
719 2727 762 2774 eo
776 2709 893 2789 magis
908 2725 964 2772 me
983 2716 1140 2786 mouent,
1160 2723 1231 2789 quo
1251 2725 1373 2774 eorum
1392 2726 1458 2790 pro
1478 2707 1592 2772 maiori

376 2829 478 2901 parte
493 2835 602 2902 quum
616 2818 687 2882 sint
701 2833 889 2900 pauperes,
905 2813 1071 2898 protestis
1088 2815 1214 2880 diebus
1232 2817 1397 2898 supplere
1415 2823 1591 2898 nequeunt,

378 2936 519 3008 oportet
534 2927 627 2990 enirn
643 2941 705 2989 eos
720 2925 883 2989 laborare
898 2934 937 2988 vt
953 2925 1088 2988 viuant.

438 3033 554 3115 Quum
569 3043 705 3116 septem
719 3034 875 3114 psalmos
889 3031 1160 3112 poenitentiales
1175 3032 1211 3096 in
1226 3033 1377 3096 ecclesia
1396 3033 1591 3112 interpreta-

376 3159 435 3216 rer
450 3145 552 3224 (quos
566 3141 684 3207 dimisi
697 3149 844 3222 propter
857 3141 1036 3220 publicam
1051 3138 1324 3221 prohibitionem
1339 3158 1360 3204 a
1376 3139 1529 3204 dominio
1545 3155 1592 3202 sa·

376 3251 499 3315 nitatis
513 3250 646 3315 iactam
669 3267 690 3312 a
711 3247 885 3331 principio
907 3247 1067 3329 pestiferi
1086 3247 1268 3328 temporis,
1287 3265 1333 3312 ne
1353 3249 1433 3328 quis
1453 3247 1592 3330 amplius

376 3358 433 3424 hic
448 3357 746 3436 concionaretur),
763 3355 929 3437 frequens
944 3353 1135 3419 admodum
1149 3355 1275 3419 adesse
1289 3355 1426 3420 solebat
1438 3357 1590 3437 populus,

377 3466 437 3548 qui
452 3476 551 3530 tanta
567 3466 773 3544 attentione,
789 3462 929 3528 silentio
944 3479 988 3526 ac
1003 3462 1188 3527 deuotione
1199 3461 1388 3528 videbatur
1398 3480 1455 3527 me
1466 3463 1591 3528 auscul-

376 3584 465 3652 tare,
493 3583 532 3636 vt
558 3573 620 3638 vix
645 3571 763 3636 dicere
787 3585 941 3651 possem.
965 3568 1005 3633 ld
1029 3571 1123 3650 quod
1143 3569 1231 3633 mibi
1255 3570 1438 3634 occasioni
1461 3571 1535 3647 fuit,
1558 3577 1591 3629 vt

377 3697 518 3746 ornnem
547 3683 621 3744 tere
642 3679 784 3746 solitum
811 3694 929 3743 meum
956 3677 1122 3742 ruborem
1146 3677 1245 3742 illum
1266 3693 1330 3742 seu
1349 3677 1591 3743 verecundiam

379 3789 499 3871 (quam
514 3797 549 3852 te
563 3803 669 3851 nosse
685 3785 850 3864 arbitror)
866 3793 1015 3848 conatus
1029 3785 1096 3848 sim
1110 3801 1132 3848 a
1146 3801 1203 3848 me
1218 3784 1388 3850 abiicere:
1410 3771 1488 3850 erat
1505 3801 1590 3850 nam·
1666 3801 1667 3828 ³

377 3915 445 3979 que
460 3895 547 3960 mihi
562 3895 598 3958 in
612 3909 735 3972 causa,
750 3903 790 3956 vt
803 3891 920 3973 inepte
942 3891 1132 3956 admodum
1151 3893 1271 3957 omnia
1289 3889 1465 3975 efferrem,
1482 3893 1592 3972 sicque

374 4003 584 4086 r'ncr'pr'ebam
598 4002 722 4081 magis
735 3998 1028 4081 complacentiam
1042 3997 1256 4078 angleriam
1267 4016 1415 4080 vanam,
1427 4017 1531 4081 quam
1541 4015 1591 4062 ue·

376 4111 584 4178 recundr'am
599 4115 662 4173 aut
678 4107 857 4186 ruborem,
870 4107 1006 4171 timere.

438 4219 530 4284 ilinc
545 4219 617 4283 iam
631 4217 709 4282 Tua
723 4215 808 4280 ΚΜ·
824 4215 1108 4280 animaduertere
1122 4223 1239 4296 potest
1254 4214 1338 4297 quid
1351 4213 1462 4298 fieret,
1477 4212 1592 4298 siquis
1665 4305 1666 4314 ἵ

381 4347 428 4394 ex
441 4337 565 4392 nostra
580 4323 770 4404 Societate,
785 4323 981 4404 exemplari
995 4339 1039 4386 ac
1052 4333 1178 4387 sancta
1188 4323 1265 4387 vita
1275 4341 1319 4389 ac
1329 4323 1492 4390 doctrina
1502 4339 1592 4406 prae·

379 4439 485 4512 ditus,
502 4433 559 4498 hic
575 4433 859 4511 concionaretur,
876 4431 1017 4512 quando
1039 4439 1139 4496 tanta
1158 4429 1347 4496 deuotione
1367 4443 1473 4515 atque
1491 4441 1592 4498 atten-

377 4546 473 4609 tione
500 4559 568 4622 me,
594 4556 774 4605 summum
795 4539 955 4602 omnium
971 4543 1196 4618 peccatorem
1217 4543 1323 4618 atque
1343 4539 1524 4604 indoctum
1542 4539 1590 4620 (ol

380 4652 455 4715 Tua
470 4649 517 4714 R.
534 4648 616 4712 bene
638 4647 767 4728 nouit),
787 4661 910 4709 omnes
930 4645 1220 4711 auscultauerint.
1241 4645 1466 4731 Quapropter
1481 4646 1589 4712 Domi·

375 4776 459 4824 num
475 4766 509 4821 et
525 4755 638 4820 Tuam
652 4751 695 4818 R.
710 4770 849 4835 precor,
867 4762 906 4816 vt
921 4753 1113 4834 dignemini
1133 4755 1339 4835 prospicere
1358 4756 1536 4824 deuotioni
1551 4771 1588 4818 ac
