3472 5528
542 474 545 484 Ι
634 548 697 606 An.
715 536 788 607 ’1556
1267 535 1320 608 227

157 799 424 882 Superscriptto
445 802 484 864 in
503 808 635 883 quarta
650 804 808 884 pagiua:
832 763 918 866 IhS.
939 803 985 866 Al
1005 820 1088 883 muy
1111 802 1187 865 R.(¹⁰
1207 802 1322 867 Padre

89 919 240 973 ·nuestro
255 927 299 972 en
314 908 456 974 Christo
470 927 546 973 nro.
564 909 601 974 P.
619 910 681 973 Mt
699 911 842 990 lgnacio
855 909 898 973 de
909 909 1057 991 Loyola,
1070 910 1251 991 Preposito
1264 928 1321 990 ge·

106 1019 196 1079 neral
210 1017 253 1079 de
267 1017 301 1080 la
317 1016 513 1096 Companla
529 1017 572 1079 de
586 1017 699 1099 Jesus,
716 1035 760 1080 en
777 1016 899 1080 Roma.

157 1121 241 1185 Alta
256 1139 380 1186 manu:
399 1123 484 1186 1556.
503 1123 673 1188 Granata.
692 1123 976 1202 Quadrimestres
993 1122 1065 1187 vlt.¹
1086 1123 1229 1205 Aprilis,

167 1230 364 1310 Vestigium
378 1247 478 1293 cerae
491 1231 620 1310 sigilli.
650 1311 652 1317 Ι

463 1501 478 1538 S

259 1899 449 1946 Praecedentes
460 1897 586 1946 P'atrisN.
600 1899 661 1945 Rulz
674 1901 778 1946 litterae
791 1914 806 1944 e
819 1899 844 1944 Ρ.
859 1901 968 1945 Polanco
977 1901 1131 1946 emendatae
1142 1901 1167 1960 ¹,

676 2121 750 2234 uis

163 2411 292 2476 Gratia
309 2422 344 2476 et
360 2431 429 2493 pax
445 2412 588 2475 Domini
602 2413 716 2475 nostri
730 2413 803 2476 Ihu.
821 2410 952 2475 Christi
967 2412 1012 2475 sit
1032 2429 1171 2493 semper
1186 2413 1221 2476 in
1237 2413 1325 2476 dies·

110 2535 174 2600 que
189 2529 327 2584 crescat
342 2520 378 2582 in
390 2519 555 2583 cordibus
570 2519 711 2582 nostris.
733 2518 855 2582 Amen.

159 2625 273 2690 Tanta
288 2637 343 2690 est
359 2626 455 2689 vrbis
480 2625 584 2689 huius
602 2641 689 2704 erga
711 2630 873 2687 nostram
898 2625 1106 2688 Societatem
1126 2625 1267 2689 dilectio
1283 2643 1325 2690 ac

105 2729 250 2810 deuotio,
273 2731 464 2796 admodum
487 2731 693 2796 Reuerende
719 2733 754 2794 in
780 2733 921 2795 Christo
945 2731 1060 2810 Pater,
1086 2741 1126 2795 vt
1148 2742 1182 2795 et
1202 2735 1326 2797 merito

105 2841 321 2918 erubescere,
347 2849 381 2902 et
407 2839 568 2903 Creatori
594 2856 636 2902 ac
662 2837 888 2919 Redemptori
912 2849 1035 2902 nostro
1060 2842 1197 2916 gratias
1219 2857 1327 2920 agere

105 2944 302 3010 debeamus.
319 2945 411 3009 Hinc
427 2947 520 3009 enim
536 2955 672 3008 tantum
687 2946 848 3025 prouenit
862 2946 1099 3024 emolumenti,
1112 2957 1185 3010 tam
1198 2948 1233 3010 in
1246 2965 1326 3010 con-

106 3051 260 3115 cionibus
285 3051 646 3132 confessionibusque,
673 3069 778 3130 quam
802 3052 838 3114 in
864 3053 942 3113 aliis
965 3051 1077 3114 nostri
1097 3053 1246 3116 instituti
1266 3055 1325 3117 mi·

106 3157 267 3237 nisteriis,
283 3159 411 3238 quibus
426 3159 625 3222 animarum
640 3159 746 3221 saluti
765 3159 969 3236 consulitur,
991 3168 1030 3221 vt
1053 3159 1157 3223 facile
1173 3161 1326 3240 perspici

108 3268 214 3342 possit
228 3265 343 3329 Deum
360 3265 541 3346 Optimum
556 3265 828 3345 Maximumque,
846 3275 991 3346 propter
1010 3266 1153 3330 nimiam
1175 3269 1327 3332 charita·

106 3381 184 3451 tem,
206 3375 298 3436 hanc
318 3373 437 3454 populi
457 3371 680 3436 deuotionem
702 3374 877 3435 excitasse
903 3382 940 3435 vt
961 3373 1031 3452 illa,
1058 3375 1153 3437 uelut
1173 3377 1326 3454 quodam

106 3476 219 3558 ham0,
235 3480 396 3544 homines
411 3479 602 3543 sceleribus
614 3481 799 3542 immersos
814 3479 859 3542 ad
875 3497 912 3542 se
928 3481 1095 3542 alliceret.

161 3585 336 3667 Imprimis
361 3603 514 3666 namque
538 3587 691 3666 plurimi,
719 3604 799 3648 cum
825 3603 976 3666 magnae
1001 3587 1163 3650 utilitatis
1188 3591 1326 3668 experi-

106 3703 232 3772 mento,
248 3693 463 3774 generaliter
478 3693 630 3756 confessi
646 3703 737 3770 sunt,
754 3709 903 3774 quorum
915 3694 1020 3757 saluti
1032 3695 1134 3757 aliter
1146 3695 1327 3758 subueniri

106 3817 173 3863 non
189 3810 340 3881 poterat:
356 3801 416 3880 qui
430 3800 648 3863 solitieront
663 3801 709 3863 ad
729 3800 796 3862 hoc
819 3811 1082 3864 sacramentum
1097 3810 1265 3882 tanquam
1282 3802 1326 3865 ad

106 3924 179 3970 rem
194 3909 294 3989 parui
317 3908 485 3971 momenti
506 3907 682 3986 accedere,
701 3916 735 3968 et
755 3907 894 3970 animae
911 3910 1058 3970 vulnera
1080 3909 1238 3971 exterius
1258 3927 1321 3972 me·

106 4011 179 4076 deri
210 4015 430 4078 conabantur
460 4014 608 4076 interius
632 4013 773 4094 putrida
800 4023 905 4094 atque
931 4015 1047 4078 letalia
1079 4016 1326 4096 relinquentes.

107 4117 248 4186 Plurimi
263 4121 340 4194 alii,
356 4138 376 4183 a
392 4129 487 4183 statu
508 4121 646 4201 peccati
671 4120 891 4184 discedentes
913 4139 975 4200 per
992 4123 1261 4200 confessionem,
1284 4124 1329 4186 ad

106 4231 240 4289 statum
253 4225 388 4290 salutis
402 4233 435 4290 et
452 4228 545 4290 vitae
566 4228 719 4306 regressi
735 4235 826 4300 sunt,
844 4229 934 4289 inter
955 4245 1042 4308 quos
1062 4231 1252 4308 quamdam
1269 4247 1327 4311 pu·

106 4333 232 4397 blicam
257 4334 490 4410 meretricem,
518 4345 556 4396 vt
582 4334 678 4397 Deus
702 4336 735 4397 in
761 4335 923 4398 omnibus
948 4335 1175 4414 glorificetur,
1190 4337 1328 4400 silentio

102 4443 301 4518 praeterire
316 4459 386 4504 non
403 4450 536 4520 potero,
553 4459 655 4520 quae,
673 4459 752 4504 cum
767 4443 912 4504 multum
927 4442 1095 4520 temporis
1111 4443 1183 4504 suis
1198 4444 1328 4506 fallaci·

106 4547 168 4612 bus
185 4550 302 4612 verbis
315 4549 360 4611 ad
370 4551 518 4627 peccata
538 4548 694 4610 homines
714 4547 905 4624 allexisset,
928 4549 1111 4612 cuiusdam
1133 4550 1254 4612 nostri
1275 4569 1330 4612 sa-

148 4789 157 4824 t
187 4787 288 4842 Omnia,
299 4799 363 4844 quse
372 4789 473 4834 italicis
481 4789 678 4832 characteribus
686 4787 848 4840 exhibentur,
857 4793 915 4831 sunt
924 4789 1004 4842 ipsius
1015 4789 1119 4834 Polancl
1128 4803 1204 4837 manu
1213 4803 1332 4839 exarare.
