3504 5532
667 535 731 598 Aa.
757 535 826 597 155⁶
1006 507 1010 518 '
1309 537 1357 600 rat

132 677 368 744 diebuslunae
382 680 418 744 in
433 683 563 763 templo
577 681 660 748 Diui
673 669 829 767 Josephi,
856 684 950 765 quod
974 701 1056 749 cum
1078 683 1231 752 dirutum
1251 693 1357 766 esset,

131 795 165 850 et
178 788 292 852 altera
307 787 528 854 hebdomada
546 788 840 872 quadragesimae
851 791 1071 856 reaedificari
1085 793 1270 872 coepisset,
1286 809 1358 857 non

131 893 242 974 potuit
252 911 342 976 opus
353 896 557 962 inchoatum
567 896 806 979 perficerem
817 915 887 980 quo
898 898 1122 964 indicabatur
1133 916 1356 980 sarracenos,

131 1002 328 1082 quiaiuxta
343 1003 412 1067 boc
426 1005 594 1086 templum
610 1004 781 1083 habitant,
802 1021 972 1084 magnam
996 1005 1185 1072 utilitatem
1209 1023 1287 1072 esse
1301 1025 1357 1070 ca·
1414 1046 1422 1064 ·

129 1119 265 1190 pturos,
277 1109 450 1193 siquidem
462 1129 504 1175 eo
518 1111 740 1178 familiariter
754 1122 912 1192 vtuntur,
928 1123 963 1177 et
977 1115 1204 1195 quamplures
1222 1130 1268 1178 ex
1289 1113 1357 1178 illis
1403 1159 1407 1165 -

129 1218 336 1297 praedicant
351 1237 389 1282 se
410 1235 541 1283 amare.

187 1323 323 1390 Deniae
338 1325 568 1391 concionatus
591 1335 645 1392 est
668 1344 733 1408 per
756 1327 849 1392 idem
874 1336 1013 1410 tempus
1038 1327 1165 1393 Frater
1184 1327 1354 1409 Magister

127 1431 311 1512 Martinez,
327 1433 427 1498 cuius
442 1433 631 1499 conciones
650 1435 810 1515 plurimis
832 1435 935 1499 utiles
954 1443 989 1500 et
1003 1434 1177 1500 iucundae
1198 1435 1353 1500 luerunt.

127 1537 230 1604 Multi
240 1541 338 1605 illum
350 1550 521 1622 perpetuo
529 1540 717 1606 audiebant
730 1542 779 1606 ita
791 1551 936 1620 attente,
950 1551 999 1620 vt,
1012 1543 1152 1607 tametsi
1165 1540 1353 1624 aliquando

129 1646 308 1727 prolixus,
336 1665 474 1729 semper
501 1658 618 1713 tamen
647 1648 765 1714 breuis
793 1665 871 1714 esse
900 1649 1091 1714 videretur.
1121 1648 1256 1714 Eodem
1283 1667 1355 1714 vna

127 1754 310 1836 proiectus
325 1764 379 1820 est
392 1754 499 1820 Pater
513 1755 720 1836 designatus
747 1756 932 1836 Rogelius,
956 1766 997 1820 vt
1011 1755 1124 1822 officio
1145 1757 1354 1822 confessarii

126 1861 347 1942 iungeretur,
363 1862 400 1926 in
415 1879 484 1944 quo
498 1870 572 1926 tarn
586 1872 682 1928 recte
698 1879 736 1927 se
750 1864 873 1944 gessit,
893 1873 933 1927 vt
954 1864 1084 1928 multos
1102 1864 1148 1928 ad
1168 1881 1271 1929 vsum
1285 1863 1351 1929 sre-

125 1969 294 2050 quentem
307 1977 613 2034 sacramentorum
631 1970 865 2035 consessionis
889 1979 925 2034 et
946 1987 1072 2035 sacrae
1096 1971 1353 2036 communionis

126 2075 315 2140 induxerit.
333 2075 463 2140 Multae
478 2074 677 2142 discordiae
691 2086 796 2158 atque
811 2077 890 2142 lites
910 2093 1032 2142 eorum
1054 2094 1162 2159 opera
1181 2079 1351 2161 composi·
1392 2153 1393 2156 Ἴ

125 2194 183 2250 tae
199 2182 351 2247 fuerunt.
368 2182 529 2248 Aderant
543 2184 654 2261 multi,
671 2185 797 2266 qulbus
812 2200 915 2249 nemo
930 2192 1070 2265 poterat
1083 2184 1299 2266 persuadere
1313 2196 1352 2250 vt

124 2289 329 2372 frequenter
343 2307 409 2354 sua
422 2299 570 2372 peccata
583 2290 844 2368 confiterentur,
858 2292 984 2356 saltem
994 2292 1049 2356 bis
1060 2301 1122 2356 aut
1133 2300 1187 2357 ter
1198 2292 1234 2356 in
1245 2309 1350 2370 anno,

124 2397 185 2477 qui
218 2397 422 2462 eorumdem
453 2397 751 2464 admonitionibus
777 2398 902 2463 crebro
927 2407 1051 2479 postea
1079 2399 1350 2465 confessisunt.

124 2503 221 2585 Quid
233 2503 388 2569 reseram
400 2504 541 2569 turbam
551 2505 734 2570 hominum
746 2502 864 2570 ad'eos
875 2506 1008 2586 passim
1025 2506 1298 2571 convenientiun
1312 2515 1351 2571 vt

123 2611 267 2676 illorum
280 2611 437 2676 consiliis
452 2629 473 2675 a
487 2612 599 2676 variis
613 2611 784 2677 molestiis
794 2621 830 2676 et
845 2611 1093 2677 afflictionibus
1103 2613 1351 2678 liberarentur?

122 2735 217 2801 quae
230 2726 330 2784 tanta
342 2728 432 2798 erat,
444 2728 483 2783 vt
497 2720 560 2784 vix
570 2720 722 2800 negotiis
733 2719 1038 2801 propriispossent
1049 2719 1266 2786 satisfacere.
1281 2719 1350 2786 Do·

122 2827 195 2890 cuit
206 2833 283 2890 toto
298 2835 469 2907 tempore,
481 2844 550 2907 quo
564 2826 612 2892 ibi
625 2828 760 2891 versati
774 2837 868 2906 sunt,
895 2825 933 2890 P.
961 2825 1129 2906 Rogelius
1151 2828 1351 2892 doctrinam

122 2933 359 2998 christianam
370 2950 511 3014 pueros,
537 2933 573 2998 in
596 2951 666 3016 qua
690 2934 839 2998 aderant
862 2943 897 2997 et
922 2935 1075 2998 maiores
1100 2944 1197 3014 natu,
1219 2951 1264 2998 ex
1281 2952 1350 3015 qua

123 3057 249 3106 omnes
259 3041 416 3105 sentiunt
428 3057 597 3121 magnum
607 3041 761 3105 fructum
772 3041 983 3122 percepisse.
999 3040 1147 3105 Factum
1162 3050 1216 3105 est
1230 3041 1347 3120 etiam,

122 3146 290 3229 precibus
303 3147 646 3212 etadmonitionlbus
656 3146 860 3212 eorumdem
874 3155 1026 3228 patrum.
1037 3157 1087 3226 vt,
1102 3147 1218 3212 edicto
1226 3148 1351 3228 guber·

120 3255 259 3320 natoris
267 3264 301 3318 et
313 3254 554 3332 consulum,in
563 3256 680 3335 platea
688 3253 828 3336 publica
836 3253 915 3318 libri
924 3254 1098 3336 prophani
1106 3255 1351 3319 combureren-

120 3372 191 3443 mr,
210 3371 315 3444 atque
326 3361 536 3426 immodicus
547 3361 777 3428 saltationum
787 3377 872 3424 rsus
883 3368 1174 3442 caeterorumque
1186 3362 1350 3427 ludorum

119 3469 383 3551 prohiberetur,
404 3468 591 3550 exquibus
611 3468 724 3532 hostis
738 3467 902 3550 perennis
916 3476 1064 3533 naturae
1087 3467 1264 3533 humanae
1278 3486 1349 3534 non

119 3577 290 3659 exiguum
306 3575 530 3641 commodum
554 3575 727 3657 capiebat.
754 3575 1004 3640 confessiones
1029 3574 1190 3640 Gandiae
1208 3575 1351 3641 luerunt

119 3684 313 3752 admodum
336 3685 539 3766 frequentes
564 3691 640 3748 tota
664 3684 947 3766 quadragesima.
975 3681 1109 3747 Eodem
1131 3692 1289 3764 tempore
1304 3684 1350 3748 ad

119 3793 387 3876 percipiendam
402 3807 543 3857 sacram
557 3792 853 3871 communionem,
869 3800 905 3856 et
925 3799 1006 3872 post
1027 3789 1172 3870 pascha,
1189 3789 1288 3854 multi
1304 3791 1349 3855 ad

119 3917 185 3965 nos
201 3900 407 3982 frequenter
431 3909 669 3964 accesserunt.
692 3892 864 3962 Doctrina
889 3898 1083 3963 christiana
1104 3896 1244 3978 publica
1264 3913 1348 3962 con·

119 4009 223 4074 cione
233 4007 358 4072 diebus
373 4006 559 4072 dominicis
577 4005 724 4070 docetur
749 4023 770 4068 a
795 4004 900 4070 Patre
922 4015 1044 4070 nostro
1069 4003 1257 4084 Roderico,
1278 4022 1349 4088 qua

118 4113 230 4194 linita,
253 4115 355 4196 pueri
379 4113 416 4178 in
438 4113 563 4178 eadem
586 4111 776 4176 familiater
793 4113 1031 4190 instruuntur,
1061 4111 1164 4192 idque
1186 4129 1258 4176 non
1272 4113 1348 4176 sine

118 4221 310 4288 manifesta
334 4199 487 4286 vtilitate
511 4222 718 4300 multorum,
746 4236 960 4301 quamquam
985 4218 1158 4283 eiusmodi
1189 4226 1347 4300 tempore

116 4327 434 4410 quadragesimae,
454 4345 524 4409 quo
544 4327 687 4392 liberius
712 4333 885 4391 vacarent
909 4343 1031 4390 omnes
1057 4324 1241 4390 audiendis
1265 4343 1345 4390 con·

115 4437 290 4515 tionibus,
305 4435 580 4502 exercitationes
591 4445 625 4498 et
640 4433 756 4499 studia
770 4433 971 4499 intermissa
990 4442 1082 4497 sunt.
1105 4431 1287 4498 Hactenus
1301 4433 1345 4498 de

115 4543 376 4623 communibus,
390 4559 485 4607 nunc
500 4542 544 4607 de
558 4541 767 4622 quibusdam
787 4541 1026 4622 singularibus
1047 4539 1152 4604 rebus
1170 4539 1282 4621 gestis
1295 4538 1345 4605 la·

117 4651 212 4716 ciam
225 4659 262 4714 te
281 4649 481 4714 certiorem.

178 4757 270 4828 Cum
285 4757 385 4828 multi
398 4757 612 4844 gandienses
623 4759 668 4823 ob
682 4757 828 4828 caedem
839 4755 944 4828 unius
955 4755 1151 4846 inciperent
1161 4753 1197 4826 iu
1212 4754 1344 4824 discor·
