<?xml version="1.0" encoding="UTF-8"?>
<!DOCTYPE html PUBLIC "-//W3C//DTD XHTML 1.0 Transitional//EN"
    "http://www.w3.org/TR/xhtml1/DTD/xhtml1-transitional.dtd">
<html xmlns="http://www.w3.org/1999/xhtml" xml:lang="en" lang="en">
 <head>
  <title>
</title>
<meta http-equiv="Content-Type" content="text/html;charset=utf-8" />
  <meta name='ocr-system' content='tesseract 3.04.00' />
  <meta name='ocr-capabilities' content='ocr_page ocr_carea ocr_par ocr_line ocrx_word'/>
</head>
<body>
  <div class='ocr_page' id='page_1' title='image "./litteraequadrim00jesugoog/litteraequadrim00jesugoog_0322.png"; bbox 0 0 3410 5528; ppageno 0'>
   <div class='ocr_carea' id='block_1_1' title="bbox 415 527 1258 600">
    <p class='ocr_par' dir='ltr' id='par_1_1' title="bbox 415 527 1258 600">
     <span class='ocr_line' id='line_1_1' title="bbox 415 527 1258 600; baseline 0.004 -12"><span class='ocrx_word' id='word_1_1' title='bbox 415 528 469 589; x_wconf 85' lang='lat' dir='ltr'><strong>3l6</strong></span> <span class='ocrx_word' id='word_1_2' title='bbox 798 527 968 591; x_wconf 79' lang='lat' dir='ltr'><strong>erruaaa</strong></span> <span class='ocrx_word' id='word_1_3' title='bbox 987 547 1258 600; x_wconf 76' lang='lat' dir='ltr'><strong>Quanamasraas</strong></span> 
     </span>
    </p>
   </div>
   <div class='ocr_carea' id='block_1_2' title="bbox 416 665 1698 4404">
    <p class='ocr_par' dir='ltr' id='par_1_2' title="bbox 416 665 1698 3874">
     <span class='ocr_line' id='line_1_2' title="bbox 416 665 1632 759; baseline 0.002 -21"><span class='ocrx_word' id='word_1_4' title='bbox 416 677 509 739; x_wconf 89' lang='lat' dir='ltr'><strong>t&#39;orte</strong></span> <span class='ocrx_word' id='word_1_5' title='bbox 524 693 595 741; x_wconf 91' lang='lat' dir='ltr'><strong>non</strong></span> <span class='ocrx_word' id='word_1_6' title='bbox 613 676 793 756; x_wconf 87' lang='lat' dir='ltr'><strong>ingratum</strong></span> <span class='ocrx_word' id='word_1_7' title='bbox 813 677 984 742; x_wconf 82' lang='lat' dir='ltr'><strong>futurum:</strong></span> <span class='ocrx_word' id='word_1_8' title='bbox 1001 687 1054 741; x_wconf 91' lang='lat' dir='ltr'><strong>est</strong></span> <span class='ocrx_word' id='word_1_9' title='bbox 1070 678 1138 742; x_wconf 90' lang='lat' dir='ltr'><strong>bac</strong></span> <span class='ocrx_word' id='word_1_10' title='bbox 1153 679 1189 742; x_wconf 92' lang='lat' dir='ltr'><strong>in</strong></span> <span class='ocrx_word' id='word_1_11' title='bbox 1203 680 1291 742; x_wconf 89' lang='lat' dir='ltr'><strong>vrbe</strong></span> <span class='ocrx_word' id='word_1_12' title='bbox 1311 665 1632 759; x_wconf 61' lang='lat' dir='ltr'><strong>mulier‘quaedam,</strong></span> 
     </span>
     <span class='ocr_line' id='line_1_3' title="bbox 416 783 1698 864; baseline 0.002 -18"><span class='ocrx_word' id='word_1_13' title='bbox 416 799 522 864; x_wconf 90' lang='lat' dir='ltr'><strong>quam</strong></span> <span class='ocrx_word' id='word_1_14' title='bbox 537 785 717 848; x_wconf 86' lang='lat' dir='ltr'><strong>masculae</strong></span> <span class='ocrx_word' id='word_1_15' title='bbox 732 783 839 848; x_wconf 90' lang='lat' dir='ltr'><strong>animi</strong></span> <span class='ocrx_word' id='word_1_16' title='bbox 859 785 1008 848; x_wconf 90' lang='lat' dir='ltr'><strong>virtutes</strong></span> <span class='ocrx_word' id='word_1_17' title='bbox 1025 785 1302 849; x_wconf 85' lang='lat' dir='ltr'><strong>cumulatissime</strong></span> <span class='ocrx_word' id='word_1_18' title='bbox 1317 785 1559 864; x_wconf 87' lang='lat' dir='ltr'><strong>nobilitarunt,</strong></span> <span class='ocrx_word' id='word_1_19' title='bbox 1582 803 1634 849; x_wconf 92' lang='lat' dir='ltr'><strong>cu·</strong></span> <span class='ocrx_word' id='word_1_20' title='bbox 1697 791 1698 826; x_wconf 72' lang='lat' dir='ltr'><strong>l</strong></span> 
     </span>
     <span class='ocr_line' id='line_1_4' title="bbox 417 890 1632 973; baseline 0.001 -20"><span class='ocrx_word' id='word_1_21' title='bbox 417 890 472 953; x_wconf 92' lang='lat' dir='ltr'><strong>ius</strong></span> <span class='ocrx_word' id='word_1_22' title='bbox 487 890 648 966; x_wconf 78' lang='lat' dir='ltr'><strong>marituS,</strong></span> <span class='ocrx_word' id='word_1_23' title='bbox 665 908 687 955; x_wconf 89' lang='lat' dir='ltr'><strong>a</strong></span> <span class='ocrx_word' id='word_1_24' title='bbox 702 891 846 955; x_wconf 92' lang='lat' dir='ltr'><strong>turcicis</strong></span> <span class='ocrx_word' id='word_1_25' title='bbox 864 891 991 973; x_wconf 90' lang='lat' dir='ltr'><strong>piratis</strong></span> <span class='ocrx_word' id='word_1_26' title='bbox 1009 900 1150 972; x_wconf 75' lang='lat' dir='ltr'><strong>captuS,</strong></span> <span class='ocrx_word' id='word_1_27' title='bbox 1176 892 1211 955; x_wconf 91' lang='lat' dir='ltr'><strong>in</strong></span> <span class='ocrx_word' id='word_1_28' title='bbox 1231 893 1385 956; x_wconf 88' lang='lat' dir='ltr'><strong>vinculis</strong></span> <span class='ocrx_word' id='word_1_29' title='bbox 1405 893 1632 958; x_wconf 84' lang='lat' dir='ltr'><strong>detinebatur:</strong></span> 
     </span>
     <span class='ocr_line' id='line_1_5' title="bbox 418 993 1698 1081; baseline 0.008 -22"><span class='ocrx_word' id='word_1_30' title='bbox 418 997 494 1076; x_wconf 92' lang='lat' dir='ltr'><strong>illa,</strong></span> <span class='ocrx_word' id='word_1_31' title='bbox 522 997 721 1078; x_wconf 85' lang='lat' dir='ltr'><strong>coniugalis</strong></span> <span class='ocrx_word' id='word_1_32' title='bbox 740 1000 873 1062; x_wconf 90' lang='lat' dir='ltr'><strong>amoris</strong></span> <span class='ocrx_word' id='word_1_33' title='bbox 899 1017 970 1062; x_wconf 89' lang='lat' dir='ltr'><strong>non</strong></span> <span class='ocrx_word' id='word_1_34' title='bbox 990 999 1189 1080; x_wconf 89' lang='lat' dir='ltr'><strong>immemor,</strong></span> <span class='ocrx_word' id='word_1_35' title='bbox 1212 1001 1266 1080; x_wconf 91' lang='lat' dir='ltr'><strong>id,</strong></span> <span class='ocrx_word' id='word_1_36' title='bbox 1287 1000 1380 1081; x_wconf 92' lang='lat' dir='ltr'><strong>quod</strong></span> <span class='ocrx_word' id='word_1_37' title='bbox 1402 1017 1513 1064; x_wconf 88' lang='lat' dir='ltr'><strong>vnum</strong></span> <span class='ocrx_word' id='word_1_38' title='bbox 1532 1001 1635 1081; x_wconf 89' lang='lat' dir='ltr'><strong>potuit</strong></span> <span class='ocrx_word' id='word_1_39' title='bbox 1697 993 1698 1069; x_wconf 73' lang='lat' dir='ltr'><strong>l</strong></span> 
     </span>
     <span class='ocr_line' id='line_1_6' title="bbox 416 1089 1633 1188; baseline 0.002 -21"><span class='ocrx_word' id='word_1_40' title='bbox 416 1113 611 1184; x_wconf 87' lang='lat' dir='ltr'><strong>praestare,</strong></span> <span class='ocrx_word' id='word_1_41' title='bbox 628 1121 764 1169; x_wconf 90' lang='lat' dir='ltr'><strong>summa</strong></span> <span class='ocrx_word' id='word_1_42' title='bbox 779 1105 847 1170; x_wconf 87' lang='lat' dir='ltr'><strong>fide</strong></span> <span class='ocrx_word' id='word_1_43' title='bbox 862 1089 1050 1188; x_wconf 82' lang='lat' dir='ltr'><strong>praestitit:</strong></span> <span class='ocrx_word' id='word_1_44' title='bbox 1063 1107 1218 1188; x_wconf 89' lang='lat' dir='ltr'><strong>quotidie</strong></span> <span class='ocrx_word' id='word_1_45' title='bbox 1230 1108 1375 1173; x_wconf 89' lang='lat' dir='ltr'><strong>crebras</strong></span> <span class='ocrx_word' id='word_1_46' title='bbox 1387 1107 1633 1185; x_wconf 83' lang='lat' dir='ltr'><strong>confessiones,</strong></span> 
     </span>
     <span class='ocr_line' id='line_1_7' title="bbox 417 1210 1635 1298; baseline 0.004 -24"><span class='ocrx_word' id='word_1_47' title='bbox 417 1210 559 1291; x_wconf 89' lang='lat' dir='ltr'><strong>ieiunia,</strong></span> <span class='ocrx_word' id='word_1_48' title='bbox 576 1212 634 1294; x_wconf 90' lang='lat' dir='ltr'><strong>pia</strong></span> <span class='ocrx_word' id='word_1_49' title='bbox 650 1229 770 1293; x_wconf 91' lang='lat' dir='ltr'><strong>opera,</strong></span> <span class='ocrx_word' id='word_1_50' title='bbox 788 1213 943 1294; x_wconf 91' lang='lat' dir='ltr'><strong>quotidie</strong></span> <span class='ocrx_word' id='word_1_51' title='bbox 962 1214 1140 1280; x_wconf 82' lang='lat' dir='ltr'><strong>feruentes</strong></span> <span class='ocrx_word' id='word_1_52' title='bbox 1156 1215 1202 1278; x_wconf 92' lang='lat' dir='ltr'><strong>ad</strong></span> <span class='ocrx_word' id='word_1_53' title='bbox 1217 1213 1332 1279; x_wconf 90' lang='lat' dir='ltr'><strong>Deum</strong></span> <span class='ocrx_word' id='word_1_54' title='bbox 1352 1231 1477 1298; x_wconf 86' lang='lat' dir='ltr'><strong>preces</strong></span> <span class='ocrx_word' id='word_1_55' title='bbox 1491 1215 1635 1279; x_wconf 89' lang='lat' dir='ltr'><strong>eiacula-</strong></span> 
     </span>
     <span class='ocr_line' id='line_1_8' title="bbox 418 1320 1636 1402; baseline 0.002 -20"><span class='ocrx_word' id='word_1_56' title='bbox 418 1320 532 1399; x_wconf 90' lang='lat' dir='ltr'><strong>batur,</strong></span> <span class='ocrx_word' id='word_1_57' title='bbox 549 1328 589 1383; x_wconf 93' lang='lat' dir='ltr'><strong>vt</strong></span> <span class='ocrx_word' id='word_1_58' title='bbox 602 1320 745 1384; x_wconf 88' lang='lat' dir='ltr'><strong>tandem</strong></span> <span class='ocrx_word' id='word_1_59' title='bbox 758 1337 825 1401; x_wconf 90' lang='lat' dir='ltr'><strong>pro</strong></span> <span class='ocrx_word' id='word_1_60' title='bbox 839 1338 904 1385; x_wconf 89' lang='lat' dir='ltr'><strong>sua</strong></span> <span class='ocrx_word' id='word_1_61' title='bbox 919 1321 1129 1386; x_wconf 87' lang='lat' dir='ltr'><strong>inexhausta</strong></span> <span class='ocrx_word' id='word_1_62' title='bbox 1145 1323 1330 1386; x_wconf 88' lang='lat' dir='ltr'><strong>clementia</strong></span> <span class='ocrx_word' id='word_1_63' title='bbox 1345 1322 1507 1386; x_wconf 90' lang='lat' dir='ltr'><strong>misereri</strong></span> <span class='ocrx_word' id='word_1_64' title='bbox 1521 1321 1636 1402; x_wconf 88' lang='lat' dir='ltr'><strong>digna·</strong></span> 
     </span>
     <span class='ocr_line' id='line_1_9' title="bbox 418 1427 1637 1510; baseline 0.001 -21"><span class='ocrx_word' id='word_1_65' title='bbox 418 1435 515 1491; x_wconf 90' lang='lat' dir='ltr'><strong>retur</strong></span> <span class='ocrx_word' id='word_1_66' title='bbox 536 1427 654 1491; x_wconf 91' lang='lat' dir='ltr'><strong>mariti</strong></span> <span class='ocrx_word' id='word_1_67' title='bbox 669 1436 742 1492; x_wconf 91' lang='lat' dir='ltr'><strong>tam</strong></span> <span class='ocrx_word' id='word_1_68' title='bbox 765 1428 843 1492; x_wconf 91' lang='lat' dir='ltr'><strong>dira</strong></span> <span class='ocrx_word' id='word_1_69' title='bbox 858 1430 1037 1509; x_wconf 78' lang='lat' dir='ltr'><strong>patientis</strong></span> <span class='ocrx_word' id='word_1_70' title='bbox 1056 1427 1148 1508; x_wconf 88' lang='lat' dir='ltr'><strong>Quid</strong></span> <span class='ocrx_word' id='word_1_71' title='bbox 1163 1429 1292 1495; x_wconf 85' lang='lat' dir='ltr'><strong>effecit?</strong></span> <span class='ocrx_word' id='word_1_72' title='bbox 1307 1430 1455 1510; x_wconf 79' lang='lat' dir='ltr'><strong>inquies,</strong></span> <span class='ocrx_word' id='word_1_73' title='bbox 1473 1428 1547 1494; x_wconf 90' lang='lat' dir='ltr'><strong>Imo</strong></span> <span class='ocrx_word' id='word_1_74' title='bbox 1560 1427 1637 1510; x_wconf 89' lang='lat' dir='ltr'><strong>quid</strong></span> 
     </span>
     <span class='ocr_line' id='line_1_10' title="bbox 416 1499 1698 1618; baseline 0.002 -21"><span class='ocrx_word' id='word_1_75' title='bbox 416 1550 487 1598; x_wconf 91' lang='lat' dir='ltr'><strong>non</strong></span> <span class='ocrx_word' id='word_1_76' title='bbox 501 1533 627 1612; x_wconf 84' lang='lat' dir='ltr'><strong>effecit,</strong></span> <span class='ocrx_word' id='word_1_77' title='bbox 643 1552 724 1599; x_wconf 91' lang='lat' dir='ltr'><strong>cum</strong></span> <span class='ocrx_word' id='word_1_78' title='bbox 738 1536 820 1616; x_wconf 91' lang='lat' dir='ltr'><strong>iam,</strong></span> <span class='ocrx_word' id='word_1_79' title='bbox 837 1536 912 1600; x_wconf 93' lang='lat' dir='ltr'><strong>voti</strong></span> <span class='ocrx_word' id='word_1_80' title='bbox 928 1553 1077 1618; x_wconf 91' lang='lat' dir='ltr'><strong>compos</strong></span> <span class='ocrx_word' id='word_1_81' title='bbox 1091 1537 1198 1618; x_wconf 88' lang='lat' dir='ltr'><strong>lacta,</strong></span> <span class='ocrx_word' id='word_1_82' title='bbox 1216 1537 1289 1602; x_wconf 88' lang='lat' dir='ltr'><strong>suis</strong></span> <span class='ocrx_word' id='word_1_83' title='bbox 1300 1537 1466 1618; x_wconf 89' lang='lat' dir='ltr'><strong>precibus</strong></span> <span class='ocrx_word' id='word_1_84' title='bbox 1476 1537 1637 1602; x_wconf 88' lang='lat' dir='ltr'><strong>maritum</strong></span> <span class='ocrx_word' id='word_1_85' title='bbox 1697 1499 1698 1592; x_wconf 61' lang='lat' dir='ltr'><strong>l</strong></span> 
     </span>
     <span class='ocr_line' id='line_1_11' title="bbox 420 1640 1639 1720; baseline 0.001 -16"><span class='ocrx_word' id='word_1_86' title='bbox 420 1640 585 1706; x_wconf 88' lang='lat' dir='ltr'><strong>reducem</strong></span> <span class='ocrx_word' id='word_1_87' title='bbox 600 1643 721 1707; x_wconf 89' lang='lat' dir='ltr'><strong>videre</strong></span> <span class='ocrx_word' id='word_1_88' title='bbox 736 1645 918 1708; x_wconf 86' lang='lat' dir='ltr'><strong>meruerit?</strong></span> <span class='ocrx_word' id='word_1_89' title='bbox 933 1643 1049 1708; x_wconf 88' lang='lat' dir='ltr'><strong>Rediit</strong></span> <span class='ocrx_word' id='word_1_90' title='bbox 1063 1645 1133 1720; x_wconf 89' lang='lat' dir='ltr'><strong>ille:</strong></span> <span class='ocrx_word' id='word_1_91' title='bbox 1149 1645 1298 1710; x_wconf 90' lang='lat' dir='ltr'><strong>miratur</strong></span> <span class='ocrx_word' id='word_1_92' title='bbox 1311 1645 1349 1709; x_wconf 91' lang='lat' dir='ltr'><strong>in</strong></span> <span class='ocrx_word' id='word_1_93' title='bbox 1363 1661 1474 1709; x_wconf 89' lang='lat' dir='ltr'><strong>uxore</strong></span> <span class='ocrx_word' id='word_1_94' title='bbox 1489 1651 1639 1708; x_wconf 89' lang='lat' dir='ltr'><strong>mutatos</strong></span> 
     </span>
     <span class='ocr_line' id='line_1_12' title="bbox 418 1737 1637 1834; baseline 0.001 -21"><span class='ocrx_word' id='word_1_95' title='bbox 418 1765 535 1814; x_wconf 89' lang='lat' dir='ltr'><strong>mores</strong></span> <span class='ocrx_word' id='word_1_96' title='bbox 550 1757 655 1830; x_wconf 88' lang='lat' dir='ltr'><strong>atque</strong></span> <span class='ocrx_word' id='word_1_97' title='bbox 670 1751 863 1832; x_wconf 83' lang='lat' dir='ltr'><strong>ingenium:</strong></span> <span class='ocrx_word' id='word_1_98' title='bbox 878 1751 974 1817; x_wconf 91' lang='lat' dir='ltr'><strong>videt</strong></span> <span class='ocrx_word' id='word_1_99' title='bbox 988 1737 1231 1834; x_wconf 64' lang='lat' dir='ltr'><strong>concionibus</strong></span> <span class='ocrx_word' id='word_1_100' title='bbox 1245 1751 1396 1831; x_wconf 89' lang='lat' dir='ltr'><strong>ieiuniis,</strong></span> <span class='ocrx_word' id='word_1_101' title='bbox 1413 1750 1637 1828; x_wconf 91' lang='lat' dir='ltr'><strong>orationibus,</strong></span> 
     </span>
     <span class='ocr_line' id='line_1_13' title="bbox 420 1853 1639 1941; baseline 0.001 -23"><span class='ocrx_word' id='word_1_102' title='bbox 420 1853 651 1920; x_wconf 90' lang='lat' dir='ltr'><strong>addictiorem</strong></span> <span class='ocrx_word' id='word_1_103' title='bbox 670 1874 776 1938; x_wconf 91' lang='lat' dir='ltr'><strong>quam</strong></span> <span class='ocrx_word' id='word_1_104' title='bbox 797 1859 918 1923; x_wconf 86' lang='lat' dir='ltr'><strong>abiens</strong></span> <span class='ocrx_word' id='word_1_105' title='bbox 939 1859 1138 1941; x_wconf 86' lang='lat' dir='ltr'><strong>reliquerat.</strong></span> <span class='ocrx_word' id='word_1_106' title='bbox 1162 1859 1213 1925; x_wconf 94' lang='lat' dir='ltr'><strong>Ibi</strong></span> <span class='ocrx_word' id='word_1_107' title='bbox 1235 1861 1346 1939; x_wconf 91' lang='lat' dir='ltr'><strong>illam,</strong></span> <span class='ocrx_word' id='word_1_108' title='bbox 1368 1859 1460 1924; x_wconf 89' lang='lat' dir='ltr'><strong>male</strong></span> <span class='ocrx_word' id='word_1_109' title='bbox 1478 1875 1599 1938; x_wconf 89' lang='lat' dir='ltr'><strong>sanus,</strong></span> <span class='ocrx_word' id='word_1_110' title='bbox 1621 1875 1639 1919; x_wconf 90' lang='lat' dir='ltr'><strong>a</strong></span> 
     </span>
     <span class='ocr_line' id='line_1_14' title="bbox 420 1964 1640 2048; baseline 0.002 -23"><span class='ocrx_word' id='word_1_111' title='bbox 420 1972 492 2025; x_wconf 91' lang='lat' dir='ltr'><strong>tam</strong></span> <span class='ocrx_word' id='word_1_112' title='bbox 508 1973 632 2028; x_wconf 88' lang='lat' dir='ltr'><strong>sancto</strong></span> <span class='ocrx_word' id='word_1_113' title='bbox 647 1964 808 2029; x_wconf 90' lang='lat' dir='ltr'><strong>instituto</strong></span> <span class='ocrx_word' id='word_1_114' title='bbox 823 1983 995 2031; x_wconf 89' lang='lat' dir='ltr'><strong>reuocare</strong></span> <span class='ocrx_word' id='word_1_115' title='bbox 1010 1976 1180 2048; x_wconf 89' lang='lat' dir='ltr'><strong>conatur,</strong></span> <span class='ocrx_word' id='word_1_116' title='bbox 1196 1984 1269 2031; x_wconf 91' lang='lat' dir='ltr'><strong>non</strong></span> <span class='ocrx_word' id='word_1_117' title='bbox 1290 1966 1491 2047; x_wconf 85' lang='lat' dir='ltr'><strong>intelligens</strong></span> <span class='ocrx_word' id='word_1_118' title='bbox 1512 1976 1640 2047; x_wconf 91' lang='lat' dir='ltr'><strong>quanto</strong></span> 
     </span>
     <span class='ocr_line' id='line_1_15' title="bbox 421 2069 1641 2156; baseline 0.001 -23"><span class='ocrx_word' id='word_1_119' title='bbox 421 2069 509 2134; x_wconf 91' lang='lat' dir='ltr'><strong>haec</strong></span> <span class='ocrx_word' id='word_1_120' title='bbox 524 2071 642 2135; x_wconf 86' lang='lat' dir='ltr'><strong>omnia</strong></span> <span class='ocrx_word' id='word_1_121' title='bbox 657 2072 725 2137; x_wconf 92' lang='lat' dir='ltr'><strong>sibi</strong></span> <span class='ocrx_word' id='word_1_122' title='bbox 739 2072 882 2138; x_wconf 84' lang='lat' dir='ltr'><strong>luerunt</strong></span> <span class='ocrx_word' id='word_1_123' title='bbox 902 2074 1098 2139; x_wconf 81' lang='lat' dir='ltr'><strong>commodo</strong></span> <span class='ocrx_word' id='word_1_124' title='bbox 1122 2073 1279 2156; x_wconf 89' lang='lat' dir='ltr'><strong>Cumque</strong></span> <span class='ocrx_word' id='word_1_125' title='bbox 1295 2074 1408 2155; x_wconf 85' lang='lat' dir='ltr'><strong>primo</strong></span> <span class='ocrx_word' id='word_1_126' title='bbox 1430 2074 1551 2138; x_wconf 88' lang='lat' dir='ltr'><strong>statim</strong></span> <span class='ocrx_word' id='word_1_127' title='bbox 1566 2089 1641 2136; x_wconf 89' lang='lat' dir='ltr'><strong>con·</strong></span> 
     </span>
     <span class='ocr_line' id='line_1_16' title="bbox 418 2179 1642 2263; baseline 0 -22"><span class='ocrx_word' id='word_1_128' title='bbox 418 2193 545 2259; x_wconf 91' lang='lat' dir='ltr'><strong>gressu</strong></span> <span class='ocrx_word' id='word_1_129' title='bbox 571 2195 642 2242; x_wconf 90' lang='lat' dir='ltr'><strong>uon</strong></span> <span class='ocrx_word' id='word_1_130' title='bbox 668 2188 742 2243; x_wconf 90' lang='lat' dir='ltr'><strong>tam</strong></span> <span class='ocrx_word' id='word_1_131' title='bbox 761 2179 865 2244; x_wconf 81' lang='lat' dir='ltr'><strong>facile</strong></span> <span class='ocrx_word' id='word_1_132' title='bbox 887 2181 1096 2246; x_wconf 82' lang='lat' dir='ltr'><strong>labefactari</strong></span> <span class='ocrx_word' id='word_1_133' title='bbox 1116 2199 1221 2263; x_wconf 89' lang='lat' dir='ltr'><strong>posse</strong></span> <span class='ocrx_word' id='word_1_134' title='bbox 1241 2181 1339 2246; x_wconf 90' lang='lat' dir='ltr'><strong>videt</strong></span> <span class='ocrx_word' id='word_1_135' title='bbox 1356 2182 1544 2262; x_wconf 86' lang='lat' dir='ltr'><strong>plusquam</strong></span> <span class='ocrx_word' id='word_1_136' title='bbox 1565 2179 1642 2244; x_wconf 90' lang='lat' dir='ltr'><strong>ada·</strong></span> 
     </span>
     <span class='ocr_line' id='line_1_17' title="bbox 421 2286 1642 2371; baseline 0 -23"><span class='ocrx_word' id='word_1_137' title='bbox 421 2286 616 2349; x_wconf 80' lang='lat' dir='ltr'><strong>montinum</strong></span> <span class='ocrx_word' id='word_1_138' title='bbox 631 2286 755 2350; x_wconf 83' lang='lat' dir='ltr'><strong>uxoris</strong></span> <span class='ocrx_word' id='word_1_139' title='bbox 770 2288 945 2368; x_wconf 88' lang='lat' dir='ltr'><strong>animum,</strong></span> <span class='ocrx_word' id='word_1_140' title='bbox 966 2297 1005 2353; x_wconf 86' lang='lat' dir='ltr'><strong>vt</strong></span> <span class='ocrx_word' id='word_1_141' title='bbox 1021 2290 1066 2353; x_wconf 94' lang='lat' dir='ltr'><strong>ab</strong></span> <span class='ocrx_word' id='word_1_142' title='bbox 1084 2288 1234 2371; x_wconf 88' lang='lat' dir='ltr'><strong>inceptis</strong></span> <span class='ocrx_word' id='word_1_143' title='bbox 1253 2289 1419 2367; x_wconf 91' lang='lat' dir='ltr'><strong>resiliret,</strong></span> <span class='ocrx_word' id='word_1_144' title='bbox 1435 2287 1557 2352; x_wconf 88' lang='lat' dir='ltr'><strong>verbis</strong></span> <span class='ocrx_word' id='word_1_145' title='bbox 1572 2297 1642 2350; x_wconf 91' lang='lat' dir='ltr'><strong>tan-</strong></span> 
     </span>
     <span class='ocr_line' id='line_1_18' title="bbox 420 2392 1641 2478; baseline 0 -23"><span class='ocrx_word' id='word_1_146' title='bbox 420 2392 499 2456; x_wconf 91' lang='lat' dir='ltr'><strong>dem</strong></span> <span class='ocrx_word' id='word_1_147' title='bbox 515 2394 641 2475; x_wconf 90' lang='lat' dir='ltr'><strong>minas,</strong></span> <span class='ocrx_word' id='word_1_148' title='bbox 657 2395 762 2459; x_wconf 89' lang='lat' dir='ltr'><strong>minis</strong></span> <span class='ocrx_word' id='word_1_149' title='bbox 778 2395 883 2460; x_wconf 90' lang='lat' dir='ltr'><strong>etiam</strong></span> <span class='ocrx_word' id='word_1_150' title='bbox 898 2396 1048 2461; x_wconf 89' lang='lat' dir='ltr'><strong>verbera</strong></span> <span class='ocrx_word' id='word_1_151' title='bbox 1063 2396 1194 2460; x_wconf 87' lang='lat' dir='ltr'><strong>addere</strong></span> <span class='ocrx_word' id='word_1_152' title='bbox 1208 2395 1341 2478; x_wconf 89' lang='lat' dir='ltr'><strong>incipit.</strong></span> <span class='ocrx_word' id='word_1_153' title='bbox 1358 2394 1451 2476; x_wconf 90' lang='lat' dir='ltr'><strong>Quid</strong></span> <span class='ocrx_word' id='word_1_154' title='bbox 1466 2395 1575 2460; x_wconf 89' lang='lat' dir='ltr'><strong>faciet</strong></span> <span class='ocrx_word' id='word_1_155' title='bbox 1588 2394 1641 2474; x_wconf 91' lang='lat' dir='ltr'><strong>pia</strong></span> 
     </span>
     <span class='ocr_line' id='line_1_19' title="bbox 419 2498 1641 2584; baseline 0.003 -23"><span class='ocrx_word' id='word_1_156' title='bbox 419 2498 589 2564; x_wconf 81' lang='lat' dir='ltr'><strong>foemina?</strong></span> <span class='ocrx_word' id='word_1_157' title='bbox 604 2499 732 2564; x_wconf 88' lang='lat' dir='ltr'><strong>marito</strong></span> <span class='ocrx_word' id='word_1_158' title='bbox 747 2518 818 2566; x_wconf 90' lang='lat' dir='ltr'><strong>non</strong></span> <span class='ocrx_word' id='word_1_159' title='bbox 833 2503 1079 2584; x_wconf 89' lang='lat' dir='ltr'><strong>obtemperare</strong></span> <span class='ocrx_word' id='word_1_160' title='bbox 1094 2519 1207 2584; x_wconf 90' lang='lat' dir='ltr'><strong>grave</strong></span> <span class='ocrx_word' id='word_1_161' title='bbox 1223 2503 1271 2567; x_wconf 88' lang='lat' dir='ltr'><strong>illi</strong></span> <span class='ocrx_word' id='word_1_162' title='bbox 1290 2503 1424 2567; x_wconf 90' lang='lat' dir='ltr'><strong>crimen</strong></span> <span class='ocrx_word' id='word_1_163' title='bbox 1445 2501 1641 2578; x_wconf 84' lang='lat' dir='ltr'><strong>videbatur;</strong></span> 
     </span>
     <span class='ocr_line' id='line_1_20' title="bbox 423 2607 1644 2690; baseline 0.002 -21"><span class='ocrx_word' id='word_1_164' title='bbox 423 2607 667 2689; x_wconf 88' lang='lat' dir='ltr'><strong>obtemperare</strong></span> <span class='ocrx_word' id='word_1_165' title='bbox 680 2618 890 2674; x_wconf 83' lang='lat' dir='ltr'><strong>autemeam</strong></span> <span class='ocrx_word' id='word_1_166' title='bbox 903 2627 989 2674; x_wconf 89' lang='lat' dir='ltr'><strong>suae</strong></span> <span class='ocrx_word' id='word_1_167' title='bbox 1002 2611 1183 2690; x_wconf 84' lang='lat' dir='ltr'><strong>religionis</strong></span> <span class='ocrx_word' id='word_1_168' title='bbox 1195 2610 1345 2690; x_wconf 87' lang='lat' dir='ltr'><strong>iactura,</strong></span> <span class='ocrx_word' id='word_1_169' title='bbox 1359 2608 1530 2690; x_wconf 84' lang='lat' dir='ltr'><strong>quiddam</strong></span> <span class='ocrx_word' id='word_1_170' title='bbox 1542 2608 1644 2673; x_wconf 92' lang='lat' dir='ltr'><strong>etiam</strong></span> 
     </span>
     <span class='ocr_line' id='line_1_21' title="bbox 420 2713 1642 2798; baseline 0.002 -22"><span class='ocrx_word' id='word_1_171' title='bbox 420 2722 533 2778; x_wconf 89' lang='lat' dir='ltr'><strong>morte</strong></span> <span class='ocrx_word' id='word_1_172' title='bbox 548 2715 727 2779; x_wconf 85' lang='lat' dir='ltr'><strong>crudelius</strong></span> <span class='ocrx_word' id='word_1_173' title='bbox 743 2716 941 2798; x_wconf 90' lang='lat' dir='ltr'><strong>reputabat.</strong></span> <span class='ocrx_word' id='word_1_174' title='bbox 959 2717 1056 2782; x_wconf 88' lang='lat' dir='ltr'><strong>Adiit</strong></span> <span class='ocrx_word' id='word_1_175' title='bbox 1071 2718 1258 2798; x_wconf 88' lang='lat' dir='ltr'><strong>quemdam</strong></span> <span class='ocrx_word' id='word_1_176' title='bbox 1271 2735 1316 2781; x_wconf 85' lang='lat' dir='ltr'><strong>ex</strong></span> <span class='ocrx_word' id='word_1_177' title='bbox 1326 2716 1457 2781; x_wconf 87' lang='lat' dir='ltr'><strong>nostris</strong></span> <span class='ocrx_word' id='word_1_178' title='bbox 1468 2713 1642 2780; x_wconf 88' lang='lat' dir='ltr'><strong>Patribus:</strong></span> 
     </span>
     <span class='ocr_line' id='line_1_22' title="bbox 417 2819 1644 2905; baseline 0.001 -21"><span class='ocrx_word' id='word_1_179' title='bbox 417 2819 557 2900; x_wconf 88' lang='lat' dir='ltr'><strong>jubetur</strong></span> <span class='ocrx_word' id='word_1_180' title='bbox 573 2823 692 2886; x_wconf 90' lang='lat' dir='ltr'><strong>mariti</strong></span> <span class='ocrx_word' id='word_1_181' title='bbox 707 2823 891 2888; x_wconf 85' lang='lat' dir='ltr'><strong>affectibus</strong></span> <span class='ocrx_word' id='word_1_182' title='bbox 906 2825 1108 2904; x_wconf 90' lang='lat' dir='ltr'><strong>conniuere,</strong></span> <span class='ocrx_word' id='word_1_183' title='bbox 1125 2824 1245 2905; x_wconf 89' lang='lat' dir='ltr'><strong>illique</strong></span> <span class='ocrx_word' id='word_1_184' title='bbox 1260 2840 1339 2888; x_wconf 90' lang='lat' dir='ltr'><strong>sese</strong></span> <span class='ocrx_word' id='word_1_185' title='bbox 1353 2824 1468 2888; x_wconf 91' lang='lat' dir='ltr'><strong>modis</strong></span> <span class='ocrx_word' id='word_1_186' title='bbox 1484 2822 1644 2888; x_wconf 90' lang='lat' dir='ltr'><strong>omnibus</strong></span> 
     </span>
     <span class='ocr_line' id='line_1_23' title="bbox 421 2929 1644 3014; baseline 0.001 -23"><span class='ocrx_word' id='word_1_187' title='bbox 421 2929 645 2992; x_wconf 89' lang='lat' dir='ltr'><strong>commodam</strong></span> <span class='ocrx_word' id='word_1_188' title='bbox 660 2931 844 3011; x_wconf 84' lang='lat' dir='ltr'><strong>praebere,</strong></span> <span class='ocrx_word' id='word_1_189' title='bbox 861 2939 899 2995; x_wconf 93' lang='lat' dir='ltr'><strong>vt</strong></span> <span class='ocrx_word' id='word_1_190' title='bbox 913 2930 1056 2998; x_wconf 86' lang='lat' dir='ltr'><strong>tandem</strong></span> <span class='ocrx_word' id='word_1_191' title='bbox 1071 2933 1127 2995; x_wconf 92' lang='lat' dir='ltr'><strong>uel</strong></span> <span class='ocrx_word' id='word_1_192' title='bbox 1142 2941 1268 3014; x_wconf 91' lang='lat' dir='ltr'><strong>suapte</strong></span> <span class='ocrx_word' id='word_1_193' title='bbox 1284 2939 1412 2994; x_wconf 86' lang='lat' dir='ltr'><strong>natura</strong></span> <span class='ocrx_word' id='word_1_194' title='bbox 1431 2931 1575 3008; x_wconf 90' lang='lat' dir='ltr'><strong>ductus,</strong></span> <span class='ocrx_word' id='word_1_195' title='bbox 1591 2929 1644 2993; x_wconf 88' lang='lat' dir='ltr'><strong>vel</strong></span> 
     </span>
     <span class='ocr_line' id='line_1_24' title="bbox 420 3037 1645 3120; baseline 0.002 -24"><span class='ocrx_word' id='word_1_196' title='bbox 420 3037 545 3100; x_wconf 82' lang='lat' dir='ltr'><strong>uxoris</strong></span> <span class='ocrx_word' id='word_1_197' title='bbox 563 3037 812 3101; x_wconf 79' lang='lat' dir='ltr'><strong>commoditate</strong></span> <span class='ocrx_word' id='word_1_198' title='bbox 835 3037 842 3069; x_wconf 85' lang='lat'><strong>¹</strong></span> <span class='ocrx_word' id='word_1_199' title='bbox 863 3048 1090 3120; x_wconf 86' lang='lat' dir='ltr'><strong>prouocatus,</strong></span> <span class='ocrx_word' id='word_1_200' title='bbox 1104 3057 1189 3102; x_wconf 81' lang='lat' dir='ltr'><strong>mon</strong></span> <span class='ocrx_word' id='word_1_201' title='bbox 1215 3040 1329 3102; x_wconf 90' lang='lat' dir='ltr'><strong>solum</strong></span> <span class='ocrx_word' id='word_1_202' title='bbox 1354 3055 1436 3102; x_wconf 90' lang='lat' dir='ltr'><strong>cum</strong></span> <span class='ocrx_word' id='word_1_203' title='bbox 1459 3055 1503 3102; x_wconf 91' lang='lat' dir='ltr'><strong>ea</strong></span> <span class='ocrx_word' id='word_1_204' title='bbox 1528 3037 1645 3102; x_wconf 89' lang='lat' dir='ltr'><strong>mitius</strong></span> 
     </span>
     <span class='ocr_line' id='line_1_25' title="bbox 422 3144 1646 3226; baseline 0.001 -22"><span class='ocrx_word' id='word_1_205' title='bbox 422 3151 556 3221; x_wconf 88' lang='lat' dir='ltr'><strong>ageret,</strong></span> <span class='ocrx_word' id='word_1_206' title='bbox 572 3161 698 3208; x_wconf 90' lang='lat' dir='ltr'><strong>verum</strong></span> <span class='ocrx_word' id='word_1_207' title='bbox 719 3145 824 3209; x_wconf 90' lang='lat' dir='ltr'><strong>etiam</strong></span> <span class='ocrx_word' id='word_1_208' title='bbox 841 3155 874 3209; x_wconf 93' lang='lat' dir='ltr'><strong>et</strong></span> <span class='ocrx_word' id='word_1_209' title='bbox 895 3146 930 3209; x_wconf 90' lang='lat' dir='ltr'><strong>in</strong></span> <span class='ocrx_word' id='word_1_210' title='bbox 950 3146 1110 3210; x_wconf 88' lang='lat' dir='ltr'><strong>eamdem</strong></span> <span class='ocrx_word' id='word_1_211' title='bbox 1131 3146 1342 3209; x_wconf 90' lang='lat' dir='ltr'><strong>sententiam</strong></span> <span class='ocrx_word' id='word_1_212' title='bbox 1364 3144 1523 3226; x_wconf 89' lang='lat' dir='ltr'><strong>pertrahi</strong></span> <span class='ocrx_word' id='word_1_213' title='bbox 1544 3153 1646 3224; x_wconf 90' lang='lat' dir='ltr'><strong>atque</strong></span> 
     </span>
     <span class='ocr_line' id='line_1_26' title="bbox 421 3249 1646 3332; baseline 0 -20"><span class='ocrx_word' id='word_1_214' title='bbox 421 3249 537 3330; x_wconf 88' lang='lat' dir='ltr'><strong>pellici</strong></span> <span class='ocrx_word' id='word_1_215' title='bbox 558 3252 680 3330; x_wconf 88' lang='lat' dir='ltr'><strong>possit.</strong></span> <span class='ocrx_word' id='word_1_216' title='bbox 705 3251 798 3332; x_wconf 88' lang='lat' dir='ltr'><strong>Quid</strong></span> <span class='ocrx_word' id='word_1_217' title='bbox 818 3252 956 3316; x_wconf 85' lang='lat' dir='ltr'><strong>multis?</strong></span> <span class='ocrx_word' id='word_1_218' title='bbox 976 3253 1125 3317; x_wconf 92' lang='lat' dir='ltr'><strong>maritus</strong></span> <span class='ocrx_word' id='word_1_219' title='bbox 1146 3253 1304 3331; x_wconf 89' lang='lat' dir='ltr'><strong>tandem,</strong></span> <span class='ocrx_word' id='word_1_220' title='bbox 1325 3251 1449 3316; x_wconf 89' lang='lat' dir='ltr'><strong>vxoris</strong></span> <span class='ocrx_word' id='word_1_221' title='bbox 1473 3251 1646 3332; x_wconf 86' lang='lat' dir='ltr'><strong>probitate</strong></span> 
     </span>
     <span class='ocr_line' id='line_1_27' title="bbox 421 3357 1647 3440; baseline 0 -20"><span class='ocrx_word' id='word_1_222' title='bbox 421 3365 619 3438; x_wconf 89' lang='lat' dir='ltr'><strong>perspecta,</strong></span> <span class='ocrx_word' id='word_1_223' title='bbox 640 3359 689 3422; x_wconf 91' lang='lat' dir='ltr'><strong>ita</strong></span> <span class='ocrx_word' id='word_1_224' title='bbox 710 3369 832 3440; x_wconf 91' lang='lat' dir='ltr'><strong>postea</strong></span> <span class='ocrx_word' id='word_1_225' title='bbox 860 3377 898 3423; x_wconf 90' lang='lat' dir='ltr'><strong>se</strong></span> <span class='ocrx_word' id='word_1_226' title='bbox 922 3361 1046 3440; x_wconf 85' lang='lat' dir='ltr'><strong>gessit,</strong></span> <span class='ocrx_word' id='word_1_227' title='bbox 1069 3368 1109 3422; x_wconf 88' lang='lat' dir='ltr'><strong>vt</strong></span> <span class='ocrx_word' id='word_1_228' title='bbox 1135 3360 1299 3423; x_wconf 89' lang='lat' dir='ltr'><strong>omnibus</strong></span> <span class='ocrx_word' id='word_1_229' title='bbox 1323 3376 1448 3422; x_wconf 88' lang='lat' dir='ltr'><strong>sacrae</strong></span> <span class='ocrx_word' id='word_1_230' title='bbox 1467 3357 1647 3440; x_wconf 86' lang='lat' dir='ltr'><strong>religionis</strong></span> 
     </span>
     <span class='ocr_line' id='line_1_28' title="bbox 422 3464 1647 3547; baseline -0.001 -20"><span class='ocrx_word' id='word_1_231' title='bbox 422 3464 549 3528; x_wconf 89' lang='lat' dir='ltr'><strong>muniis</strong></span> <span class='ocrx_word' id='word_1_232' title='bbox 562 3481 635 3528; x_wconf 91' lang='lat' dir='ltr'><strong>non</strong></span> <span class='ocrx_word' id='word_1_233' title='bbox 647 3476 896 3546; x_wconf 90' lang='lat' dir='ltr'><strong>assequeretur</strong></span> <span class='ocrx_word' id='word_1_234' title='bbox 908 3467 1024 3546; x_wconf 89' lang='lat' dir='ltr'><strong>modo,</strong></span> <span class='ocrx_word' id='word_1_235' title='bbox 1038 3467 1219 3531; x_wconf 87' lang='lat' dir='ltr'><strong>sedetiam</strong></span> <span class='ocrx_word' id='word_1_236' title='bbox 1235 3473 1487 3547; x_wconf 87' lang='lat' dir='ltr'><strong>praeuerteret,</strong></span> <span class='ocrx_word' id='word_1_237' title='bbox 1501 3482 1570 3530; x_wconf 89' lang='lat' dir='ltr'><strong>nec</strong></span> <span class='ocrx_word' id='word_1_238' title='bbox 1581 3465 1647 3529; x_wconf 91' lang='lat' dir='ltr'><strong>iam</strong></span> 
     </span>
     <span class='ocr_line' id='line_1_29' title="bbox 421 3572 1648 3654; baseline 0 -20"><span class='ocrx_word' id='word_1_239' title='bbox 421 3581 587 3637; x_wconf 86' lang='lat' dir='ltr'><strong>vereatur</strong></span> <span class='ocrx_word' id='word_1_240' title='bbox 607 3572 736 3654; x_wconf 84' lang='lat' dir='ltr'><strong>ubique</strong></span> <span class='ocrx_word' id='word_1_241' title='bbox 759 3574 825 3638; x_wconf 90' lang='lat' dir='ltr'><strong>sibi</strong></span> <span class='ocrx_word' id='word_1_242' title='bbox 845 3575 938 3638; x_wconf 89' lang='lat' dir='ltr'><strong>serio</strong></span> <span class='ocrx_word' id='word_1_243' title='bbox 959 3574 1135 3654; x_wconf 90' lang='lat' dir='ltr'><strong>gratulari</strong></span> <span class='ocrx_word' id='word_1_244' title='bbox 1154 3575 1248 3654; x_wconf 91' lang='lat' dir='ltr'><strong>quod</strong></span> <span class='ocrx_word' id='word_1_245' title='bbox 1267 3574 1446 3654; x_wconf 76' lang='lat' dir='ltr'><strong>coniugiS,</strong></span> <span class='ocrx_word' id='word_1_246' title='bbox 1470 3591 1560 3637; x_wconf 85' lang='lat' dir='ltr'><strong>vera</strong></span> <span class='ocrx_word' id='word_1_247' title='bbox 1579 3585 1648 3635; x_wconf 89' lang='lat' dir='ltr'><strong>mo·</strong></span> 
     </span>
     <span class='ocr_line' id='line_1_30' title="bbox 421 3679 1647 3776; baseline 0 -34"><span class='ocrx_word' id='word_1_248' title='bbox 421 3679 548 3758; x_wconf 80' lang='lat' dir='ltr'><strong>nentiS,</strong></span> <span class='ocrx_word' id='word_1_249' title='bbox 566 3680 715 3776; x_wconf 80' lang='lat' dir='ltr'><strong>consilio</strong></span> <span class='ocrx_word' id='word_1_250' title='bbox 731 3682 961 3762; x_wconf 89' lang='lat' dir='ltr'><strong>acquieuerit,</strong></span> <span class='ocrx_word' id='word_1_251' title='bbox 978 3700 1069 3763; x_wconf 89' lang='lat' dir='ltr'><strong>quae</strong></span> <span class='ocrx_word' id='word_1_252' title='bbox 1084 3683 1153 3746; x_wconf 92' lang='lat' dir='ltr'><strong>nisi</strong></span> <span class='ocrx_word' id='word_1_253' title='bbox 1168 3682 1260 3762; x_wconf 91' lang='lat' dir='ltr'><strong>talis,</strong></span> <span class='ocrx_word' id='word_1_254' title='bbox 1274 3691 1313 3744; x_wconf 91' lang='lat' dir='ltr'><strong>vt</strong></span> <span class='ocrx_word' id='word_1_255' title='bbox 1326 3681 1385 3760; x_wconf 91' lang='lat' dir='ltr'><strong>ait,</strong></span> <span class='ocrx_word' id='word_1_256' title='bbox 1401 3681 1468 3745; x_wconf 92' lang='lat' dir='ltr'><strong>sibi</strong></span> <span class='ocrx_word' id='word_1_257' title='bbox 1481 3679 1647 3760; x_wconf 85' lang='lat' dir='ltr'><strong>contigis-</strong></span> 
     </span>
     <span class='ocr_line' id='line_1_31' title="bbox 422 3788 1416 3874; baseline 0.004 -24"><span class='ocrx_word' id='word_1_258' title='bbox 422 3795 487 3867; x_wconf 91' lang='lat' dir='ltr'><strong>set,</strong></span> <span class='ocrx_word' id='word_1_259' title='bbox 503 3795 580 3851; x_wconf 88' lang='lat' dir='ltr'><strong>erat</strong></span> <span class='ocrx_word' id='word_1_260' title='bbox 595 3788 753 3852; x_wconf 88' lang='lat' dir='ltr'><strong>omnium</strong></span> <span class='ocrx_word' id='word_1_261' title='bbox 766 3788 949 3853; x_wconf 90' lang='lat' dir='ltr'><strong>hominum</strong></span> <span class='ocrx_word' id='word_1_262' title='bbox 964 3790 1198 3854; x_wconf 88' lang='lat' dir='ltr'><strong>miserrimus.</strong></span> <span class='ocrx_word' id='word_1_263' title='bbox 1408 3859 1416 3874; x_wconf 21' lang='grc' dir='ltr'>δ</span> 
     </span>
    </p>

    <p class='ocr_par' dir='ltr' id='par_1_3' title="bbox 422 3893 1648 4404">
     <span class='ocr_line' id='line_1_32' title="bbox 481 3893 1645 3974; baseline -0.003 -16"><span class='ocrx_word' id='word_1_264' title='bbox 481 3893 674 3974; x_wconf 82' lang='lat' dir='ltr'><strong>Proregem</strong></span> <span class='ocrx_word' id='word_1_265' title='bbox 687 3893 699 3925; x_wconf 86' lang='lat'><strong>¹</strong></span> <span class='ocrx_word' id='word_1_266' title='bbox 714 3897 845 3961; x_wconf 90' lang='lat' dir='ltr'><strong>nostris</strong></span> <span class='ocrx_word' id='word_1_267' title='bbox 866 3897 1094 3961; x_wconf 89' lang='lat' dir='ltr'><strong>concionibus</strong></span> <span class='ocrx_word' id='word_1_268' title='bbox 1113 3895 1314 3960; x_wconf 80' lang='lat' dir='ltr'><strong>interfuisse</strong></span> <span class='ocrx_word' id='word_1_269' title='bbox 1332 3911 1465 3960; x_wconf 90' lang='lat' dir='ltr'><strong>nouum</strong></span> <span class='ocrx_word' id='word_1_270' title='bbox 1487 3913 1562 3960; x_wconf 89' lang='lat' dir='ltr'><strong>non</strong></span> <span class='ocrx_word' id='word_1_271' title='bbox 1585 3903 1645 3960; x_wconf 91' lang='lat' dir='ltr'><strong>est:</strong></span> 
     </span>
     <span class='ocr_line' id='line_1_33' title="bbox 423 3999 1647 4084; baseline -0.001 -20"><span class='ocrx_word' id='word_1_272' title='bbox 423 4001 497 4065; x_wconf 90' lang='lat' dir='ltr'><strong>eius</strong></span> <span class='ocrx_word' id='word_1_273' title='bbox 512 4019 599 4064; x_wconf 89' lang='lat' dir='ltr'><strong>vero</strong></span> <span class='ocrx_word' id='word_1_274' title='bbox 613 4000 722 4065; x_wconf 90' lang='lat' dir='ltr'><strong>filiam</strong></span> <span class='ocrx_word' id='word_1_275' title='bbox 736 4002 933 4082; x_wconf 89' lang='lat' dir='ltr'><strong>isabellam,</strong></span> <span class='ocrx_word' id='word_1_276' title='bbox 954 4020 1046 4084; x_wconf 90' lang='lat' dir='ltr'><strong>qnae</strong></span> <span class='ocrx_word' id='word_1_277' title='bbox 1067 4002 1160 4067; x_wconf 91' lang='lat' dir='ltr'><strong>Duei</strong></span> <span class='ocrx_word' id='word_1_278' title='bbox 1179 4002 1353 4070; x_wconf 89' lang='lat' dir='ltr'><strong>Bisbonae</strong></span> <span class='ocrx_word' id='word_1_279' title='bbox 1379 4001 1391 4034; x_wconf 81' lang='lat'>⁸</span> <span class='ocrx_word' id='word_1_280' title='bbox 1410 4003 1543 4084; x_wconf 91' lang='lat' dir='ltr'><strong>nupsit,</strong></span> <span class='ocrx_word' id='word_1_281' title='bbox 1567 3999 1647 4083; x_wconf 87' lang='lat' dir='ltr'><strong>quid</strong></span> 
     </span>
     <span class='ocr_line' id='line_1_34' title="bbox 423 4107 1648 4190; baseline -0.002 -18"><span class='ocrx_word' id='word_1_282' title='bbox 423 4107 547 4172; x_wconf 87' lang='lat' dir='ltr'><strong>attinet</strong></span> <span class='ocrx_word' id='word_1_283' title='bbox 562 4108 632 4172; x_wconf 90' lang='lat' dir='ltr'><strong>huc</strong></span> <span class='ocrx_word' id='word_1_284' title='bbox 647 4109 792 4190; x_wconf 88' lang='lat' dir='ltr'><strong>referre,</strong></span> <span class='ocrx_word' id='word_1_285' title='bbox 809 4127 889 4174; x_wconf 90' lang='lat' dir='ltr'><strong>cum</strong></span> <span class='ocrx_word' id='word_1_286' title='bbox 905 4111 1001 4174; x_wconf 88' lang='lat' dir='ltr'><strong>illam</strong></span> <span class='ocrx_word' id='word_1_287' title='bbox 1016 4127 1083 4174; x_wconf 88' lang='lat' dir='ltr'><strong>nec</strong></span> <span class='ocrx_word' id='word_1_288' title='bbox 1098 4110 1189 4174; x_wconf 88' lang='lat' dir='ltr'><strong>coeli</strong></span> <span class='ocrx_word' id='word_1_289' title='bbox 1208 4109 1441 4189; x_wconf 90' lang='lat' dir='ltr'><strong>inclementia,</strong></span> <span class='ocrx_word' id='word_1_290' title='bbox 1460 4125 1528 4174; x_wconf 85' lang='lat' dir='ltr'><strong>uec</strong></span> <span class='ocrx_word' id='word_1_291' title='bbox 1542 4113 1648 4188; x_wconf 88' lang='lat' dir='ltr'><strong>longe</strong></span> 
     </span>
     <span class='ocr_line' id='line_1_35' title="bbox 422 4214 1646 4298; baseline 0 -20"><span class='ocrx_word' id='word_1_292' title='bbox 422 4214 559 4280; x_wconf 90' lang='lat' dir='ltr'><strong>distans</strong></span> <span class='ocrx_word' id='word_1_293' title='bbox 574 4233 594 4278; x_wconf 94' lang='lat' dir='ltr'><strong>a</strong></span> <span class='ocrx_word' id='word_1_294' title='bbox 609 4214 767 4296; x_wconf 87' lang='lat' dir='ltr'><strong>Collegio</strong></span> <span class='ocrx_word' id='word_1_295' title='bbox 782 4227 903 4281; x_wconf 90' lang='lat' dir='ltr'><strong>nostro</strong></span> <span class='ocrx_word' id='word_1_296' title='bbox 924 4217 1104 4298; x_wconf 88' lang='lat' dir='ltr'><strong>palatium,</strong></span> <span class='ocrx_word' id='word_1_297' title='bbox 1120 4233 1186 4281; x_wconf 90' lang='lat' dir='ltr'><strong>nec</strong></span> <span class='ocrx_word' id='word_1_298' title='bbox 1202 4216 1364 4296; x_wconf 88' lang='lat' dir='ltr'><strong>aduersa,</strong></span> <span class='ocrx_word' id='word_1_299' title='bbox 1379 4215 1449 4281; x_wconf 91' lang='lat' dir='ltr'><strong>nisi</strong></span> <span class='ocrx_word' id='word_1_300' title='bbox 1462 4216 1557 4282; x_wconf 84' lang='lat' dir='ltr'><strong>sorte</strong></span> <span class='ocrx_word' id='word_1_301' title='bbox 1571 4233 1646 4297; x_wconf 90' lang='lat' dir='ltr'><strong>gra·</strong></span> 
     </span>
     <span class='ocr_line' id='line_1_36' title="bbox 423 4321 1647 4404; baseline -0.001 -19"><span class='ocrx_word' id='word_1_302' title='bbox 423 4323 513 4404; x_wconf 88' lang='lat' dir='ltr'><strong>vior,</strong></span> <span class='ocrx_word' id='word_1_303' title='bbox 533 4322 717 4402; x_wconf 88' lang='lat' dir='ltr'><strong>valetudo,</strong></span> <span class='ocrx_word' id='word_1_304' title='bbox 741 4340 831 4404; x_wconf 90' lang='lat' dir='ltr'><strong>quae</strong></span> <span class='ocrx_word' id='word_1_305' title='bbox 851 4324 1012 4404; x_wconf 83' lang='lat' dir='ltr'><strong>grauidis</strong></span> <span class='ocrx_word' id='word_1_306' title='bbox 1031 4323 1187 4388; x_wconf 90' lang='lat' dir='ltr'><strong>beroinis</strong></span> <span class='ocrx_word' id='word_1_307' title='bbox 1208 4321 1327 4392; x_wconf 75' lang='lat' dir='ltr'><strong>‘solet</strong></span> <span class='ocrx_word' id='word_1_308' title='bbox 1348 4339 1427 4387; x_wconf 89' lang='lat' dir='ltr'><strong>esse</strong></span> <span class='ocrx_word' id='word_1_309' title='bbox 1452 4321 1647 4398; x_wconf 82' lang='lat' dir='ltr'><strong>familiaris,</strong></span> 
     </span>
    </p>
   </div>
   <div class='ocr_carea' id='block_1_3' title="bbox 463 4565 1253 4838">
    <p class='ocr_par' dir='ltr' id='par_1_4' title="bbox 464 4565 784 4621">
     <span class='ocr_line' id='line_1_37' title="bbox 464 4565 784 4621; baseline -0.003 -11"><span class='ocrx_word' id='word_1_310' title='bbox 464 4565 473 4601; x_wconf 83' lang='lat'><strong>¹</strong></span> <span class='ocrx_word' id='word_1_311' title='bbox 501 4566 631 4621; x_wconf 75' lang='lat' dir='ltr'><strong>obsequio.</strong></span> <span class='ocrx_word' id='word_1_312' title='bbox 642 4565 784 4611; x_wconf 69' lang='lat' dir='ltr'><strong>Ponticus.</strong></span> 
     </span>
    </p>

    <p class='ocr_par' dir='ltr' id='par_1_5' title="bbox 463 4635 761 4693">
     <span class='ocr_line' id='line_1_38' title="bbox 463 4635 761 4693; baseline -0.007 -9"><span class='ocrx_word' id='word_1_313' title='bbox 463 4636 475 4670; x_wconf 82' lang='lat'><strong>¹</strong></span> <span class='ocrx_word' id='word_1_314' title='bbox 501 4635 761 4693; x_wconf 73' lang='lat' dir='ltr'><strong>Joanuemtevega</strong></span> 
     </span>
    </p>

    <p class='ocr_par' dir='ltr' id='par_1_6' title="bbox 464 4707 716 4754">
     <span class='ocr_line' id='line_1_39' title="bbox 464 4707 716 4754; baseline -0.004 0"><span class='ocrx_word' id='word_1_315' title='bbox 464 4711 475 4743; x_wconf 61' lang='grc' dir='ltr'><strong>ὅ</strong></span> <span class='ocrx_word' id='word_1_316' title='bbox 504 4707 716 4754; x_wconf 77' lang='lat' dir='ltr'><strong>PetrodeLuua.</strong></span> 
     </span>
    </p>

    <p class='ocr_par' dir='ltr' id='par_1_7' title="bbox 465 4775 1253 4838">
     <span class='ocr_line' id='line_1_40' title="bbox 465 4775 1253 4838; baseline -0.003 -12"><span class='ocrx_word' id='word_1_317' title='bbox 465 4782 477 4816; x_wconf 74' lang='lat'><strong>⁴</strong></span> <span class='ocrx_word' id='word_1_318' title='bbox 504 4779 547 4826; x_wconf 86' lang='lat' dir='ltr'><strong>sle</strong></span> <span class='ocrx_word' id='word_1_319' title='bbox 558 4780 695 4837; x_wconf 79' lang='lat' dir='ltr'><strong>perspicue</strong></span> <span class='ocrx_word' id='word_1_320' title='bbox 706 4780 732 4826; x_wconf 85' lang='lat' dir='ltr'><strong>ln</strong></span> <span class='ocrx_word' id='word_1_321' title='bbox 741 4781 826 4826; x_wconf 79' lang='lat' dir='ltr'><strong>altero</strong></span> <span class='ocrx_word' id='word_1_322' title='bbox 837 4780 963 4835; x_wconf 80' lang='lat' dir='ltr'><strong>exemplo,</strong></span> <span class='ocrx_word' id='word_1_323' title='bbox 974 4791 1024 4826; x_wconf 86' lang='lat' dir='ltr'><strong>non</strong></span> <span class='ocrx_word' id='word_1_324' title='bbox 1035 4781 1073 4826; x_wconf 81' lang='lat' dir='ltr'><strong>ila</strong></span> <span class='ocrx_word' id='word_1_325' title='bbox 1083 4775 1214 4835; x_wconf 70' lang='lat' dir='ltr'><strong>reprimo·</strong></span> <span class='ocrx_word' id='word_1_326' title='bbox 1251 4833 1253 4838; x_wconf 66' lang='lat'><strong>,</strong></span> 
     </span>
    </p>
   </div>
   <div class='ocr_carea' id='block_1_4' title="bbox 0 0 1721 5528">
    <p class='ocr_par' dir='ltr' id='par_1_8' title="bbox 0 0 1721 5528">
     <span class='ocr_line' id='line_1_41' title="bbox 0 0 1721 5528; baseline 0 0"><span class='ocrx_word' id='word_1_327' title='bbox 0 0 1721 5528; x_wconf 95' lang='lat' dir='ltr'><strong> </strong></span> 
     </span>
    </p>
   </div>
  </div>
 </body>
</html>
