3436 5526
469 517 639 576 Aoonnon
660 533 691 576 ln
712 531 801 576 nouo
821 525 972 576 esculano
1275 517 1339 575 077*

94 663 234 727 ociose:
257 662 290 726 le
311 662 423 742 poche
444 661 613 741 prediche
636 661 703 726 che
723 661 829 725 luora
851 661 882 725 si
903 645 951 726 ha¹
973 660 1082 740 fatto,
1105 661 1209 726 lucra
1234 661 1335 728 della.

96 778 220 834 nostra
243 768 375 848 chiesa,
399 787 419 832 a
441 769 582 832 diuerse
596 785 701 832 suore
723 777 759 832 et
780 767 967 846 monache,
991 769 1080 832 oltre
1103 769 1127 832 l'
1141 769 1230 833 altre
1244 785 1329 834 cose

97 877 164 940 che
186 877 320 953 lascio,
347 877 417 939 han
442 874 531 939 salto
552 886 676 955 questo
701 874 834 940 srutto:
860 877 926 939 che
951 875 1139 942 essendoui
1165 887 1329 957 presente

100 1001 170 1047 vna
190 983 301 1062 gentil
322 982 440 1047 donna
462 984 570 1046 molto
593 983 689 1046 ricca
711 991 746 1046 et
768 982 883 1046 nobile
904 992 1036 1064 quanto
1060 984 1094 1045 al
1116 983 1267 1063 mondo,
1293 987 1337 1050 la.

97 1091 203 1172 quale
224 1091 285 1170 gia
306 1090 428 1152 auanti
443 1091 560 1154 alcuni
579 1091 667 1154 mesi
692 1089 808 1153 banea
834 1089 1060 1154 diterminato
1085 1099 1119 1154 et
1144 1107 1331 1171 promesso

98 1197 134 1260 di
153 1196 315 1260 vestiret
330 1195 532 1260 subuenira
552 1197 601 1275 gli
616 1195 739 1276 figlioli
754 1197 791 1260 di
804 1214 853 1260 vn
868 1206 965 1261 certo
980 1207 1174 1278 poueretto,
1192 1215 1251 1262 ma
1264 1215 1335 1279 per

98 1305 132 1367 la
154 1321 245 1384 poca
268 1301 366 1367 lorza
387 1313 422 1366 et
436 1303 531 1367 virtu
554 1303 610 1366 ch‘
627 1303 663 1366 in
680 1303 724 1367 lei
738 1304 878 1368 hauena
892 1305 927 1368 la
942 1304 1091 1381 charith,
1108 1321 1179 1368 non
1194 1322 1329 1386 pareua

96 1410 275 1491 pervenir'
293 1411 490 1474 altrimente
506 1411 550 1472 al’
567 1409 687 1474 efferto
701 1411 738 1474 di
753 1419 851 1474 tanto
867 1409 973 1474 buon'
994 1427 1115 1492 opera,
1135 1411 1189 1474 sia
1208 1412 1337 1476 lodato.

98 1516 289 1598 ilSlgnore
310 1516 375 1580 che
390 1518 503 1580 allora
518 1517 617 1580 vinta
640 1517 677 1580 in
698 1518 814 1598 quella
836 1516 992 1598 predica,
1009 1526 1044 1581 et
1063 1517 1236 1582 ritomata
1251 1519 1334 1584 sino

96 1643 119 1688 a
133 1641 221 1688 casa
236 1641 308 1688 non
322 1625 372 1704 gli
387 1627 479 1687 vesti
493 1625 581 1702 solo,
598 1635 657 1688 ma
672 1624 723 1703 gli
737 1623 889 1704 prouisti
910 1622 942 1686 d'
961 1625 1051 1687 altre
1064 1625 1242 1689 necessita
1256 1643 1328 1689 non

98 1749 227 1796 manco
243 1731 460 1812 importanti.
476 1730 546 1794 Vn'
565 1732 676 1794 altera
692 1729 759 1795 che
775 1731 897 1795 auanti
916 1733 1025 1795 molto
1047 1741 1165 1811 tempo
1180 1732 1330 1798 vissein

98 1837 335 1920 impudicitia,
350 1837 388 1900 in
403 1853 473 1900 vna
489 1837 526 1900 di
540 1837 647 1918 quelli
666 1836 833 1916 prediche
852 1837 883 1901 si
902 1842 1063 1902 conuerti
1083 1840 1117 1902 al
1136 1837 1278 1918 Signor.
1301 1840 1329 1904 ll

96 1946 208 2008 lrutto
229 1945 296 2007 che
318 1945 354 2008 in
375 1959 453 2006 esse
475 1945 650 2008 monache
665 1944 731 2007 sie
752 1943 852 2022 fatto,
876 1962 920 2007 ne
940 1949 959 2008 e
979 1961 1090 2023 segno
1110 1946 1133 2009 il
1153 1946 1339 2013 desiderio-

96 2051 236 2132 grande
251 2052 327 2114 loro
341 2053 399 2114 nel
415 2050 622 2114 domandas·
638 2051 740 2128 altre,
756 2059 791 2115 et
805 2052 895 2115 altre
906 2051 997 2115 simil
1008 2053 1156 2131 ragione
1172 2055 1205 2116 lo
1220 2054 1328 2119 dimo·

97 2169 242 2236 strano,
259 2157 355 2238 quali
369 2173 432 2237 per
446 2156 585 2220 breulta
601 2157 728 2220 lascio.

155 2263 258 2329 Nelle
272 2264 408 2328 lettioni
422 2262 488 2326 che
504 2263 539 2326 in
555 2279 640 2326 casa
658 2265 751 2327 nella
774 2273 895 2327 nostra
916 2263 1035 2329 chiesa
1057 2272 1077 2329 e
1099 2267 1204 2330 solito
1225 2267 1281 2332 sar
1304 2269 1328 2331 il

96 2371 135 2436 P.
153 2370 311 2434 Maestro
327 2371 470 2449 Ccsnre,
487 2387 552 2450 par
568 2370 623 2434 ch'
641 2371 665 2434 il
679 2369 810 2450 Signor
823 2371 952 2435 habbia
967 2372 1051 2436 dato
1066 2389 1136 2436 vnn
1149 2383 1248 2438 certa
1259 2375 1328 2438 effi-

96 2480 201 2544 cacia
216 2479 282 2542 che
297 2477 477 2541 rarissime
492 2494 606 2544 sonno
621 2487 712 2541 state
727 2479 852 2558 quelle,
869 2495 932 2558 per
948 2480 1043 2560 quali
1065 2479 1089 2541 il
1103 2477 1234 2559 Signor
1256 2499 1336 2545 non·

96 2587 231 2650 habbia
247 2587 352 2649 tirato
372 2586 488 2648 alcuni
510 2602 567 2649 oa
586 2583 801 2663 consessar’,
822 2603 843 2648 o
863 2603 884 2648 a
907 2587 1045 2667 qualch'
1065 2587 1156 2650 altro
1180 2589 1339 2669 aggiuto-

97 2693 296 2773 spirituale.
313 2691 363 2756 Le
378 2691 589 2756 consession'
607 2690 652 2755 ad
668 2693 752 2772 ogni
768 2691 874 2755 modo
888 2709 953 2755 son
968 2703 1059 2756 state
1074 2694 1181 2774 assai,
1204 2704 1238 2758 et
1261 2712 1336 2760 con-

96 2801 233 2865 diuersi
248 2798 357 2863 srutti.
376 2799 427 2863 Ne
441 2815 554 2862 sonno
569 2799 655 2862 latte
669 2800 777 2862 molte
799 2797 843 2862 de
864 2799 961 2863 molti
986 2802 1070 2864 anni
1085 2817 1148 2880 per
1168 2801 1233 2865 sin'
1254 2819 1278 2866 a
1293 2803 1337 2868 cli:

97 2907 143 2972 30
157 2919 193 2970 et
208 2908 267 2986 pili
282 2906 378 2984 anni,
394 2917 428 2969 et
444 2907 550 2970 molte
569 2905 729 2984 generali
749 2903 815 2969 che
833 2905 1030 2970 sarebbono
1052 2908 1182 2987 longhe
1197 2927 1218 2972 a
1241 2909 1328 2974 rese·

96 3015 185 3078 n'rlc
200 3014 235 3078 in
251 3013 465 3094 particolari,
490 3030 552 3094 per
570 3029 669 3076 esser
688 3021 781 3075 state
801 3014 911 3075 molto
929 3013 1080 3076 diuerse.
1103 3013 1239 3094 impero
1262 3017 1338 3080 che¹

96 3139 165 3202 per
179 3123 269 3184 altre
285 3121 314 3183 si
329 3137 442 3182 sonno
457 3119 685 3183 reconciliate
700 3119 882 3183 inimicitie
897 3119 1041 3196 crudeli,
1058 3123 1098 3182 et
1109 3137 1171 3200 per
1185 3122 1251 3185 sin'
1268 3126 1336 3186 all*

96 3227 313 3292 ammazarsi
335 3229 356 3289 l‘
373 3229 432 3289 vn’
459 3227 479 3289 l’
505 3227 596 3289 altro
622 3226 829 3306 pericolose:
850 3242 913 3305 per
928 3227 1061 3290 altresi
1077 3231 1326 3292 sonsmorzati

96 3333 183 3410 odii,
206 3334 435 3411 contentioni,
458 3333 601 3408 inuidie,
623 3333 867 3414 disperationi,
885 3336 915 3394 sl
934 3331 967 3394 d’
985 3333 1141 3396 huomini
1160 3352 1260 3399 come
1282 3337 1325 3399 de

95 3442 238 3506 donne:
268 3459 331 3521 per
355 3443 445 3504 altre
469 3439 668 3504 finalmente
695 3439 775 3504 altri
801 3439 882 3502 beni
906 3440 962 3503 col
987 3439 1094 3502 diuin'
1123 3443 1269 3521 aggiuto
1295 3443 1326 3506 si

96 3567 166 3614 son
181 3549 276 3627 fatti,
294 3563 393 3612 come
408 3547 525 3611 cauati
541 3547 597 3610 del
613 3555 759 3624 peccato
781 3546 950 3620 adulteri,
971 3548 1232 3626 concubinarii,
1256 3561 1326 3612 rat·

94 3655 180 3734 tori,
197 3665 231 3718 et
246 3655 313 3728 che
334 3655 442 3717 molto
464 3671 528 3717 son
550 3653 723 3733 peggiori,
747 3669 818 3716 non
840 3653 967 3732 pocchi
989 3654 1133 3717 heretici
1148 3655 1178 3718 si
1200 3672 1265 3718 son
1280 3658 1325 3719 le·

94 3763 174 3828 uati
189 3745 282 3824 dalla
297 3761 446 3840 iniquita
460 3771 495 3822 et
509 3758 656 3841 perfidia
671 3775 747 3822 sua.
766 3759 863 3822 Bona
880 3769 980 3838 parte
995 3759 1030 3821 di
1045 3761 1160 3840 questi
1175 3778 1244 3823 non
1258 3761 1325 3826 dis·

95 3869 303 3934 conoscentl
325 3867 369 3930 de
394 3877 493 3930 tanto
512 3868 601 3930 bene
622 3866 804 3930 ritornano
824 3867 892 3929 alle
916 3867 1009 3928 volte
1030 3868 1089 3929 alli
1109 3866 1181 3930 ΒΜ
1200 3867 1324 3932 Sacra·

96 3977 220 4041 menti.
236 3975 295 4038 Ma
317 3986 372 4037 tra
387 3973 501 4054 questi
515 3973 583 4036 due
602 3976 635 4037 n'
655 3974 700 4036 ho
716 3982 838 4036 notato
854 3972 913 4052 piu
928 3975 1130 4052 segnalate,
1147 3974 1214 4037 due
1229 3975 1326 4038 adul·

94 4095 175 4148 tere
190 4093 224 4146 et
239 4079 273 4144 di
289 4094 413 4144 casata
424 4093 458 4144 et
473 4081 508 4144 di
524 4081 634 4144 robha
650 4078 769 4158 nobili,
787 4095 843 4142 ma
859 4078 902 4142 de
917 4079 1055 4159 peccati
1069 4079 1126 4143 del
1138 4081 1324 4158 adulterio,

92 4189 363 4266 incantamenti,
380 4187 472 4250 etde
488 4187 593 4251 simili
607 4186 771 4250 scelerith
787 4173 1003 4266 puzzolente:
1022 4186 1043 4249 l'
1064 4204 1133 4250 vna
1149 4205 1211 4268 per
1226 4190 1332 4253 molti·

92 4299 182 4361 anni
196 4296 362 4360 maritata
377 4312 445 4358 con
460 4295 599 4372 marito,
614 4295 637 4358 l’
656 4295 747 4357 altra
762 4292 806 4356 de
821 4293 920 4356 molti
936 4311 1036 4357 come
1051 4293 1170 4357 donna
1184 4296 1325 4374 publica

92 4421 296 4481 commune,
312 4403 447 4466 benche
462 4401 613 4480 occulta,
626 4417 689 4482 per
703 4417 801 4464 esser
812 4401 990 4464 maritata.
1004 4399 1073 4464 Pur
1085 4401 1204 4466 lodato
1216 4419 1260 4465 ne
1271 4404 1325 4467 sia

91 4510 333 4596 Jesuchristo,
354 4509 415 4572 tal'
436 4515 456 4572 e
476 4517 569 4572 stato
593 4509 628 4570 la
653 4507 886 4572 conuersione
911 4509 986 4570 loro
1011 4509 1102 4570 nella
1124 4509 1325 4589 primaeua

92 4616 323 4683 consessione
338 4615 384 4694 (la
399 4617 482 4696 qual
496 4616 572 4679 solo
588 4632 650 4695 per
672 4613 784 4694 finger
799 4625 833 4676 et
855 4613 1002 4678 simular
1021 4632 1130 4678 erano
1152 4631 1281 4680 venute
1293 4635 1324 4680 a

93 4727 187 4800 lare)
210 4725 277 4787 che
298 4723 404 4804 dopoi
423 4739 563 4802 sempre
584 4722 619 4785 in
639 4737 761 4801 spesse
787 4719 1000 4784 confessioni
1026 4733 1061 4784 et
1087 4723 1329 4786 communioni
