3472 5528
1276 518 1330 613 29⁵

118 663 265 727 consiliis
280 673 315 728 et
329 663 491 728 doctrina
509 680 575 745 pro
598 679 721 727 eorum
742 663 916 744 spirituali
938 663 1098 745 profectu
1119 681 1317 748 conseruari
1338 647 1341 657 ’

22 783 23 808 t
118 769 176 848 dis,
192 789 329 835 necnon
343 773 379 836 in
400 771 523 836 fauore
539 771 589 851 (vt
610 771 706 835 vires
731 770 875 850 dabant)
898 771 1001 836 nobis
1021 769 1268 851 impendendo,
1291 779 1330 834 vt

117 894 174 942 nec
187 879 382 944 maledictis
396 878 637 960 conuiciisque
650 878 817 943 maximis
830 878 1090 959 frangerentur,
1108 895 1173 942 nec
1194 867 1334 959 pericu·

22 1057 24 1072 Ι
117 985 154 1048 lis
170 1003 289 1050 eorum
309 987 404 1050 vitae
428 985 689 1050 imminentibus
714 987 830 1068 (prout
855 995 1077 1050 caeterorum
1102 994 1179 1050 erat
1204 981 1332 1065 rabies)

117 1099 332 1173 terrerentur,
356 1093 470 1174 neque
494 1110 515 1156 a
540 1093 642 1156 solita
663 1104 968 1158 sacramentorum
985 1092 1204 1174 frequentia,
1225 1109 1331 1174 quam

120 1199 198 1278 ipsis
210 1199 341 1280 pluries
356 1200 627 1265 concionatores
643 1199 749 1281 (quod
764 1200 952 1265 dolendum
967 1199 1108 1281 quidem
1128 1202 1193 1278 est)
1217 1209 1252 1264 et
1273 1217 1334 1280 pu-

117 1305 198 1370 blice
211 1316 245 1371 et
259 1307 427 1389 priuatim
445 1355 452 1386 ,
468 1323 539 1371 non
553 1307 630 1372 sine
645 1324 769 1372 eorum
793 1308 984 1388 opprobrio
1006 1316 1040 1372 et
1062 1308 1274 1372 contumelia
1286 1313 1332 1372 'et

117 1414 226 1494 populi
240 1414 276 1478 in
290 1431 351 1478 eos
366 1414 615 1495 concitatione,
640 1415 851 1492 dissuasere,
876 1415 990 1480 averti
1015 1415 1192 1480 vllatenus
1214 1423 1333 1495 potue·

116 1521 189 1586 rint.
211 1521 452 1587 Corroborant
475 1523 594 1587 omnia
616 1522 716 1603 haec,
733 1531 868 1586 attenta
883 1531 998 1587 mente
1014 1539 1200 1603 perpensa,
1218 1515 1333 1587 denuo

117 1629 348 1694 accedentium
366 1629 481 1711 fidem;
497 1647 622 1694 eorum
637 1637 766 1711 autem,
784 1631 894 1712 quiin
917 1631 1111 1694 tentatione
1133 1645 1333 1710 permanse-

117 1745 191 1798 runt
207 1737 327 1816 sortes,
352 1738 543 1818 adaugent:
565 1738 732 1814 iniuriae,
757 1754 844 1818 quas
865 1738 965 1800 nobis
990 1746 1024 1801 et
1050 1737 1154 1801 exilio
1180 1737 1333 1802 reuersis

118 1843 238 1921 passim
252 1845 460 1924 inferebant,
478 1846 711 1910 contumeliae
726 1853 760 1908 et
773 1844 945 1923 conuicia,
960 1861 1051 1925 quae
1066 1844 1242 1924 nobisper
1254 1845 1333 1909 uias

117 1957 146 2010 et
160 1950 292 2028 plateas
306 1951 425 2032 palam
440 1961 475 2016 et
489 1953 631 2032 impune
646 1950 834 2028 iaciebant,
850 1950 922 2014 iam
943 1967 986 2014 ex
1007 1960 1109 2032 parte
1133 1959 1331 2016 cessarunt:

119 2059 330 2138 nequeenim
345 2075 435 2122 crux
450 2057 581 2123 Christi
597 2059 740 2122 omnino
761 2058 890 2122 deserit
913 2074 990 2121 nos:
1012 2058 1149 2122 vtinam
1170 2058 1245 2139 eius
1263 2058 1333 2122 sru-

122 2172 193 2230 ctus
206 2165 404 2231 vberrimos
418 2182 658 2248 capessamus.

169 2271 311 2338 Praeter
324 2273 414 2338 haec
429 2273 587 2338 nonnulli
607 2273 804 2354 spiritualia
827 2271 942 2338 iecere
964 2274 1135 2338 exercitia
1158 2274 1250 2338 intra
1273 2290 1334 2338 no·

22 2381 23 2388 ’
116 2387 200 2444 stros
213 2381 377 2462 parietes.
395 2390 429 2444 et
443 2397 537 2445 nunc
552 2380 720 2445 sacerdos
731 2380 874 2461 quidam
889 2381 1075 2461 theologus
1097 2399 1139 2445 ea
1164 2381 1259 2446 domi
1281 2397 1333 2445 re-

117 2485 202 2566 cipit,
218 2487 347 2569 aliique
362 2487 485 2552 eadem
500 2486 619 2552 iacere
642 2495 822 2569 exoptant,
848 2487 941 2569 quod
965 2489 1092 2552 mirum
1114 2487 1256 2569 quidem
1281 2497 1334 2552 est

22 2615 23 2624 ¹
118 2593 503 2676 protemporisinjuria.
518 2593 669 2674 Quidam
680 2597 791 2676 recipi
802 2595 932 2676 elapsis
943 2587 1331 2674 diebusdesiderarunt3

119 2708 260 2766 attamen
273 2703 362 2784 ipse,
374 2719 455 2765 eum
470 2719 570 2767 meac
580 2709 664 2766 tunc
679 2711 797 2766 essent
808 2711 940 2782 partes,
957 2702 1050 2782 (quia
1066 2717 1264 2784 procorum
1276 2720 1333 2766 ex·

22 2815 23 2828 ¹
118 2809 275 2886 parienda
291 2810 491 2873 constantia
507 2809 555 2872 ita
568 2809 687 2881 uisum
701 2807 765 2874 suit
780 2808 971 2890 expedire),
987 2810 1188 2889 ingressum
1203 2809 1334 2874 distuli:

22 2949 24 2972 .
119 2916 265 2980 nonnulli
278 2917 388 2981 etiam
402 2915 551 2981 nuncid
572 2914 777 2997 efflagitant.
799 2915 879 2981 Duo
903 2915 1049 2981 admissi
1066 2925 1162 2994 sunt,
1185 2933 1334 2998 quorum

22 3109 24 3128 μ
119 3021 198 3085 alter
213 3023 248 3087 in
263 3023 497 3104 grammatice
512 3033 676 3088 versatus
690 3033 754 3104 est,
772 3025 861 3088 alter
880 3023 925 3088 ad
947 3017 1142 3088 ministeria
1162 3033 1335 3106 tempora·

22 3171 23 3178 κ
118 3128 157 3191 lia
171 3129 234 3194 suit
250 3140 424 3211 receptus,
439 3131 522 3196 licet
537 3129 661 3196 eadem
680 3140 715 3196 et
735 3132 869 3213 primus
890 3149 1030 3214 semper
1049 3132 1167 3196 subire
1190 3141 1337 3215 paratus

22 3303 23 3320 χ
118 3235 167 3298 sit.
183 3236 370 3302 Caeterum
383 3237 468 3302 soris
483 3237 614 3302 tradita
633 3240 741 3302 etiarn
755 3247 836 3303 sunt
855 3240 1053 3320 spiritualia
1072 3240 1243 3304 exercitia
1264 3249 1336 3306 tam

118 3343 284 3423 religiosis
298 3362 406 3426 quarn
421 3345 532 3423 laicis,
549 3346 640 3409 inter
657 3361 744 3427 quos
759 3344 857 3410 iuere
869 3345 938 3410 duo
950 3346 1081 3411 fratres
1091 3365 1136 3411 ex
1148 3347 1336 3412 obseruan-

119 3451 160 3512 tia
180 3450 278 3516 Beati
297 3451 498 3529 Francisci,
522 3452 581 3534 qui
605 3452 829 3518 mediocriter
854 3452 1047 3536 profecere.
1075 3451 1206 3518 Multae
1231 3455 1338 3518 etiam

22 3609 23 3618 ,
118 3557 278 3622 moniales
292 3557 477 3623 cuiusdam
492 3559 654 3632 coenobii
668 3558 769 3624 Beati
782 3558 959 3624 Dominici
972 3560 1080 3642 (quod
1092 3561 1225 3641 primas
1240 3569 1339 3625 tenet
1402 3643 1403 3646 Ἴ

22 3663 24 3710 4
120 3661 229 3729 inhac
243 3665 344 3745 vrbe)
363 3667 581 3730 exercitatae
602 3677 695 3731 sunt:
718 3667 753 3731 id
773 3668 871 3748 prius
892 3685 912 3730 a
933 3668 1034 3732 nobis
1055 3685 1177 3732 earum
1193 3667 1337 3732 Provin-

120 3770 192 3835 ciali
215 3773 419 3854 praeposito
445 3772 516 3854 (qui
541 3773 645 3854 signa
664 3773 863 3838 dilectionis
885 3774 985 3838 nobis
1006 3777 1162 3839 maxima
1185 3775 1338 3840 ostendit

22 3925 24 3950 ‚
119 3885 215 3959 atque
229 3879 320 3944 inter
334 3879 465 3943 collata
486 3880 551 3944 sibi
572 3898 593 3944 a
616 3879 769 3945 Domino
788 3889 929 3962 reputat
948 3881 1131 3962 beneficia,
1154 3883 1249 3964 quod
1272 3883 1338 3947 sibi

22 3991 24 4076 ἑ
118 3985 268 4051 subditae
282 3986 457 4050 moniales
480 3987 671 4068 aliquando
692 4006 713 4050 a
736 3987 903 4069 quopiam
925 3997 1086 4053 nostrum
1105 3988 1279 4070 visantur,
1303 4001 1338 4054 et

119 4089 150 4152 in
169 4093 408 4174 spiritualibus
429 4093 662 4170 instruantur)
685 4095 825 4174 magnis
849 4095 1013 4176 precibus
1042 4093 1275 4176 efflagitante:
1302 4098 1338 4161 in

118 4204 244 4264 tantum
258 4208 377 4265 autem
389 4200 583 4281 spiritualis
599 4201 727 4266 harum
741 4219 905 4266 sororum
919 4201 1100 4283 profectus
1114 4203 1284 4282 excreuit,
1299 4211 1337 4268 ut

22 4331 23 4402 ἐ
119 4311 148 4366 et
160 4306 329 4373 mirentur
344 4308 404 4390 qui
423 4307 458 4371 id
481 4317 621 4385 norunt,
639 4318 673 4373 et
692 4309 753 4389 qui
772 4308 840 4373 illis
859 4307 964 4372 Pater
986 4309 1157 4374 exercitia
1181 4309 1335 4386 tradidit,

22 4443 23 4448 =
120 4427 276 4494 magnam
300 4413 382 4478 inde
408 4415 633 4480 occasionem
657 4414 878 4496 glorificandi
900 4413 1120 4480 Altissimum
1146 4417 1335 4498 acceperit;

22 4549 23 4552 π
120 4527 216 4601 atque
231 4537 275 4585 ex
288 4519 357 4585 hoc
370 4519 459 4586 odor
474 4523 628 4604 optimus
637 4523 674 4587 in
686 4523 809 4588 vrbem
821 4521 1001 4602 dispersus
1013 4533 1076 4586 est.
1089 4522 1128 4587 In
1141 4523 1219 4588 aliis
1230 4523 1337 4588 etiam

22 4671 23 4676 η
121 4641 272 4693 sororum
283 4627 464 4694 coenobiis
477 4628 683 4710 proficiendi
701 4646 765 4711 per
785 4645 851 4693 nos
872 4629 907 4693 in
933 4628 1174 4709 spiritualibus
1192 4631 1337 4696 faculta-

124 4741 186 4797 tem
200 4735 283 4802 noui
296 4736 486 4802 nonnullas
500 4745 676 4823 expetere;
694 4735 854 4805 sedeunt
870 4734 1051 4816 negotium
1068 4739 1147 4818 hoc,
1163 4738 1246 4802 licet
1260 4755 1336 4820 pro·
