3436 5526
488 484 654 556 Annium
674 501 706 544 nr
726 501 813 545 rouo
832 499 979 545 sacuuoo

161 917 283 1030 Peg.
312 950 379 1028 81,
396 956 483 1031 post
500 949 676 1031 hispanas
697 951 827 1014 Patris
848 951 1007 1031 Joanm's
1030 952 1182 1013 Gamero
1206 950 1352 1016 litteras

119 1058 310 1121 addendae
325 1063 524 1137 sequentes:

555 1593 845 1678 CLXXXVII
875 1590 926 1650 bss

175 1946 235 2006 Fr.
250 1947 375 2009 Lucius
389 1946 512 2018 Croce,

215 2043 269 2104 Ex
282 2044 524 2105 commissione
537 2044 646 2104 Patris
659 2045 797 2119 Joannis
812 2027 979 2114 Gamero,¹

254 2143 345 2224 Patri
358 2143 487 2218 Ignatio
501 2144 543 2202 de
557 2142 697 2218 Loyola.

287 2242 452 2315 Valentia,
467 2242 504 2301 30
517 2243 715 2302 Decembris
731 2242 801 2302 1552
814 2242 833 2300 ¹.

682 2475 777 2593 nis

187 2769 266 2834 R.<¹e
285 2769 322 2833 in
337 2769 478 2834 Christo
495 2769 609 2833 Pater.

185 2877 244 2942 Ex
263 2876 374 2939 literis
394 2859 556 2955 proximo
576 2875 825 2956 quadrimestri
850 2876 896 2940 ad
920 2877 960 2940 T.
990 2875 1083 2940 P.tem
1102 2877 1256 2957 scriptis,
1275 2895 1355 2941 eam

120 2983 352 3067 potissimum
367 2983 554 3046 certiorem
568 2982 716 3046 fecimus
731 2983 909 3047 discessus
924 2985 1038 3048 nostri
1052 2983 1170 3047 Patris
1181 2983 1354 3064 Hierony·
1433 3062 1436 3067 ,

119 3093 184 3166 mi,
203 3089 265 3172 qui
280 3107 373 3154 nono
387 3089 558 3154 kalendas
574 3088 789 3170 Septembris
802 3091 883 3154 hinc
896 3089 1159 3154 Barchinonam
1174 3090 1355 3171 profectus

119 3210 189 3263 est.
212 3195 270 3262 Ac
297 3198 503 3277 priusquam
521 3196 604 3259 hinc
628 3195 842 3272 discederet,
869 3195 1032 3260 Fratrem
1057 3196 1251 3262 Gamerum
1272 3197 1355 3262 huic

118 3304 278 3384 collegio
306 3303 497 3384 praefecit,
528 3320 710 3384 quousque
740 3321 760 3366 a
788 3303 1003 3367 Prouinciali
1031 3303 1151 3368 Araoz
1179 3304 1355 3384 quispiam

119 3413 229 3490 alius,
248 3411 308 3490 qui
323 3411 416 3474 illius
428 3409 543 3473 vicem
557 3418 671 3489 gerat,
685 3409 932 3474 constituatur:
949 3409 1059 3473 frater
1071 3412 1164 3474 enim
1179 3409 1355 3474 Gamerus

121 3536 210 3584 cum
226 3529 322 3581 esset
342 3517 455 3581 sacris
474 3517 632 3580 initiatus
651 3527 840 3596 antequam
861 3515 1076 3580 Societatem
1097 3517 1353 3596 ingrederetur,

118 3637 277 3690 coactus
288 3633 341 3688 est
353 3627 428 3688 eius
439 3624 536 3688 iussu
549 3623 594 3687 ad
605 3622 803 3687 sacerdotii
814 3624 1022 3702 dignitatem
1034 3624 1245 3704 promoveri,
1260 3624 1354 3704 quod

121 3733 196 3798 Dei
213 3731 340 3812 optimi
355 3731 500 3794 maximi
522 3729 691 3794 beneficio
713 3731 845 3794 sactum
865 3741 928 3794 est.
947 3729 1016 3795 Vbi
1036 3731 1148 3810 primo
1170 3730 1226 3794 die
1246 3728 1355 3792 domi·

122 3842 210 3906 nico
227 3839 360 3902 mensis
375 3837 602 3918 Septembris
619 3839 792 3900 innostro
808 3837 938 3917 templo
960 3837 1269 3912 semiconstructo,
1287 3838 1355 3916 pri·

119 3965 225 4012 mum
253 3962 394 4008 sacrum
417 3944 625 4022 celebrauit;
653 3953 686 4008 et
715 3961 796 4007 cum
820 3943 924 4008 Pater
949 3943 1120 4024 Baptista,
1150 3942 1356 4007 Praefectus

118 4052 270 4134 collegii
285 4051 512 4129 Gandiensis,
530 4052 624 4131 apud
643 4068 708 4114 nos
728 4061 836 4129 esset,
855 4050 1030 4132 frequenti
1049 4051 1218 4114 concione
1232 4062 1285 4114 est
1308 4050 1357 4113 ibi

116 4161 372 4236 concionatus
390 4176 461 4222 non
476 4158 551 4221 sine
566 4158 723 4222 maxima
738 4158 889 4222 vtilitate
904 4175 1046 4233 eorum,
1063 4158 1121 4236 qui
1137 4175 1175 4220 se
1189 4158 1259 4220 huc
1275 4175 1355 4220 con-

116 4272 296 4334 tulerunt.
312 4265 517 4329 Discessum
532 4274 652 4328 autem
666 4266 778 4329 nostri
791 4264 905 4329 Patris
916 4263 1137 4344 Hieronymi,
1151 4265 1217 4328 etsi
1229 4281 1274 4328 ex
1285 4263 1357 4328 Va·

116 4374 272 4441 lentinis
286 4373 386 4436 multi
401 4390 444 4436 ac
459 4389 524 4436 nos
544 4389 666 4436 omnes
685 4372 805 4453 iniquo
821 4373 939 4436 animo
961 4373 1161 4450 tulerimuS,
1182 4372 1359 4436 nihilomi-

116 4484 342 4513 -,-,-.-.-έ

163 4565 171 4596 ¹
204 4563 236 4607 ln
247 4563 301 4604 vol.
312 4561 412 4613 Queat.
423 4561 577 4612 rasa-155⁴,
587 4563 767 4616 autographae
780 4561 874 4616 duplici
889 4562 957 4613 solio,
969 4563 1052 4615 primo
1063 4574 1087 4605 n.
1096 4561 1145 4612 aa,
1156 4562 1239 4605 altero
1254 4572 1304 4604 nou
1314 4571 1358 4606 uu·

117 4643 240 4683 mento.
252 4632 317 4677 Sunt
328 4639 428 4676 tantum
446 4633 655 4688 praecedentium
670 4637 698 4684 (t.
713 4633 746 4687 11,
762 4645 821 4688 pag.
835 4633 909 4680 79-811
927 4634 1036 4677 latinum
1051 4635 1204 4687 exemplum
1215 4643 1260 4676 eas
1270 4637 1359 4676 tamen

118 4707 270 4754 distinctas
281 4705 337 4749 loco
349 4713 375 4748 et
386 4716 491 4750 numero
502 4707 626 4760 ponimus,
636 4705 696 4760 quia
706 4707 739 4749 ab
747 4707 799 4750 alto
807 4707 920 4762 scriptae
928 4707 1030 4759 alioque
1042 4705 1081 4748 die
1091 4705 1254 4758 subscriptae
1262 4711 1331 4748 sunt.
