3504 5532
759 502 931 563 errnaen
948 519 1220 573 queomunsreus

870 1181 1113 1266 GDLXXX

423 1522 620 1598 Alphonsus
634 1521 831 1583 Hernandez
891 1538 896 1547 ·

462 1621 555 1680 Patri
567 1619 695 1694 ignatio
708 1621 750 1680 de
762 1621 904 1696 Loyola.

499 1717 629 1816 Genua,
644 1718 679 1778 13
693 1718 869 1780 Februarii
884 1720 953 1780 1556
970 1722 989 1780 “.

951 1954 1026 2074 nis

432 2250 509 2315 Rfle
529 2251 566 2314 in
580 2250 721 2314 Christo
736 2249 853 2314 Pater.

433 2356 559 2422 Gratia
574 2367 608 2420 et
622 2375 694 2437 pax
708 2355 841 2421 Christi
855 2365 923 2421 etc.

432 2463 607 2544 Quoniam
621 2473 760 2544 tempus
774 2481 796 2526 a
810 2464 924 2540 nobie,
941 2463 1207 2528 consuetudinis
1221 2471 1255 2528 et
1270 2464 1420 2528 instituti
1434 2463 1578 2532 Societa
1588 2499 1602 2514 -

368 2572 417 2634 tis
430 2579 574 2634 nostrae
589 2569 684 2634 haud
698 2570 827 2650 oblitis,
843 2571 1022 2650 postulare
1038 2571 1176 2634 uidetur
1194 2579 1243 2648 ut,
1258 2588 1350 2651 quae
1365 2569 1421 2635 his
1435 2572 1599 2652 proxime

368 2679 561 2740 transactis
574 2677 594 2738 4
608 2677 787 2740 mensibus
800 2677 859 2741 hic
873 2685 953 2740 acta
969 2686 1062 2756 sunt,
1084 2678 1292 2742 breuissime
1313 2678 1425 2742 literis
1446 2678 1597 2744 manda·

369 2801 500 2862 remuS,
517 2801 646 2864 operae
659 2783 810 2864 pretium
825 2783 928 2847 nobis
943 2785 1058 2848 uisum
1072 2793 1136 2863 est,
1151 2801 1233 2848 cnm
1243 2785 1407 2865 tempori,
1420 2794 1496 2848 turn
1510 2801 1597 2852 uero

369 2902 453 2955 tuae
481 2890 726 2954 sanctissimae
755 2891 940 2970 uoluntati,
966 2890 1228 2971 obtemperare:
1254 2895 1361 2970 atque
1386 2909 1429 2954 ne
1452 2891 1596 2957 diutius

366 2999 489 3062 ammo
499 2999 672 3078 petralene,
689 2996 845 3078 acceptos
863 2997 1006 3060 obsecro
1026 2997 1084 3077 (ut
1102 2997 1214 3076 soles)
1238 2999 1335 3077 hoec,
1356 3013 1597 3079 quaecunque

366 3104 434 3168 illa
449 3105 536 3184 sint,
550 3121 660 3184 aequo
670 3109 873 3184 paratoque
888 3105 1018 3168 animo.

430 3211 593 3275 Patribus
606 3211 843 3292 fratribusque
858 3211 989 3274 nostris
1004 3212 1093 3274 haec
1107 3227 1179 3274 una
1198 3228 1286 3274 cura
1305 3212 1424 3276 animo
1448 3212 1591 3290 insidet,

370 3328 409 3383 ut
423 3317 570 3400 possint,
587 3319 705 3398 quoad
718 3334 840 3381 eorum
861 3317 936 3381 fieri
957 3325 1084 3399 potest.
1108 3316 1340 3397 orationibus,
1364 3317 1594 3386 confessioni·

368 3425 446 3504 bus,
469 3424 752 3504 spiritalibusque
774 3423 969 3504 colloquiis,
993 3424 1099 3487 saluti
1122 3423 1278 3487 omnium
1301 3425 1501 3503 consulere;
1527 3442 1597 3488 nec

369 3549 515 3612 operam
535 3547 637 3593 suam
657 3530 819 3610 perdunt,
839 3531 946 3593 immo
966 3531 1066 3593 Deus
1083 3531 1162 3610 Opt.
1178 3531 1283 3594 Max.
1299 3546 1424 3593 eorum
1430 3530 1602 3611 procubus

366 3639 494 3701 adesse
508 3637 701 3716 dignatur,
715 3637 809 3716 quod
828 3639 884 3700 uel
903 3638 1070 3718 frequens
1089 3635 1135 3699 ad
1157 3655 1223 3700 nos
1247 3637 1428 3701 hominum
1449 3655 1599 3702 concur-

370 3763 431 3809 sus
445 3745 641 3823 confirmat,
656 3745 715 3825 qui
730 3745 766 3806 in
780 3743 856 3808 dies
870 3744 1029 3822 singulos
1044 3744 1186 3824 collegii
1201 3743 1314 3806 nostri
1332 3743 1454 3807 limina
1476 3745 1595 3824 magis

368 3861 475 3932 atque
495 3851 609 3931 magis
627 3861 756 3930 terunt,
772 3860 899 3913 octauo
919 3866 1057 3931 quoque
1072 3849 1140 3928 die,
1157 3851 1213 3913 uel
1228 3849 1457 3930 frequentius
1474 3850 1593 3913 crr'nu'·
1610 3828 1616 3840 ¹

367 3976 418 4021 na
436 3957 612 4021 Patribus
630 3957 769 4020 nostris
788 3957 964 4020 detentari
980 3955 1003 4035 ¹,
1030 3961 1064 4019 et
1088 3973 1230 4020 sacram
1256 3956 1518 4022 Eucharistiam
1539 3975 1596 4022 su·

366 4067 534 4146 scepturi‚
551 4082 701 4146 quorum
715 4064 808 4127 uitae
822 4065 1054 4127 mutationem
1068 4063 1226 4145 plerique
1239 4063 1417 4143 admirati,
1430 4063 1595 4132 eamdem

366 4189 508 4253 quoque
523 4171 768 4252 ingrediuntur
789 4170 895 4250 uiam,
917 4170 1150 4252 eumdemque
1171 4170 1314 4234 uiuendi
1334 4169 1441 4234 ritum
1462 4172 1593 4251 ample·

367 4291 511 4358 xantnr,
528 4279 619 4342 inter
633 4295 722 4360 qnos
735 4289 816 4342 sunt
831 4278 939 4342 etiam
953 4278 1049 4342 ciues
1063 4281 1097 4341 et
1109 4275 1120 4306 ³
1132 4276 1350 4358 reipublicae
1361 4277 1505 4358 lumina,
1518 4281 1596 4360 qui-

411 4452 419 4484 *
448 4449 635 4504 Autogrrpbee
645 4449 740 4504 duplici
750 4449 819 4500 lolio.
830 4460 871 4492 nn.
883 4449 922 4492 117
931 4455 957 4492 et
968 4447 1014 4493 120.
1028 4447 1100 4501 Quae
1115 4458 1131 4492 ι
1147 4447 1259 4492 Polenco
1273 4451 1333 4491 sunt
1343 4447 1430 4492 delete
1445 4450 1487 4492 vei
1504 4450 1593 4497 imme·

367 4528 434 4572 tata.
444 4522 545 4566 italicis
554 4521 750 4564 characteribus
760 4520 785 4564 ln
795 4526 869 4564 textu
878 4519 1054 4573 indicablmns;
1063 4520 1255 4564 emendationes
1264 4528 1328 4562 vero
1339 4519 1444 4564 Polancl
1456 4521 1481 4564 lu
1490 4529 1599 4568 annote-

366 4595 480 4640 tionibus
490 4593 663 4648 subjiciemus.

409 4667 421 4698 ²
447 4669 506 4720 post
515 4665 719 4720 consessionem.
730 4663 871 4708 Patareus.

408 4739 420 4774 ⁸
445 4737 577 4794 primarii
586 4735 708 4780 etherius.
721 4734 758 4780 in.
