<?xml version="1.0" encoding="UTF-8"?>
<!DOCTYPE html PUBLIC "-//W3C//DTD XHTML 1.0 Transitional//EN"
    "http://www.w3.org/TR/xhtml1/DTD/xhtml1-transitional.dtd">
<html xmlns="http://www.w3.org/1999/xhtml" xml:lang="en" lang="en">
 <head>
  <title>
</title>
<meta http-equiv="Content-Type" content="text/html;charset=utf-8" />
  <meta name='ocr-system' content='tesseract 3.04.00' />
  <meta name='ocr-capabilities' content='ocr_page ocr_carea ocr_par ocr_line ocrx_word'/>
</head>
<body>
  <div class='ocr_page' id='page_1' title='image "./litteraequadrim00jesugoog_0275.png"; bbox 0 0 3472 5528; ppageno 0'>
   <div class='ocr_carea' id='block_1_1' title="bbox 667 492 1352 572">
    <p class='ocr_par' dir='ltr' id='par_1_1' title="bbox 667 492 1352 572">
     <span class='ocr_line' id='line_1_1' title="bbox 667 492 1352 572; baseline 0.006 -4"><span class='ocrx_word' id='word_1_1' title='bbox 667 492 730 569; x_wconf 45' lang='lat' dir='ltr'>Aa:</span> <span class='ocrx_word' id='word_1_2' title='bbox 753 499 823 571; x_wconf 80' lang='lat'>1556</span> <span class='ocrx_word' id='word_1_3' title='bbox 1297 503 1352 572; x_wconf 78' lang='lat'>269</span> 
     </span>
    </p>
   </div>
   <div class='ocr_carea' id='block_1_2' title="bbox 126 655 1426 1383">
    <p class='ocr_par' dir='ltr' id='par_1_2' title="bbox 126 655 1426 1258">
     <span class='ocr_line' id='line_1_2' title="bbox 182 655 1352 738; baseline 0 -17"><span class='ocrx_word' id='word_1_4' title='bbox 182 655 304 721; x_wconf 85' lang='lat' dir='ltr'>Nostri</span> <span class='ocrx_word' id='word_1_5' title='bbox 318 665 569 738; x_wconf 82' lang='lat' dir='ltr'>praeceptores</span> <span class='ocrx_word' id='word_1_6' title='bbox 588 657 880 738; x_wconf 90' lang='lat' dir='ltr'>progrediuntur,</span> <span class='ocrx_word' id='word_1_7' title='bbox 898 657 1031 720; x_wconf 89' lang='lat' dir='ltr'>Christi</span> <span class='ocrx_word' id='word_1_8' title='bbox 1046 675 1205 736; x_wconf 90' lang='lat' dir='ltr'>munere,</span> <span class='ocrx_word' id='word_1_9' title='bbox 1223 658 1352 722; x_wconf 92' lang='lat' dir='ltr'>medio·</span> 
     </span>
     <span class='ocr_line' id='line_1_3' title="bbox 127 764 1426 846; baseline 0.002 -20"><span class='ocrx_word' id='word_1_10' title='bbox 127 764 175 828; x_wconf 90' lang='lat' dir='ltr'>cri</span> <span class='ocrx_word' id='word_1_11' title='bbox 200 764 496 829; x_wconf 87' lang='lat' dir='ltr'>scholasticorum</span> <span class='ocrx_word' id='word_1_12' title='bbox 518 765 692 846; x_wconf 84' lang='lat' dir='ltr'>profectu,</span> <span class='ocrx_word' id='word_1_13' title='bbox 714 765 850 845; x_wconf 87' lang='lat' dir='ltr'>ipsique</span> <span class='ocrx_word' id='word_1_14' title='bbox 872 764 1074 829; x_wconf 80' lang='lat' dir='ltr'>scholastici</span> <span class='ocrx_word' id='word_1_15' title='bbox 1097 766 1242 829; x_wconf 89' lang='lat' dir='ltr'>multum</span> <span class='ocrx_word' id='word_1_16' title='bbox 1265 766 1301 829; x_wconf 91' lang='lat' dir='ltr'>in</span> <span class='ocrx_word' id='word_1_17' title='bbox 1317 765 1355 828; x_wconf 93' lang='lat' dir='ltr'>li·</span> <span class='ocrx_word' id='word_1_18' title='bbox 1424 798 1426 802; x_wconf 95' lang='lat'>·</span> 
     </span>
     <span class='ocr_line' id='line_1_4' title="bbox 126 870 1353 953; baseline 0.002 -19"><span class='ocrx_word' id='word_1_19' title='bbox 126 881 281 935; x_wconf 89' lang='lat' dir='ltr'>terarum</span> <span class='ocrx_word' id='word_1_20' title='bbox 296 871 413 936; x_wconf 91' lang='lat' dir='ltr'>studio</span> <span class='ocrx_word' id='word_1_21' title='bbox 428 871 635 953; x_wconf 91' lang='lat' dir='ltr'>procedunt.</span> <span class='ocrx_word' id='word_1_22' title='bbox 657 870 745 935; x_wconf 89' lang='lat' dir='ltr'>Sunt</span> <span class='ocrx_word' id='word_1_23' title='bbox 764 871 1029 952; x_wconf 85' lang='lat' dir='ltr'>quamplurimi,</span> <span class='ocrx_word' id='word_1_24' title='bbox 1052 873 1111 952; x_wconf 93' lang='lat' dir='ltr'>qui</span> <span class='ocrx_word' id='word_1_25' title='bbox 1133 872 1287 936; x_wconf 81' lang='lat' dir='ltr'>maxime</span> <span class='ocrx_word' id='word_1_26' title='bbox 1305 873 1353 936; x_wconf 92' lang='lat' dir='ltr'>in·</span> 
     </span>
     <span class='ocr_line' id='line_1_5' title="bbox 126 961 1354 1060; baseline -0.001 -18"><span class='ocrx_word' id='word_1_27' title='bbox 126 961 229 1058; x_wconf 85' lang='lat' dir='ltr'>genio</span> <span class='ocrx_word' id='word_1_28' title='bbox 243 977 384 1058; x_wconf 87' lang='lat' dir='ltr'>dorent,</span> <span class='ocrx_word' id='word_1_29' title='bbox 401 979 530 1060; x_wconf 91' lang='lat' dir='ltr'>quique</span> <span class='ocrx_word' id='word_1_30' title='bbox 544 979 580 1040; x_wconf 93' lang='lat' dir='ltr'>in</span> <span class='ocrx_word' id='word_1_31' title='bbox 595 979 737 1041; x_wconf 90' lang='lat' dir='ltr'>uirtutis</span> <span class='ocrx_word' id='word_1_32' title='bbox 751 987 786 1040; x_wconf 90' lang='lat' dir='ltr'>et</span> <span class='ocrx_word' id='word_1_33' title='bbox 807 978 990 1042; x_wconf 87' lang='lat' dir='ltr'>literarum</span> <span class='ocrx_word' id='word_1_34' title='bbox 1011 977 1127 1041; x_wconf 91' lang='lat' dir='ltr'>studio</span> <span class='ocrx_word' id='word_1_35' title='bbox 1151 980 1259 1043; x_wconf 90' lang='lat' dir='ltr'>miros</span> <span class='ocrx_word' id='word_1_36' title='bbox 1273 995 1354 1060; x_wconf 93' lang='lat' dir='ltr'>pro-</span> 
     </span>
     <span class='ocr_line' id='line_1_6' title="bbox 126 1083 1352 1166; baseline 0.001 -18"><span class='ocrx_word' id='word_1_37' title='bbox 126 1102 269 1164; x_wconf 89' lang='lat' dir='ltr'>gressus</span> <span class='ocrx_word' id='word_1_38' title='bbox 286 1086 437 1150; x_wconf 88' lang='lat' dir='ltr'>faciunt:</span> <span class='ocrx_word' id='word_1_39' title='bbox 458 1103 503 1148; x_wconf 87' lang='lat' dir='ltr'>ex</span> <span class='ocrx_word' id='word_1_40' title='bbox 528 1083 582 1149; x_wconf 86' lang='lat' dir='ltr'>his</span> <span class='ocrx_word' id='word_1_41' title='bbox 609 1103 679 1148; x_wconf 90' lang='lat' dir='ltr'>non</span> <span class='ocrx_word' id='word_1_42' title='bbox 703 1086 808 1166; x_wconf 92' lang='lat' dir='ltr'>pauci</span> <span class='ocrx_word' id='word_1_43' title='bbox 833 1101 963 1166; x_wconf 85' lang='lat' dir='ltr'>magno</span> <span class='ocrx_word' id='word_1_44' title='bbox 989 1095 1153 1149; x_wconf 90' lang='lat' dir='ltr'>tenentur</span> <span class='ocrx_word' id='word_1_45' title='bbox 1176 1085 1352 1150; x_wconf 91' lang='lat' dir='ltr'>desiderio</span> 
     </span>
     <span class='ocr_line' id='line_1_7' title="bbox 127 1191 323 1258; baseline 0.015 -3"><span class='ocrx_word' id='word_1_46' title='bbox 127 1191 323 1258; x_wconf 83' lang='lat' dir='ltr'>Societatis</span> 
     </span>
    </p>

    <p class='ocr_par' dir='ltr' id='par_1_3' title="bbox 183 1289 1352 1383">
     <span class='ocr_line' id='line_1_8' title="bbox 183 1289 1352 1383; baseline 0.002 -19"><span class='ocrx_word' id='word_1_47' title='bbox 183 1300 223 1364; x_wconf 92' lang='lat' dir='ltr'>ln</span> <span class='ocrx_word' id='word_1_48' title='bbox 238 1301 305 1364; x_wconf 93' lang='lat' dir='ltr'>hoc</span> <span class='ocrx_word' id='word_1_49' title='bbox 320 1289 471 1380; x_wconf 89' lang='lat' dir='ltr'>collegio</span> <span class='ocrx_word' id='word_1_50' title='bbox 485 1308 567 1365; x_wconf 91' lang='lat' dir='ltr'>sunt</span> <span class='ocrx_word' id='word_1_51' title='bbox 581 1318 646 1364; x_wconf 85' lang='lat' dir='ltr'>sex</span> <span class='ocrx_word' id='word_1_52' title='bbox 660 1302 804 1380; x_wconf 87' lang='lat' dir='ltr'>classes,</span> <span class='ocrx_word' id='word_1_53' title='bbox 821 1301 857 1364; x_wconf 89' lang='lat' dir='ltr'>in</span> <span class='ocrx_word' id='word_1_54' title='bbox 872 1301 998 1383; x_wconf 92' lang='lat' dir='ltr'>quibus</span> <span class='ocrx_word' id='word_1_55' title='bbox 1013 1309 1067 1365; x_wconf 88' lang='lat' dir='ltr'>est</span> <span class='ocrx_word' id='word_1_56' title='bbox 1086 1302 1240 1365; x_wconf 86' lang='lat' dir='ltr'>maxima</span> <span class='ocrx_word' id='word_1_57' title='bbox 1257 1302 1352 1367; x_wconf 89' lang='lat' dir='ltr'>audi·</span> 
     </span>
    </p>
   </div>
   <div class='ocr_carea' id='block_1_3' title="bbox 19 1408 1353 1599">
    <p class='ocr_par' dir='ltr' id='par_1_4' title="bbox 19 1408 1353 1599">
     <span class='ocr_line' id='line_1_9' title="bbox 19 1408 1351 1490; baseline 0.008 -26"><span class='ocrx_word' id='word_1_58' title='bbox 19 1451 20 1464; x_wconf 67' lang='grc'>,</span> <span class='ocrx_word' id='word_1_59' title='bbox 126 1415 239 1472; x_wconf 90' lang='lat' dir='ltr'>torum</span> <span class='ocrx_word' id='word_1_60' title='bbox 253 1408 463 1489; x_wconf 88' lang='lat' dir='ltr'>frequentia;</span> <span class='ocrx_word' id='word_1_61' title='bbox 480 1425 523 1471; x_wconf 91' lang='lat' dir='ltr'>ac</span> <span class='ocrx_word' id='word_1_62' title='bbox 538 1410 656 1489; x_wconf 89' lang='lat' dir='ltr'>plnres</span> <span class='ocrx_word' id='word_1_63' title='bbox 671 1409 813 1490; x_wconf 90' lang='lat' dir='ltr'>quidem</span> <span class='ocrx_word' id='word_1_64' title='bbox 828 1415 956 1488; x_wconf 90' lang='lat' dir='ltr'>essent,</span> <span class='ocrx_word' id='word_1_65' title='bbox 973 1409 1004 1472; x_wconf 94' lang='lat' dir='ltr'>si</span> <span class='ocrx_word' id='word_1_66' title='bbox 1020 1425 1142 1472; x_wconf 91' lang='lat' dir='ltr'>omnes</span> <span class='ocrx_word' id='word_1_67' title='bbox 1157 1411 1351 1490; x_wconf 81' lang='lat' dir='ltr'>reciperen·</span> 
     </span>
     <span class='ocr_line' id='line_1_10' title="bbox 19 1514 1353 1599; baseline 0.003 -22"><span class='ocrx_word' id='word_1_68' title='bbox 19 1559 20 1570; x_wconf 56' lang='lat'>2</span> <span class='ocrx_word' id='word_1_69' title='bbox 126 1525 190 1579; x_wconf 89' lang='lat' dir='ltr'>tur:</span> <span class='ocrx_word' id='word_1_70' title='bbox 202 1515 266 1578; x_wconf 89' lang='lat' dir='ltr'>sed</span> <span class='ocrx_word' id='word_1_71' title='bbox 280 1515 527 1579; x_wconf 89' lang='lat' dir='ltr'>intercluditur</span> <span class='ocrx_word' id='word_1_72' title='bbox 547 1516 617 1579; x_wconf 88' lang='lat' dir='ltr'>illis</span> <span class='ocrx_word' id='word_1_73' title='bbox 638 1532 892 1596; x_wconf 85' lang='lat' dir='ltr'>saepenumero</span> <span class='ocrx_word' id='word_1_74' title='bbox 914 1514 1031 1579; x_wconf 88' lang='lat' dir='ltr'>aditus</span> <span class='ocrx_word' id='word_1_75' title='bbox 1046 1517 1093 1580; x_wconf 88' lang='lat' dir='ltr'>ad</span> <span class='ocrx_word' id='word_1_76' title='bbox 1113 1525 1272 1581; x_wconf 91' lang='lat' dir='ltr'>nostrum</span> <span class='ocrx_word' id='word_1_77' title='bbox 1288 1534 1353 1599; x_wconf 89' lang='lat' dir='ltr'>gy-</span> 
     </span>
    </p>
   </div>
   <div class='ocr_carea' id='block_1_4' title="bbox 113 1623 1356 4814">
    <p class='ocr_par' dir='ltr' id='par_1_5' title="bbox 124 1623 1352 2131">
     <span class='ocr_line' id='line_1_11' title="bbox 125 1623 1351 1706; baseline 0.002 -20"><span class='ocrx_word' id='word_1_78' title='bbox 125 1623 297 1687; x_wconf 89' lang='lat' dir='ltr'>mnasium</span> <span class='ocrx_word' id='word_1_79' title='bbox 312 1642 355 1686; x_wconf 84' lang='lat' dir='ltr'>eo</span> <span class='ocrx_word' id='word_1_80' title='bbox 371 1623 466 1704; x_wconf 92' lang='lat' dir='ltr'>quod</span> <span class='ocrx_word' id='word_1_81' title='bbox 485 1633 539 1686; x_wconf 92' lang='lat' dir='ltr'>est</span> <span class='ocrx_word' id='word_1_82' title='bbox 561 1639 692 1703; x_wconf 89' lang='lat' dir='ltr'>magna</span> <span class='ocrx_word' id='word_1_83' title='bbox 717 1624 884 1687; x_wconf 91' lang='lat' dir='ltr'>classium</span> <span class='ocrx_word' id='word_1_84' title='bbox 907 1625 1074 1704; x_wconf 87' lang='lat' dir='ltr'>penuria,</span> <span class='ocrx_word' id='word_1_85' title='bbox 1099 1640 1290 1706; x_wconf 89' lang='lat' dir='ltr'>omnesque</span> <span class='ocrx_word' id='word_1_86' title='bbox 1317 1627 1351 1690; x_wconf 91' lang='lat' dir='ltr'>in</span> 
     </span>
     <span class='ocr_line' id='line_1_12' title="bbox 124 1729 1352 1812; baseline 0.002 -20"><span class='ocrx_word' id='word_1_87' title='bbox 124 1746 271 1807; x_wconf 88' lang='lat' dir='ltr'>paruum</span> <span class='ocrx_word' id='word_1_88' title='bbox 299 1730 487 1811; x_wconf 85' lang='lat' dir='ltr'>quemdam</span> <span class='ocrx_word' id='word_1_89' title='bbox 514 1737 549 1792; x_wconf 91' lang='lat' dir='ltr'>et</span> <span class='ocrx_word' id='word_1_90' title='bbox 578 1739 769 1810; x_wconf 85' lang='lat' dir='ltr'>angustum</span> <span class='ocrx_word' id='word_1_91' title='bbox 797 1731 913 1794; x_wconf 92' lang='lat' dir='ltr'>locum</span> <span class='ocrx_word' id='word_1_92' title='bbox 946 1729 1201 1795; x_wconf 88' lang='lat' dir='ltr'>concludimur.</span> <span class='ocrx_word' id='word_1_93' title='bbox 1237 1730 1352 1812; x_wconf 85' lang='lat' dir='ltr'>Saepe</span> 
     </span>
     <span class='ocr_line' id='line_1_13' title="bbox 124 1837 1350 1918; baseline 0.003 -20"><span class='ocrx_word' id='word_1_94' title='bbox 124 1837 323 1900; x_wconf 85' lang='lat' dir='ltr'>scholastici</span> <span class='ocrx_word' id='word_1_95' title='bbox 337 1854 383 1900; x_wconf 86' lang='lat' dir='ltr'>ex</span> <span class='ocrx_word' id='word_1_96' title='bbox 399 1837 625 1901; x_wconf 91' lang='lat' dir='ltr'>inferioribus</span> <span class='ocrx_word' id='word_1_97' title='bbox 644 1837 818 1900; x_wconf 89' lang='lat' dir='ltr'>classibus</span> <span class='ocrx_word' id='word_1_98' title='bbox 838 1837 883 1900; x_wconf 89' lang='lat' dir='ltr'>ad</span> <span class='ocrx_word' id='word_1_99' title='bbox 905 1837 1108 1918; x_wconf 88' lang='lat' dir='ltr'>superiores</span> <span class='ocrx_word' id='word_1_100' title='bbox 1129 1838 1280 1918; x_wconf 89' lang='lat' dir='ltr'>gradum</span> <span class='ocrx_word' id='word_1_101' title='bbox 1302 1839 1350 1902; x_wconf 90' lang='lat' dir='ltr'>fa·</span> 
     </span>
     <span class='ocr_line' id='line_1_14' title="bbox 125 1943 1349 2024; baseline 0.002 -18"><span class='ocrx_word' id='word_1_102' title='bbox 125 1943 235 2021; x_wconf 86' lang='lat' dir='ltr'>ciunt,</span> <span class='ocrx_word' id='word_1_103' title='bbox 251 1951 286 2006; x_wconf 91' lang='lat' dir='ltr'>et</span> <span class='ocrx_word' id='word_1_104' title='bbox 300 1943 492 2024; x_wconf 88' lang='lat' dir='ltr'>praecipue</span> <span class='ocrx_word' id='word_1_105' title='bbox 511 1944 675 2024; x_wconf 86' lang='lat' dir='ltr'>proximo</span> <span class='ocrx_word' id='word_1_106' title='bbox 695 1943 979 2008; x_wconf 91' lang='lat' dir='ltr'>Resurrectionis</span> <span class='ocrx_word' id='word_1_107' title='bbox 1001 1943 1090 2008; x_wconf 91' lang='lat' dir='ltr'>festo</span> <span class='ocrx_word' id='word_1_108' title='bbox 1109 1945 1227 2024; x_wconf 91' lang='lat' dir='ltr'>plures</span> <span class='ocrx_word' id='word_1_109' title='bbox 1248 1944 1349 2024; x_wconf 90' lang='lat' dir='ltr'>forte,</span> 
     </span>
     <span class='ocr_line' id='line_1_15' title="bbox 125 2049 1002 2131; baseline -0.005 -17"><span class='ocrx_word' id='word_1_110' title='bbox 125 2067 228 2129; x_wconf 89' lang='lat' dir='ltr'>quam</span> <span class='ocrx_word' id='word_1_111' title='bbox 243 2049 433 2130; x_wconf 90' lang='lat' dir='ltr'>hactenus,</span> <span class='ocrx_word' id='word_1_112' title='bbox 449 2049 494 2114; x_wconf 90' lang='lat' dir='ltr'>ad</span> <span class='ocrx_word' id='word_1_113' title='bbox 510 2050 639 2114; x_wconf 89' lang='lat' dir='ltr'>altiora</span> <span class='ocrx_word' id='word_1_114' title='bbox 654 2052 731 2114; x_wconf 89' lang='lat' dir='ltr'>loca</span> <span class='ocrx_word' id='word_1_115' title='bbox 747 2052 1002 2131; x_wconf 87' lang='lat' dir='ltr'>migrauerunt.</span> 
     </span>
    </p>

    <p class='ocr_par' dir='ltr' id='par_1_6' title="bbox 120 2155 1350 3098">
     <span class='ocr_line' id='line_1_16' title="bbox 176 2155 1347 2224; baseline 0.003 -4"><span class='ocrx_word' id='word_1_116' title='bbox 176 2155 297 2221; x_wconf 85' lang='lat' dir='ltr'>Primo</span> <span class='ocrx_word' id='word_1_117' title='bbox 311 2157 460 2222; x_wconf 90' lang='lat' dir='ltr'>sabbato</span> <span class='ocrx_word' id='word_1_118' title='bbox 475 2157 560 2222; x_wconf 90' lang='lat' dir='ltr'>Maii</span> <span class='ocrx_word' id='word_1_119' title='bbox 576 2167 817 2222; x_wconf 88' lang='lat' dir='ltr'>conuenerunt</span> <span class='ocrx_word' id='word_1_120' title='bbox 833 2176 954 2222; x_wconf 91' lang='lat' dir='ltr'>omnes</span> <span class='ocrx_word' id='word_1_121' title='bbox 969 2159 1174 2222; x_wconf 89' lang='lat' dir='ltr'>scholastici</span> <span class='ocrx_word' id='word_1_122' title='bbox 1191 2160 1347 2224; x_wconf 91' lang='lat' dir='ltr'>inunum</span> 
     </span>
     <span class='ocr_line' id='line_1_17' title="bbox 123 2263 1349 2348; baseline 0.003 -22"><span class='ocrx_word' id='word_1_123' title='bbox 123 2265 253 2343; x_wconf 90' lang='lat' dir='ltr'>locum,</span> <span class='ocrx_word' id='word_1_124' title='bbox 279 2265 340 2329; x_wconf 93' lang='lat' dir='ltr'>ubi</span> <span class='ocrx_word' id='word_1_125' title='bbox 363 2264 509 2346; x_wconf 89' lang='lat' dir='ltr'>quidam</span> <span class='ocrx_word' id='word_1_126' title='bbox 533 2284 577 2330; x_wconf 88' lang='lat' dir='ltr'>ex</span> <span class='ocrx_word' id='word_1_127' title='bbox 598 2265 712 2346; x_wconf 90' lang='lat' dir='ltr'>prima</span> <span class='ocrx_word' id='word_1_128' title='bbox 734 2267 847 2329; x_wconf 90' lang='lat' dir='ltr'>classe</span> <span class='ocrx_word' id='word_1_129' title='bbox 874 2267 1045 2346; x_wconf 84' lang='lat' dir='ltr'>quasdam</span> <span class='ocrx_word' id='word_1_130' title='bbox 1071 2263 1266 2330; x_wconf 84' lang='lat' dir='ltr'>rhetorices</span> <span class='ocrx_word' id='word_1_131' title='bbox 1290 2284 1349 2348; x_wconf 92' lang='lat' dir='ltr'>po·</span> 
     </span>
     <span class='ocr_line' id='line_1_18' title="bbox 122 2371 1350 2453; baseline 0.004 -20"><span class='ocrx_word' id='word_1_132' title='bbox 122 2372 264 2436; x_wconf 90' lang='lat' dir='ltr'>sitiones</span> <span class='ocrx_word' id='word_1_133' title='bbox 284 2371 455 2437; x_wconf 83' lang='lat' dir='ltr'>defendit:</span> <span class='ocrx_word' id='word_1_134' title='bbox 478 2373 638 2436; x_wconf 90' lang='lat' dir='ltr'>nonnulli</span> <span class='ocrx_word' id='word_1_135' title='bbox 659 2391 704 2448; x_wconf 87' lang='lat' dir='ltr'>ex</span> <span class='ocrx_word' id='word_1_136' title='bbox 727 2371 851 2436; x_wconf 87' lang='lat' dir='ltr'>eadem</span> <span class='ocrx_word' id='word_1_137' title='bbox 872 2374 986 2436; x_wconf 90' lang='lat' dir='ltr'>classe</span> <span class='ocrx_word' id='word_1_138' title='bbox 1009 2374 1248 2453; x_wconf 89' lang='lat' dir='ltr'>argumentati</span> <span class='ocrx_word' id='word_1_139' title='bbox 1268 2383 1350 2439; x_wconf 91' lang='lat' dir='ltr'>sunt</span> 
     </span>
     <span class='ocr_line' id='line_1_19' title="bbox 122 2480 1347 2560; baseline 0.002 -18"><span class='ocrx_word' id='word_1_140' title='bbox 122 2495 198 2543; x_wconf 88' lang='lat' dir='ltr'>cum</span> <span class='ocrx_word' id='word_1_141' title='bbox 220 2481 452 2545; x_wconf 90' lang='lat' dir='ltr'>oratiunculis</span> <span class='ocrx_word' id='word_1_142' title='bbox 472 2480 592 2544; x_wconf 90' lang='lat' dir='ltr'>latinis</span> <span class='ocrx_word' id='word_1_143' title='bbox 609 2490 644 2544; x_wconf 90' lang='lat' dir='ltr'>et</span> <span class='ocrx_word' id='word_1_144' title='bbox 666 2480 824 2560; x_wconf 90' lang='lat' dir='ltr'>graecis,</span> <span class='ocrx_word' id='word_1_145' title='bbox 850 2480 964 2543; x_wconf 91' lang='lat' dir='ltr'>soluta</span> <span class='ocrx_word' id='word_1_146' title='bbox 988 2489 1022 2544; x_wconf 91' lang='lat' dir='ltr'>et</span> <span class='ocrx_word' id='word_1_147' title='bbox 1043 2481 1154 2560; x_wconf 89' lang='lat' dir='ltr'>ligata</span> <span class='ocrx_word' id='word_1_148' title='bbox 1177 2482 1347 2546; x_wconf 86' lang='lat' dir='ltr'>oratione.</span> 
     </span>
     <span class='ocr_line' id='line_1_20' title="bbox 122 2583 1349 2669; baseline 0.003 -21"><span class='ocrx_word' id='word_1_149' title='bbox 122 2583 248 2651; x_wconf 86' lang='lat' dir='ltr'>Mirum</span> <span class='ocrx_word' id='word_1_150' title='bbox 276 2597 495 2668; x_wconf 87' lang='lat' dir='ltr'>quantopere</span> <span class='ocrx_word' id='word_1_151' title='bbox 523 2588 732 2669; x_wconf 89' lang='lat' dir='ltr'>placuerint.</span> <span class='ocrx_word' id='word_1_152' title='bbox 763 2587 891 2651; x_wconf 87' lang='lat' dir='ltr'>Postea</span> <span class='ocrx_word' id='word_1_153' title='bbox 924 2588 1024 2652; x_wconf 90' lang='lat' dir='ltr'>multi</span> <span class='ocrx_word' id='word_1_154' title='bbox 1057 2589 1117 2652; x_wconf 89' lang='lat' dir='ltr'>alii</span> <span class='ocrx_word' id='word_1_155' title='bbox 1145 2589 1349 2653; x_wconf 88' lang='lat' dir='ltr'>scholastici</span> 
     </span>
     <span class='ocr_line' id='line_1_21' title="bbox 121 2694 1346 2792; baseline 0.002 -35"><span class='ocrx_word' id='word_1_156' title='bbox 121 2695 246 2758; x_wconf 89' lang='lat' dir='ltr'>multos</span> <span class='ocrx_word' id='word_1_157' title='bbox 269 2704 304 2759; x_wconf 93' lang='lat' dir='ltr'>et</span> <span class='ocrx_word' id='word_1_158' title='bbox 328 2696 407 2777; x_wconf 90' lang='lat' dir='ltr'>pios</span> <span class='ocrx_word' id='word_1_159' title='bbox 432 2713 575 2774; x_wconf 89' lang='lat' dir='ltr'>uersus,</span> <span class='ocrx_word' id='word_1_160' title='bbox 598 2712 687 2774; x_wconf 91' lang='lat' dir='ltr'>quos</span> <span class='ocrx_word' id='word_1_161' title='bbox 708 2697 814 2776; x_wconf 89' lang='lat' dir='ltr'>paulo</span> <span class='ocrx_word' id='word_1_162' title='bbox 836 2704 918 2759; x_wconf 89' lang='lat' dir='ltr'>ante</span> <span class='ocrx_word' id='word_1_163' title='bbox 939 2694 1115 2773; x_wconf 83' lang='lat' dir='ltr'>fecerant,</span> <span class='ocrx_word' id='word_1_164' title='bbox 1140 2697 1346 2792; x_wconf 80' lang='lat' dir='ltr'>recitarunt,</span> 
     </span>
     <span class='ocr_line' id='line_1_22' title="bbox 120 2801 1347 2884; baseline 0.003 -20"><span class='ocrx_word' id='word_1_165' title='bbox 120 2817 189 2865; x_wconf 91' lang='lat' dir='ltr'>non</span> <span class='ocrx_word' id='word_1_166' title='bbox 204 2802 280 2866; x_wconf 90' lang='lat' dir='ltr'>sine</span> <span class='ocrx_word' id='word_1_167' title='bbox 296 2802 417 2883; x_wconf 91' lang='lat' dir='ltr'>lepore</span> <span class='ocrx_word' id='word_1_168' title='bbox 431 2810 466 2866; x_wconf 90' lang='lat' dir='ltr'>et</span> <span class='ocrx_word' id='word_1_169' title='bbox 481 2804 566 2868; x_wconf 89' lang='lat' dir='ltr'>sale.</span> <span class='ocrx_word' id='word_1_170' title='bbox 584 2801 719 2882; x_wconf 76' lang='lat' dir='ltr'>NulluS,</span> <span class='ocrx_word' id='word_1_171' title='bbox 736 2802 855 2882; x_wconf 90' lang='lat' dir='ltr'>credo,</span> <span class='ocrx_word' id='word_1_172' title='bbox 872 2813 976 2883; x_wconf 88' lang='lat' dir='ltr'>esset,</span> <span class='ocrx_word' id='word_1_173' title='bbox 994 2803 1064 2884; x_wconf 91' lang='lat' dir='ltr'>qui,</span> <span class='ocrx_word' id='word_1_174' title='bbox 1081 2804 1111 2867; x_wconf 91' lang='lat' dir='ltr'>si</span> <span class='ocrx_word' id='word_1_175' title='bbox 1123 2820 1185 2866; x_wconf 89' lang='lat' dir='ltr'>eos</span> <span class='ocrx_word' id='word_1_176' title='bbox 1196 2803 1347 2884; x_wconf 88' lang='lat' dir='ltr'>audiret,</span> 
     </span>
     <span class='ocr_line' id='line_1_23' title="bbox 120 2909 1348 2992; baseline 0.004 -22"><span class='ocrx_word' id='word_1_177' title='bbox 120 2925 188 2972; x_wconf 92' lang='lat' dir='ltr'>non</span> <span class='ocrx_word' id='word_1_178' title='bbox 201 2917 238 2974; x_wconf 90' lang='lat' dir='ltr'>et</span> <span class='ocrx_word' id='word_1_179' title='bbox 252 2926 384 2990; x_wconf 89' lang='lat' dir='ltr'>magna</span> <span class='ocrx_word' id='word_1_180' title='bbox 404 2909 674 2990; x_wconf 90' lang='lat' dir='ltr'>perfunderetur</span> <span class='ocrx_word' id='word_1_181' title='bbox 696 2911 891 2990; x_wconf 87' lang='lat' dir='ltr'>uoluptate,</span> <span class='ocrx_word' id='word_1_182' title='bbox 915 2919 949 2973; x_wconf 89' lang='lat' dir='ltr'>et</span> <span class='ocrx_word' id='word_1_183' title='bbox 971 2909 1048 2974; x_wconf 91' lang='lat' dir='ltr'>Deo</span> <span class='ocrx_word' id='word_1_184' title='bbox 1071 2910 1150 2992; x_wconf 91' lang='lat' dir='ltr'>Opt.</span> <span class='ocrx_word' id='word_1_185' title='bbox 1174 2910 1270 2974; x_wconf 86' lang='lat' dir='ltr'>Max.</span> <span class='ocrx_word' id='word_1_186' title='bbox 1287 2911 1348 2975; x_wconf 92' lang='lat' dir='ltr'>im·</span> 
     </span>
     <span class='ocr_line' id='line_1_24' title="bbox 120 3013 590 3098; baseline 0.004 -18"><span class='ocrx_word' id='word_1_187' title='bbox 120 3019 286 3081; x_wconf 89' lang='lat' dir='ltr'>mortales</span> <span class='ocrx_word' id='word_1_188' title='bbox 299 3018 437 3097; x_wconf 81' lang='lat' dir='ltr'>gratias</span> <span class='ocrx_word' id='word_1_189' title='bbox 451 3013 590 3098; x_wconf 59' lang='lat' dir='ltr'>ageret(</span> 
     </span>
    </p>

    <p class='ocr_par' dir='ltr' id='par_1_7' title="bbox 113 3121 1356 4814">
     <span class='ocr_line' id='line_1_25' title="bbox 174 3121 1356 3207; baseline 0.003 -21"><span class='ocrx_word' id='word_1_190' title='bbox 174 3121 276 3188; x_wconf 90' lang='lat' dir='ltr'>Multi</span> <span class='ocrx_word' id='word_1_191' title='bbox 296 3142 341 3188; x_wconf 86' lang='lat' dir='ltr'>ex</span> <span class='ocrx_word' id='word_1_192' title='bbox 366 3124 437 3204; x_wconf 90' lang='lat' dir='ltr'>his,</span> <span class='ocrx_word' id='word_1_193' title='bbox 464 3125 524 3206; x_wconf 91' lang='lat' dir='ltr'>qui</span> <span class='ocrx_word' id='word_1_194' title='bbox 545 3125 646 3188; x_wconf 93' lang='lat' dir='ltr'>nobis</span> <span class='ocrx_word' id='word_1_195' title='bbox 669 3125 754 3190; x_wconf 90' lang='lat' dir='ltr'>dant</span> <span class='ocrx_word' id='word_1_196' title='bbox 777 3141 940 3206; x_wconf 87' lang='lat' dir='ltr'>operam,</span> <span class='ocrx_word' id='word_1_197' title='bbox 966 3132 1065 3189; x_wconf 90' lang='lat' dir='ltr'>tanta</span> <span class='ocrx_word' id='word_1_198' title='bbox 1091 3134 1171 3189; x_wconf 91' lang='lat' dir='ltr'>sunt</span> <span class='ocrx_word' id='word_1_199' title='bbox 1193 3127 1356 3207; x_wconf 87' lang='lat' dir='ltr'>praediti·</span> 
     </span>
     <span class='ocr_line' id='line_1_26' title="bbox 118 3231 1345 3312; baseline 0.005 -20"><span class='ocrx_word' id='word_1_200' title='bbox 118 3231 287 3296; x_wconf 84' lang='lat' dir='ltr'>modestia</span> <span class='ocrx_word' id='word_1_201' title='bbox 302 3240 473 3312; x_wconf 86' lang='lat' dir='ltr'>tantaque</span> <span class='ocrx_word' id='word_1_202' title='bbox 491 3232 684 3311; x_wconf 88' lang='lat' dir='ltr'>probitate,</span> <span class='ocrx_word' id='word_1_203' title='bbox 705 3241 743 3296; x_wconf 91' lang='lat' dir='ltr'>ut</span> <span class='ocrx_word' id='word_1_204' title='bbox 765 3232 827 3295; x_wconf 88' lang='lat' dir='ltr'>uix</span> <span class='ocrx_word' id='word_1_205' title='bbox 849 3231 925 3295; x_wconf 91' lang='lat' dir='ltr'>sine</span> <span class='ocrx_word' id='word_1_206' title='bbox 946 3247 1077 3312; x_wconf 88' lang='lat' dir='ltr'>magna</span> <span class='ocrx_word' id='word_1_207' title='bbox 1102 3235 1345 3298; x_wconf 88' lang='lat' dir='ltr'>consolatione</span> 
     </span>
     <span class='ocr_line' id='line_1_27' title="bbox 118 3336 1346 3420; baseline 0.004 -21"><span class='ocrx_word' id='word_1_208' title='bbox 118 3337 150 3400; x_wconf 92' lang='lat' dir='ltr'>id</span> <span class='ocrx_word' id='word_1_209' title='bbox 164 3336 236 3402; x_wconf 92' lang='lat' dir='ltr'>dici</span> <span class='ocrx_word' id='word_1_210' title='bbox 250 3347 367 3420; x_wconf 87' lang='lat' dir='ltr'>queat.</span> <span class='ocrx_word' id='word_1_211' title='bbox 385 3337 603 3403; x_wconf 90' lang='lat' dir='ltr'>Confitentur</span> <span class='ocrx_word' id='word_1_212' title='bbox 617 3339 765 3418; x_wconf 90' lang='lat' dir='ltr'>singulis</span> <span class='ocrx_word' id='word_1_213' title='bbox 781 3338 1026 3403; x_wconf 87' lang='lat' dir='ltr'>hebdomadis:</span> <span class='ocrx_word' id='word_1_214' title='bbox 1047 3339 1172 3404; x_wconf 91' lang='lat' dir='ltr'>horum</span> <span class='ocrx_word' id='word_1_215' title='bbox 1189 3341 1224 3403; x_wconf 90' lang='lat' dir='ltr'>in</span> <span class='ocrx_word' id='word_1_216' title='bbox 1240 3341 1346 3404; x_wconf 91' lang='lat' dir='ltr'>uirtu-</span> 
     </span>
     <span class='ocr_line' id='line_1_28' title="bbox 119 3445 1347 3528; baseline 0.003 -22"><span class='ocrx_word' id='word_1_217' title='bbox 119 3455 150 3507; x_wconf 90' lang='lat' dir='ltr'>te</span> <span class='ocrx_word' id='word_1_218' title='bbox 173 3445 337 3526; x_wconf 90' lang='lat' dir='ltr'>profectu</span> <span class='ocrx_word' id='word_1_219' title='bbox 361 3454 528 3526; x_wconf 79' lang='lat' dir='ltr'>parentes</span> <span class='ocrx_word' id='word_1_220' title='bbox 552 3446 787 3510; x_wconf 87' lang='lat' dir='ltr'>admiratione</span> <span class='ocrx_word' id='word_1_221' title='bbox 812 3463 900 3527; x_wconf 90' lang='lat' dir='ltr'>pene</span> <span class='ocrx_word' id='word_1_222' title='bbox 926 3446 1178 3528; x_wconf 85' lang='lat' dir='ltr'>obstupefacti,</span> <span class='ocrx_word' id='word_1_223' title='bbox 1205 3448 1285 3511; x_wconf 92' lang='lat' dir='ltr'>aliis</span> <span class='ocrx_word' id='word_1_224' title='bbox 1310 3457 1347 3510; x_wconf 92' lang='lat' dir='ltr'>ut</span> 
     </span>
     <span class='ocr_line' id='line_1_29' title="bbox 117 3533 1345 3634; baseline 0.002 -19"><span class='ocrx_word' id='word_1_225' title='bbox 117 3561 315 3630; x_wconf 92' lang='lat' dir='ltr'>portentum</span> <span class='ocrx_word' id='word_1_226' title='bbox 332 3533 495 3632; x_wconf 86' lang='lat' dir='ltr'>narrant,</span> <span class='ocrx_word' id='word_1_227' title='bbox 511 3553 680 3634; x_wconf 86' lang='lat' dir='ltr'>nobisque</span> <span class='ocrx_word' id='word_1_228' title='bbox 700 3554 862 3633; x_wconf 86' lang='lat' dir='ltr'>ingentes</span> <span class='ocrx_word' id='word_1_229' title='bbox 883 3553 1019 3632; x_wconf 84' lang='lat' dir='ltr'>gratias</span> <span class='ocrx_word' id='word_1_230' title='bbox 1041 3561 1167 3634; x_wconf 88' lang='lat' dir='ltr'>agunt,</span> <span class='ocrx_word' id='word_1_231' title='bbox 1190 3554 1345 3618; x_wconf 85' lang='lat' dir='ltr'>fatentes</span> 
     </span>
     <span class='ocr_line' id='line_1_30' title="bbox 116 3659 1344 3743; baseline 0.002 -21"><span class='ocrx_word' id='word_1_232' title='bbox 116 3660 216 3724; x_wconf 89' lang='lat' dir='ltr'>nobis</span> <span class='ocrx_word' id='word_1_233' title='bbox 229 3677 445 3740; x_wconf 90' lang='lat' dir='ltr'>magnopere</span> <span class='ocrx_word' id='word_1_234' title='bbox 470 3678 508 3724; x_wconf 89' lang='lat' dir='ltr'>se</span> <span class='ocrx_word' id='word_1_235' title='bbox 529 3659 714 3724; x_wconf 90' lang='lat' dir='ltr'>deuinctos</span> <span class='ocrx_word' id='word_1_236' title='bbox 735 3679 830 3724; x_wconf 89' lang='lat' dir='ltr'>esse:</span> <span class='ocrx_word' id='word_1_237' title='bbox 854 3677 919 3725; x_wconf 90' lang='lat' dir='ltr'>nec</span> <span class='ocrx_word' id='word_1_238' title='bbox 941 3679 1095 3743; x_wconf 89' lang='lat' dir='ltr'>unquam</span> <span class='ocrx_word' id='word_1_239' title='bbox 1119 3662 1227 3724; x_wconf 89' lang='lat' dir='ltr'>tantis</span> <span class='ocrx_word' id='word_1_240' title='bbox 1248 3661 1284 3725; x_wconf 94' lang='lat' dir='ltr'>in</span> <span class='ocrx_word' id='word_1_241' title='bbox 1307 3679 1344 3725; x_wconf 90' lang='lat' dir='ltr'>se</span> 
     </span>
     <span class='ocr_line' id='line_1_31' title="bbox 116 3766 1345 3850; baseline 0.002 -21"><span class='ocrx_word' id='word_1_242' title='bbox 116 3767 248 3831; x_wconf 90' lang='lat' dir='ltr'>meritis</span> <span class='ocrx_word' id='word_1_243' title='bbox 261 3785 366 3849; x_wconf 91' lang='lat' dir='ltr'>posse</span> <span class='ocrx_word' id='word_1_244' title='bbox 381 3766 605 3849; x_wconf 87' lang='lat' dir='ltr'>respondere.</span> <span class='ocrx_word' id='word_1_245' title='bbox 623 3767 742 3832; x_wconf 88' lang='lat' dir='ltr'>Solent</span> <span class='ocrx_word' id='word_1_246' title='bbox 756 3769 793 3831; x_wconf 94' lang='lat' dir='ltr'>hi</span> <span class='ocrx_word' id='word_1_247' title='bbox 807 3771 906 3850; x_wconf 89' lang='lat' dir='ltr'>pueri</span> <span class='ocrx_word' id='word_1_248' title='bbox 927 3777 1026 3833; x_wconf 89' lang='lat' dir='ltr'>tanto</span> <span class='ocrx_word' id='word_1_249' title='bbox 1042 3769 1158 3832; x_wconf 90' lang='lat' dir='ltr'>studio</span> <span class='ocrx_word' id='word_1_250' title='bbox 1178 3785 1261 3832; x_wconf 89' lang='lat' dir='ltr'>suos</span> <span class='ocrx_word' id='word_1_251' title='bbox 1276 3769 1345 3832; x_wconf 88' lang='lat' dir='ltr'>fra·</span> 
     </span>
     <span class='ocr_line' id='line_1_32' title="bbox 117 3874 1345 3956; baseline 0.002 -18"><span class='ocrx_word' id='word_1_252' title='bbox 117 3881 186 3938; x_wconf 89' lang='lat' dir='ltr'>tres</span> <span class='ocrx_word' id='word_1_253' title='bbox 206 3883 241 3938; x_wconf 88' lang='lat' dir='ltr'>et</span> <span class='ocrx_word' id='word_1_254' title='bbox 260 3893 386 3940; x_wconf 91' lang='lat' dir='ltr'>seruos</span> <span class='ocrx_word' id='word_1_255' title='bbox 405 3875 629 3956; x_wconf 89' lang='lat' dir='ltr'>reliquosque</span> <span class='ocrx_word' id='word_1_256' title='bbox 654 3874 869 3940; x_wconf 90' lang='lat' dir='ltr'>domesticos</span> <span class='ocrx_word' id='word_1_257' title='bbox 891 3878 928 3940; x_wconf 93' lang='lat' dir='ltr'>in</span> <span class='ocrx_word' id='word_1_258' title='bbox 950 3877 1065 3940; x_wconf 88' lang='lat' dir='ltr'>officio</span> <span class='ocrx_word' id='word_1_259' title='bbox 1087 3876 1284 3955; x_wconf 87' lang='lat' dir='ltr'>continere,</span> <span class='ocrx_word' id='word_1_260' title='bbox 1308 3885 1345 3940; x_wconf 91' lang='lat' dir='ltr'>ut</span> 
     </span>
     <span class='ocr_line' id='line_1_33' title="bbox 116 3983 1344 4064; baseline 0.002 -19"><span class='ocrx_word' id='word_1_261' title='bbox 116 3998 180 4046; x_wconf 91' lang='lat' dir='ltr'>nec</span> <span class='ocrx_word' id='word_1_262' title='bbox 194 3983 279 4064; x_wconf 88' lang='lat' dir='ltr'>ipsis</span> <span class='ocrx_word' id='word_1_263' title='bbox 294 3983 499 4056; x_wconf 86' lang='lat' dir='ltr'>absentibus</span> <span class='ocrx_word' id='word_1_264' title='bbox 513 3983 662 4046; x_wconf 91' lang='lat' dir='ltr'>uerbum</span> <span class='ocrx_word' id='word_1_265' title='bbox 681 3984 790 4048; x_wconf 90' lang='lat' dir='ltr'>ullum</span> <span class='ocrx_word' id='word_1_266' title='bbox 812 4003 857 4048; x_wconf 89' lang='lat' dir='ltr'>ex</span> <span class='ocrx_word' id='word_1_267' title='bbox 878 4001 1000 4048; x_wconf 93' lang='lat' dir='ltr'>eorum</span> <span class='ocrx_word' id='word_1_268' title='bbox 1020 4001 1081 4048; x_wconf 90' lang='lat' dir='ltr'>ore</span> <span class='ocrx_word' id='word_1_269' title='bbox 1106 3994 1228 4062; x_wconf 87' lang='lat' dir='ltr'>exeat,</span> <span class='ocrx_word' id='word_1_270' title='bbox 1252 3983 1344 4048; x_wconf 90' lang='lat' dir='ltr'>unde</span> 
     </span>
     <span class='ocr_line' id='line_1_34' title="bbox 114 4089 1344 4178; baseline 0.003 -27"><span class='ocrx_word' id='word_1_271' title='bbox 114 4089 239 4171; x_wconf 90' lang='lat' dir='ltr'>aliquis</span> <span class='ocrx_word' id='word_1_272' title='bbox 252 4090 383 4155; x_wconf 87' lang='lat' dir='ltr'>offendi</span> <span class='ocrx_word' id='word_1_273' title='bbox 396 4091 525 4171; x_wconf 87' lang='lat' dir='ltr'>possit;</span> <span class='ocrx_word' id='word_1_274' title='bbox 541 4090 623 4171; x_wconf 91' lang='lat' dir='ltr'>quia</span> <span class='ocrx_word' id='word_1_275' title='bbox 638 4090 770 4154; x_wconf 89' lang='lat' dir='ltr'>caeteri</span> <span class='ocrx_word' id='word_1_276' title='bbox 791 4092 851 4172; x_wconf 92' lang='lat' dir='ltr'>qui</span> <span class='ocrx_word' id='word_1_277' title='bbox 867 4091 1014 4178; x_wconf 90' lang='lat' dir='ltr'>audiunt</span> <span class='ocrx_word' id='word_1_278' title='bbox 1030 4091 1191 4155; x_wconf 88' lang='lat' dir='ltr'>deferunt</span> <span class='ocrx_word' id='word_1_279' title='bbox 1210 4091 1344 4156; x_wconf 87' lang='lat' dir='ltr'>crimen</span> 
     </span>
     <span class='ocr_line' id='line_1_35' title="bbox 116 4196 1344 4278; baseline 0.002 -19"><span class='ocrx_word' id='word_1_280' title='bbox 116 4197 158 4260; x_wconf 86' lang='lat' dir='ltr'>ad</span> <span class='ocrx_word' id='word_1_281' title='bbox 180 4214 345 4278; x_wconf 89' lang='lat' dir='ltr'>puerum,</span> <span class='ocrx_word' id='word_1_282' title='bbox 363 4205 401 4262; x_wconf 93' lang='lat' dir='ltr'>ut</span> <span class='ocrx_word' id='word_1_283' title='bbox 423 4198 466 4262; x_wconf 89' lang='lat' dir='ltr'>de</span> <span class='ocrx_word' id='word_1_284' title='bbox 489 4215 549 4261; x_wconf 91' lang='lat' dir='ltr'>reo</span> <span class='ocrx_word' id='word_1_285' title='bbox 571 4196 780 4278; x_wconf 90' lang='lat' dir='ltr'>supplicium</span> <span class='ocrx_word' id='word_1_286' title='bbox 803 4209 930 4262; x_wconf 87' lang='lat' dir='ltr'>sumat.</span> <span class='ocrx_word' id='word_1_287' title='bbox 955 4199 1094 4262; x_wconf 87' lang='lat' dir='ltr'>Habent</span> <span class='ocrx_word' id='word_1_288' title='bbox 1118 4199 1225 4262; x_wconf 90' lang='lat' dir='ltr'>etiam</span> <span class='ocrx_word' id='word_1_289' title='bbox 1247 4198 1344 4262; x_wconf 92' lang='lat' dir='ltr'>domi</span> 
     </span>
     <span class='ocr_line' id='line_1_36' title="bbox 113 4303 1341 4387; baseline 0.003 -23"><span class='ocrx_word' id='word_1_290' title='bbox 113 4303 189 4368; x_wconf 91' lang='lat' dir='ltr'>loca</span> <span class='ocrx_word' id='word_1_291' title='bbox 203 4305 395 4385; x_wconf 88' lang='lat' dir='ltr'>quaedam,</span> <span class='ocrx_word' id='word_1_292' title='bbox 412 4322 481 4387; x_wconf 92' lang='lat' dir='ltr'>quo</span> <span class='ocrx_word' id='word_1_293' title='bbox 497 4304 617 4368; x_wconf 88' lang='lat' dir='ltr'>iubent</span> <span class='ocrx_word' id='word_1_294' title='bbox 632 4321 754 4368; x_wconf 89' lang='lat' dir='ltr'>omnes</span> <span class='ocrx_word' id='word_1_295' title='bbox 773 4305 979 4384; x_wconf 91' lang='lat' dir='ltr'>conuenire,</span> <span class='ocrx_word' id='word_1_296' title='bbox 1002 4305 1118 4386; x_wconf 92' lang='lat' dir='ltr'>ibique</span> <span class='ocrx_word' id='word_1_297' title='bbox 1138 4322 1199 4370; x_wconf 92' lang='lat' dir='ltr'>eos</span> <span class='ocrx_word' id='word_1_298' title='bbox 1214 4305 1341 4370; x_wconf 91' lang='lat' dir='ltr'>doctri·</span> 
     </span>
     <span class='ocr_line' id='line_1_37' title="bbox 114 4410 1342 4492; baseline 0.004 -20"><span class='ocrx_word' id='word_1_299' title='bbox 114 4427 195 4474; x_wconf 89' lang='lat' dir='ltr'>narn</span> <span class='ocrx_word' id='word_1_300' title='bbox 210 4412 440 4477; x_wconf 88' lang='lat' dir='ltr'>christianam</span> <span class='ocrx_word' id='word_1_301' title='bbox 455 4410 593 4488; x_wconf 92' lang='lat' dir='ltr'>docent;</span> <span class='ocrx_word' id='word_1_302' title='bbox 611 4419 710 4476; x_wconf 90' lang='lat' dir='ltr'>tanta</span> <span class='ocrx_word' id='word_1_303' title='bbox 727 4411 909 4492; x_wconf 89' lang='lat' dir='ltr'>diligentia</span> <span class='ocrx_word' id='word_1_304' title='bbox 922 4412 1068 4478; x_wconf 91' lang='lat' dir='ltr'>ueniunt</span> <span class='ocrx_word' id='word_1_305' title='bbox 1079 4414 1115 4476; x_wconf 92' lang='lat' dir='ltr'>in</span> <span class='ocrx_word' id='word_1_306' title='bbox 1127 4412 1342 4478; x_wconf 89' lang='lat' dir='ltr'>sacrificium</span> 
     </span>
     <span class='ocr_line' id='line_1_38' title="bbox 113 4519 1343 4603; baseline 0.001 -21"><span class='ocrx_word' id='word_1_307' title='bbox 113 4519 266 4598; x_wconf 88' lang='lat' dir='ltr'>quotidie</span> <span class='ocrx_word' id='word_1_308' title='bbox 281 4530 451 4600; x_wconf 90' lang='lat' dir='ltr'>tantaque</span> <span class='ocrx_word' id='word_1_309' title='bbox 467 4520 660 4584; x_wconf 86' lang='lat' dir='ltr'>attentione</span> <span class='ocrx_word' id='word_1_310' title='bbox 676 4519 711 4582; x_wconf 94' lang='lat' dir='ltr'>id</span> <span class='ocrx_word' id='word_1_311' title='bbox 725 4519 883 4601; x_wconf 90' lang='lat' dir='ltr'>audiunt,</span> <span class='ocrx_word' id='word_1_312' title='bbox 901 4530 938 4585; x_wconf 93' lang='lat' dir='ltr'>ut</span> <span class='ocrx_word' id='word_1_313' title='bbox 958 4521 1018 4601; x_wconf 93' lang='lat' dir='ltr'>qui</span> <span class='ocrx_word' id='word_1_314' title='bbox 1032 4521 1161 4585; x_wconf 89' lang='lat' dir='ltr'>uiderit</span> <span class='ocrx_word' id='word_1_315' title='bbox 1176 4539 1249 4584; x_wconf 93' lang='lat' dir='ltr'>non</span> <span class='ocrx_word' id='word_1_316' title='bbox 1263 4537 1343 4603; x_wconf 92' lang='lat' dir='ltr'>pos·</span> 
     </span>
     <span class='ocr_line' id='line_1_39' title="bbox 113 4625 1343 4710; baseline 0.003 -23"><span class='ocrx_word' id='word_1_317' title='bbox 113 4625 154 4688; x_wconf 90' lang='lat' dir='ltr'>sit</span> <span class='ocrx_word' id='word_1_318' title='bbox 186 4644 258 4692; x_wconf 91' lang='lat' dir='ltr'>non</span> <span class='ocrx_word' id='word_1_319' title='bbox 291 4627 579 4708; x_wconf 87' lang='lat' dir='ltr'>exquisitissimis</span> <span class='ocrx_word' id='word_1_320' title='bbox 613 4627 732 4691; x_wconf 90' lang='lat' dir='ltr'>uerbis</span> <span class='ocrx_word' id='word_1_321' title='bbox 766 4627 977 4693; x_wconf 86' lang='lat' dir='ltr'>immensam</span> <span class='ocrx_word' id='word_1_322' title='bbox 1004 4627 1246 4710; x_wconf 88' lang='lat' dir='ltr'>infinitamque</span> <span class='ocrx_word' id='word_1_323' title='bbox 1274 4627 1343 4692; x_wconf 91' lang='lat' dir='ltr'>Dei</span> 
     </span>
     <span class='ocr_line' id='line_1_40' title="bbox 113 4731 1342 4814; baseline 0.002 -19"><span class='ocrx_word' id='word_1_324' title='bbox 113 4731 190 4814; x_wconf 88' lang='lat' dir='ltr'>Opt.</span> <span class='ocrx_word' id='word_1_325' title='bbox 209 4732 303 4799; x_wconf 86' lang='lat' dir='ltr'>Max.</span> <span class='ocrx_word' id='word_1_326' title='bbox 320 4735 516 4799; x_wconf 90' lang='lat' dir='ltr'>bonitatem</span> <span class='ocrx_word' id='word_1_327' title='bbox 530 4735 688 4798; x_wconf 88' lang='lat' dir='ltr'>laudare.</span> <span class='ocrx_word' id='word_1_328' title='bbox 705 4733 883 4800; x_wconf 90' lang='lat' dir='ltr'>Intersunt</span> <span class='ocrx_word' id='word_1_329' title='bbox 898 4737 1003 4800; x_wconf 87' lang='lat' dir='ltr'>etiarn</span> <span class='ocrx_word' id='word_1_330' title='bbox 1019 4736 1141 4801; x_wconf 90' lang='lat' dir='ltr'>diebus</span> <span class='ocrx_word' id='word_1_331' title='bbox 1156 4735 1342 4801; x_wconf 89' lang='lat' dir='ltr'>dominicis</span> 
     </span>
    </p>
   </div>
   <div class='ocr_carea' id='block_1_5' title="bbox 0 0 1740 5528">
    <p class='ocr_par' dir='ltr' id='par_1_8' title="bbox 0 0 1740 5528">
     <span class='ocr_line' id='line_1_41' title="bbox 0 0 1740 5528; baseline 0 4"><span class='ocrx_word' id='word_1_332' title='bbox 0 0 1740 5528; x_wconf 95' lang='lat' dir='ltr'> </span> 
     </span>
    </p>
   </div>
  </div>
 </body>
</html>
