3472 5528
652 520 715 580 Au.
738 520 808 581 1556
1289 523 1343 583 229

112 666 257 732 Domini
276 667 545 748 Archiepiscopi
561 669 805 747 consobrinus
822 669 934 748 quiin
954 669 1073 748 Regio
1098 668 1257 748 collegio
1276 669 1340 733 Re·

116 776 225 838 ctoris
239 793 368 839 munus
383 775 550 854 subierat,
567 784 601 838 et
620 793 763 839 cursum
784 777 909 839 artium
933 794 976 838 ac
998 775 1241 857 philosophiae
1262 795 1343 840 cum
1431 756 1434 763 ¹

114 899 246 962 magna
272 883 517 946 satisfactione
542 901 584 946 ac
609 883 807 946 auditorum
834 883 1077 946 aedificatione
1097 883 1341 964 praelegerat,

113 1007 202 1053 suos
214 991 395 1054 auditores
406 991 445 1052 in
460 991 756 1054 Baccalaureatus
770 991 885 1070 gradu
897 992 1109 1055 constitutos
1127 992 1339 1072 relinquens,

115 1107 273 1162 nostram
285 1097 498 1162 Societatem
514 1115 594 1161 curn
609 1099 761 1179 quodam
777 1099 948 1178 discipulo
965 1099 1147 1177 ingressus
1159 1109 1223 1176 est,
1237 1099 1342 1178 idque

116 1205 224 1285 ipsius
241 1205 511 1286 Archicpiscopi
533 1206 692 1280 consilio,
710 1206 876 1286 quamuis
891 1223 969 1268 eum
984 1206 1028 1269 ad
1046 1223 1213 1285 magnam
1228 1205 1339 1283 digni·

117 1323 235 1390 tatem,
253 1323 400 1393 propter
415 1313 490 1376 eius
504 1313 736 1376 eruditionem
753 1331 794 1376 ac
815 1313 981 1376 eximiam
1002 1314 1180 1388 virtutem,
1196 1322 1338 1393 promo·

115 1425 406 1484 verestatuerat:
417 1420 453 1482 hi
465 1421 571 1484 etiam
583 1420 628 1483 ad
640 1421 856 1500 probationis
868 1421 1010 1483 domhm
1031 1421 1227 1482 Cordubam
1240 1422 1338 1484 missi

115 1535 203 1604 sunt,
231 1527 361 1602 ubilat
380 1527 599 1607 accepimus)
620 1545 699 1591 cum
719 1544 850 1606 magna
870 1527 1111 1590 consolatione
1130 1526 1337 1590 beneficium

115 1635 179 1697 sibi
194 1653 215 1696 a
231 1631 309 1697 Deo
325 1635 491 1697 collatum
505 1640 722 1714 agnoscunt.

171 1739 241 1805 Sed
264 1747 305 1804 vt
326 1742 372 1805 ad
391 1741 531 1806 Patrem
552 1741 992 1806 nost1·um.Prouincialem
1015 1741 1171 1820 redeam,
1193 1759 1245 1820 ea,
1267 1759 1336 1823 qua

117 1849 214 1927 solet,
237 1848 412 1912 charitate
433 1866 475 1911 ac
495 1849 623 1927 studia,
645 1848 753 1912 noluit
773 1849 855 1912 hinc
876 1847 1069 1924 discedere,
1096 1847 1208 1910 donec
1231 1849 1336 1911 aliam

117 1955 373 2019 domum'nobis
388 1953 615 2019 habitandam
632 1957 859 2035 relinqueret;
881 1955 939 2017 illa
962 1971 1130 2034 namque,
1151 1972 1255 2033 quam
1277 1956 1335 2018 ha·

116 2062 274 2140 bitamus,
291 2071 452 2126 nouerat
467 2073 550 2142 apta
567 2061 611 2124 ad
628 2062 832 2141 religionem
850 2067 1065 2140 nostrasque
1086 2059 1239 2140 regulas
1261 2066 1335 2123 tam

117 2163 238 2232 exacte
253 2169 461 2242 seruandaS,
478 2185 585 2248 quam
600 2179 760 2231 nostrum
775 2168 875 2231 dccet
891 2168 1099 2231 institutum.
1117 2168 1231 2244 Vnde,
1253 2169 1335 2248 quia

118 2277 206 2339 nulla
233 2276 360 2340 domus
384 2276 587 2340 huiusmodi
612 2274 752 2339 venalis
780 2275 1040 2353 inueniebatur,
1067 2274 1336 2355 Arcbiepiscopi

119 2384 258 2446 consilio
270 2384 445 2464 quaedam
458 2383 633 2447 conducta
646 2393 709 2457 est,
723 2384 820 2445 iuxta
833 2400 939 2463 quam
951 2381 1123 2463 quaedam
1137 2401 1231 2460 area,
1250 2383 1336 2463 opti·

120 2507 170 2552 mo
183 2491 221 2552 in
236 2491 306 2554 situ
317 2491 454 2570 posita,
468 2491 611 2553 inuenta
627 2500 691 2568 est,
709 2491 743 2553 in
759 2507 828 2569 qua
844 2490 1032 2568 collegium
1047 2499 1080 2552 et
1093 2489 1242 2552 ecclesia
1255 2508 1333 2552 cum

123 2599 194 2660 aliis
217 2597 262 2660 ad
288 2597 495 2678 religionem
518 2598 772 2678 pertinentibus
798 2597 1015 2660 commodius
1040 2595 1137 2659 fiant.
1160 2595 1217 2658 Ad
1243 2597 1335 2677 quod

123 2703 207 2766 Diffi
229 2703 541 2785 ArchiepiscopuS,
559 2712 699 2784 praeter
715 2704 808 2767 mille
829 2721 955 2766 aureos
970 2721 1144 2782 nummos,
1166 2721 1256 2784 quos
1276 2721 1335 2766 no·

123 2821 188 2875 stro
198 2811 347 2892 collegio
360 2807 567 2890 donauerat,
582 2812 651 2875 alia
664 2813 733 2874 duo
745 2812 853 2874 millia
866 2828 958 2873 nunc
971 2811 1086 2874 denuo
1096 2811 1250 2890 donauit;
1266 2829 1335 2873 non

124 2936 225 2997 paruo
239 2936 392 3000 namque
408 2919 583 2982 desiderio
598 2918 777 2981 desiderat
791 2918 961 2998 plurimos
976 2919 1018 2980 de
1034 2917 1207 2980 societate
1223 2919 1257 2980 in
1270 2934 1334 2980 sua

124 3026 265 3090 dioecesi
279 3027 417 3090 uidere:
434 3025 529 3106 quod
543 3025 684 3106 quidem
705 3025 930 3104 desiderium,
954 3035 989 3088 et
1011 3025 1228 3104 singularem
1249 3041 1335 3103 erga

124 3129 322 3198 Societatem
339 3150 507 3212 amorem,
526 3141 559 3195 et
575 3150 680 3212 opere
696 3141 730 3194 et
745 3132 863 3195 uerbis
879 3141 1000 3210 aperte
1015 3133 1183 3208 ostendit3
1201 3132 1336 3194 habens

123 3241 204 3304 enim
219 3242 332 3322 prima
352 3240 645 3321 quadragesimae
662 3240 839 3302 dominica
862 3240 906 3302 ad
927 3241 1092 3318 populum
1116 3239 1334 3315 concionem,

124 3352 157 3408 ut
170 3349 426 3412 commendaret
445 3347 619 3410 exercitia
640 3345 863 3426 spiritualia,
882 3346 1009 3425 quibus
1029 3351 1157 3408 nostra
1178 3346 1337 3408 Societas

125 3454 245 3535 utt'tur,
260 3456 308 3518 ud
323 3453 406 3536 quid
423 3453 559 3534 (inquit)
576 3453 740 3532 cogitatis
754 3453 933 3516 Christum
945 3452 990 3515 ad
1002 3452 1181 3515 desertum
1194 3453 1332 3530 exiisse,

124 3561 181 3624 nisi
195 3564 236 3626 ad
253 3561 417 3626 facienda
433 3561 623 3625 exercitia?
638 3579 707 3633 non
730 3561 811 3641 quia
832 3561 900 3623 iilis
923 3560 1114 3638 indigebat,
1136 3560 1197 3623 scd
1218 3570 1256 3623 ut
1276 3578 1336 3623 no-

124 3668 170 3731 bis
188 3669 320 3752 (inquit)
343 3668 543 3748 exemplum
561 3668 776 3748 relinqueret
796 3667 840 3730 ad
860 3685 898 3730 se
918 3668 1144 3731 imitandum:
1166 3667 1334 3730 exercitia

123 3777 203 3839 enim
217 3769 304 3840 haec
321 3793 456 3839 nouum
470 3776 656 3838 inuentum
672 3791 744 3838 non
764 3781 861 3838 sunt.
879 3774 1012 3838 Diebus
1028 3775 1186 3854 proxime
1206 3774 1336 3853 elapsis

123 3880 162 3944 ita
177 3883 397 3963 aegrotauit,
411 3891 450 3944 vt
465 3881 507 3944 de
529 3882 648 3962 ipsius
669 3884 781 3945 salute
802 3883 995 3958 timeretur,
1022 3880 1188 3962 Patrique
1213 3889 1336 3942 nostro

124 3985 325 4054 Prouinciali
345 3991 560 4069 generaliter
580 3990 762 4053 consessus
785 3999 854 4066 est3
876 3999 910 4052 et
930 4001 1071 4068 praeter
1091 3988 1334 4064 eleemosinas

123 4113 200 4174 quas
215 4099 289 4178 ipse
305 4098 507 4176 frequenter
522 4097 752 4175 largiebatur,
770 4097 915 4158 multum
928 4095 1157 4175 pecuniarum
1174 4095 1334 4173 pauperi-

124 4202 180 4266 bus
194 4205 340 4286 aliisque
355 4203 424 4284 piis
440 4203 604 4284 operibus
620 4203 807 4281 distribuit,
826 4213 864 4265 vt
880 4203 954 4265 sine
975 4201 1106 4264 diuitiis
1126 4217 1333 4263 moreretur.

125 4305 259 4376 Praeses
274 4312 421 4391 insuper
436 4309 541 4374 huius
556 4309 624 4372 fori
639 4309 753 4389 Regii,
770 4310 898 4390 quiesi
914 4308 1100 4370 Arn'lensis
1120 4307 1335 4387 Episcopus,

125 4431 181 4479 nos
194 4435 322 4498 magno
336 4417 562 4498 prosequitur
577 4434 708 4479 amore.
727 4413 918 4496 Speremus
934 4416 969 4478 in
984 4413 1139 4477 Domino
1154 4415 1258 4477 huius
1279 4431 1333 4476 ur·

124 4519 170 4584 bis
182 4525 365 4605 collegium
382 4524 551 4587 eximium
567 4522 736 4600 futurum,
753 4523 788 4586 in
803 4540 872 4603 quo
887 4521 1047 4586 Creatori
1060 4531 1093 4584 et
1106 4520 1335 4601 Redemptori

125 4641 232 4694 nostro
246 4648 382 4712 magno
398 4607 478 4693 cam
486 4631 618 4709 fractu
634 4630 821 4694 seruiatur.

176 4735 264 4806 lnlra
294 4748 461 4804 octauam
486 4737 644 4802 Paschae
671 4738 716 4801 ad
741 4738 893 4818 domum,
920 4755 1010 4820 quae
1036 4733 1211 4802 conducta
1241 4743 1332 4811 erat,
