3382 5528
610 513 674 572 Au.
702 513 797 574 1556·
1252 511 1308 572 429

89 664 164 743 agit,
180 662 446 727 mansuetudine
466 671 501 726 et
521 662 720 726 constantia
741 671 775 725 et
795 661 1007 726 confidentia
1029 662 1065 724 in
1084 661 1201 725 Deum
1221 662 1308 725 insi-

91 772 170 849 gnis,
186 771 228 834 de
242 787 313 851 quo
328 769 501 849 singulari
515 767 670 849 quadam
684 768 821 832 ratione
836 767 906 832 dici
920 777 1048 849 potest:
1062 768 1183 832 omnia
1196 775 1306 848 opero

90 878 158 940 εἰπε
170 877 207 940 in
217 877 297 956 fide
312 875 334 940 ¹:
355 892 421 940 nec
442 875 581 954 mirum,
605 891 685 938 cum
706 885 875 955 expertus
890 875 947 953 sit,
963 891 1034 938 non
1049 875 1133 954 suiS,
1149 876 1213 939 sed
1228 876 1306 956 obe·

91 985 228 1048 dientiae
244 984 391 1061 viribuS,
407 983 494 1047 benc
509 982 576 1046 sibi
590 983 707 1046 omnia
723 982 885 1060 cessisse
901 991 1043 1062 praeest
1056 982 1169 1046 tribus
1181 999 1306 1064 puero-

92 1108 160 1154 rum
177 1091 358 1154 classibus.
380 1089 475 1169 Mag.
498 1088 693 1152 Guilelmus
717 1089 888 1168 rhetores,
909 1098 948 1152 ut
969 1103 1056 1152 natu
1080 1089 1305 1170 grandiores,

93 1212 154 1260 non
176 1198 222 1260 ita
244 1195 290 1260 ad
309 1213 450 1260 omnem
471 1196 613 1277 pietatis
632 1195 792 1259 habitum
816 1197 911 1259 ualet
935 1195 1127 1288 inflectere;
1153 1196 1245 1261 unde
1270 1197 1307 1259 in

32 1387 34 1394 Α
92 1303 286 1367 Balthasare
300 1320 400 1383 spem
415 1303 608 1366 maximam
621 1301 801 1366 seminarii
815 1301 918 1366 huius
941 1303 1113 1366 ecclesiae
1130 1303 1306 1383 ponimus.

92 1408 220 1475 Vtimur
235 1419 353 1473 autem
364 1409 538 1490 Magistro
550 1409 724 1474 Guilelmo
736 1409 844 1473 latino
857 1411 1119 1484 concionatore,
1133 1427 1177 1473 ac
1187 1410 1307 1474 iuuen-

92 1527 189 1580 tutem
215 1526 403 1580 exercente
433 1516 469 1578 in
494 1516 636 1596 publico
661 1516 801 1580 dicendi
826 1534 983 1602 munere,
1010 1532 1116 1598 quem
1140 1516 1237 1581 Deus
1262 1518 1307 1580 ad

92 1625 206 1686 multos
219 1633 412 1704 praeparat
428 1637 575 1701 agones
589 1622 651 1686 Est
664 1621 721 1686 hic
735 1621 942 1687 Guilielmus
955 1623 1104 1703 insignis
1115 1624 1227 1687 nostri
1239 1625 1307 1687 col·

94 1730 165 1808 legii
174 1747 267 1810 parS,
287 1747 367 1794 cum
382 1729 592 1810 praesertim
606 1730 676 1808 hic,
693 1739 835 1810 praeter
846 1729 1073 1795 humaniores
1087 1731 1221 1810 literas,
1234 1731 1309 1795 sere

94 1837 168 1899 nihil
181 1835 281 1900 dulce
296 1837 353 1900 sit·
371 1835 538 1918 quicquid
552 1836 598 1899 ad
612 1837 698 1900 illud
713 1835 865 1900 officium
879 1837 1042 1917 pertinet,
1060 1839 1223 1902 omnibus
1237 1855 1309 1902 mo·

92 1941 140 2004 dis
153 1943 354 2024 exequitur,
371 1943 517 2023 eiusque
531 1942 694 2023 discipuli
709 1943 781 2006 iam
795 1942 841 2006 ad
855 1942 1043 2008 dicendum
1057 1945 1200 2024 prodire
1224 1945 1308 2008 inci·
1349 1946 1351 1952 '

95 2049 191 2126 piunt.
1006 2119 1010 2126 .

144 2157 280 2239 Gaspar
301 2159 492 2236 schalauus
520 2161 645 2220 'vnus
670 2157 826 2227 omnium
852 2157 1009 2238 linguam
1036 2158 1233 2223 boemicum
1260 2159 1310 2224 ita

94 2263 253 2345 intelligit,
270 2275 308 2328 ut
325 2263 464 2328 infimos
478 2281 671 2344 puerorum
687 2263 829 2328 ordines
840 2265 1014 2328 instruere
1025 2266 1154 2329 ualeat:
1171 2283 1310 2346 germa-

94 2370 196 2434 nicam
210 2382 342 2450 opttme
357 2373 473 2444 callet,
496 2371 659 2434 laborum
674 2370 963 2450 patientissimum
980 2382 1014 2434 et
1030 2372 1208 2437 adomnia
1231 2374 1309 2436 obe·

94 2475 233 2542 dientiae
259 2479 379 2542 munia
409 2495 520 2558 aeque
542 2489 737 2559 promptus:
761 2477 818 2540 120
838 2495 966 2559 pueros
986 2479 1104 2544 habet:
1126 2482 1215 2544 alios
1235 2479 1310 2562 Syl·

96 2583 316 2649 uius⁸docet
341 2584 476 2649 Omnes
499 2593 620 2665 aperte
641 2585 854 2665 experimur,
879 2586 1045 2666 quicquid
1069 2588 1150 2651 boni
1171 2588 1209 2652 lit
1228 2606 1310 2669 quo·

95 2705 232 2772 cumque
247 2693 283 2756 in
298 2691 425 2769 officio,
443 2689 477 2754 id
494 2691 539 2754 ad
553 2691 742 2755 utilitatem
761 2692 921 2772 proximi
933 2703 968 2756 et
986 2692 1054 2758 Dei
1075 2695 1228 2774 gloriam
1249 2693 1310 2760 So·

95 2796 244 2862 rietatem
265 2808 388 2892 totam,
408 2815 472 2878 per
492 2798 656 2862 meritum
675 2799 759 2881 Jesu
780 2797 836 2862 X!
868 2799 997 2863 eteius
1018 2818 1171 2880 sponsae
1190 2801 1310 2866 Eccle-

95 2903 159 2965 siae
172 2904 378 2981 catholicae,
397 2908 550 2986 operari,
568 2916 604 2967 vt
619 2905 677 2968 hic
691 2905 833 2968 obuium
849 2905 893 2968 sit
909 2906 995 2971 illud
1013 2908 1049 2970 in
1069 2908 1232 2972 omnibus
1252 2910 1309 2973 his

97 3005 154 3072 Dei
166 3014 277 3075 seruis
292 3011 412 3074 omm'a
426 3017 599 3091 operatus
612 3028 651 3075 es
664 3011 703 3074 in
719 3012 832 3090 nobis,
846 3013 998 3076 Domine
1012 3012 1024 3044 ⁴
1039 3024 1078 3084 ct¹
1087 3017 1179 3078 sciat
1198 3015 1243 3080 V.
1265 3016 1309 3080 R.

97 3119 144 3178 uel
161 3135 266 3182 vnum
292 3137 337 3181 ex
357 3117 412 3181 his
434 3118 599 3190 minimis,
622 3119 682 3198 qui
701 3118 829 3181 uitales
850 3117 1070 3184 obedientiae
1091 3121 1236 3202 spiritus
1260 3132 1312 3185 at·

94 3225 234 3305 trahunt,
250 3225 468 3290 aduersariis
484 3226 646 3288 omnibus
661 3225 824 3289 timorem
838 3219 1007 3292 incutere.
1041 3281 1046 3294 .

146 3330 307 3397 Decanns
339 3331 591 3396 Vniuersitatis
617 3331 843 3396 Hussitarum
867 3342 941 3396 tam
964 3335 1147 3414 pueriliter
1172 3337 1248 3414 agit
1272 3337 1309 3400 in

97 3435 154 3501 hac
166 3451 274 3519 parte,
290 3450 330 3504 vt
343 3457 414 3503 non
429 3439 534 3502 modo
549 3456 630 3502 eum
643 3456 715 3503 non
730 3440 859 3520 pudeat
874 3440 1055 3520 disputare
1076 3459 1157 3505 cum
1179 3445 1312 3508 nostris

15 3613 17 3634 ἰ
96 3544 316 3622 scholasticis,
333 3547 608 3626 grammaticam
623 3563 716 3610 nunc
737 3547 931 3626 aggressa,
952 3548 1016 3611 sed
1035 3566 1101 3612 nec
1122 3550 1218 3613 vinci
1237 3551 1310 3631 qui·

15 3653 16 3658 ’
96 3648 166 3715 dem
178 3653 331 3718 minimis
347 3653 381 3716 in
397 3653 514 3732 rebus,
531 3662 568 3717 ut
583 3655 784 3718 nesciamus
798 3670 862 3717 cur
877 3664 951 3718 tam
965 3656 1068 3736 parui
1083 3673 1121 3719 se
1133 3655 1242 3721 faciat
1253 3658 1311 3721 vir

15 3747 16 3752 ’
98 3759 176 3822 tanti
189 3761 350 3825 nominis.
364 3759 531 3824 Hussitae
542 3760 684 3840 quidem
695 3759 888 3824 efficaciam
900 3779 1046 3840 operum
1057 3762 1182 3826 timere
1193 3764 1310 3828 uiden·

15 3847 17 3856 ’
100 3873 158 3942 tur,
173 3869 258 3932 nesi
274 3883 466 3948 pergamus
480 3868 531 3930 sic
547 3868 747 3946 proximum
761 3867 903 3947 iuuare,
926 3868 1075 3948 populus
1095 3879 1216 3950 aperte
1237 3867 1312 3933 lan·

97 3969 167 4036 dem
188 3994 231 4039 ex
254 3975 429 4039 fructibus
453 3973 626 4053 intelligat
651 3974 852 4053 ueritatem;
879 3974 972 4038 vnde
1000 3984 1034 4038 et
1061 3975 1311 4041 abstinentiam

98 4089 127 4140 et
139 4082 359 4148 sobrietatem
374 4099 418 4145 ac
438 4081 649 4146 modestiam
668 4090 869 4145 nostrorum
892 4099 999 4162 aegre
1020 4083 1183 4147 uidentur
1204 4084 1298 4148 serre

130 4249 137 4280 ¹
163 4249 326 4302 l’axxxrm.

129 4319 139 4350 ¹
163 4322 276 4379 “Gaspur
286 4323 389 4378 Conzer
406 4321 511 4367 Lubaco
525 4321 660 4375 (Lalbttch,
675 4322 812 4368 Carnlolae
826 4325 915 4378 caput)
928 4332 1002 4369 ortus
1011 4333 1079 4379 erat,
1095 4327 1120 4370 ln
1138 4338 1188 4380 qua
1202 4328 1312 4372 clvltato

97 4389 165 4434 etlam
173 4404 235 4438 nnnc
244 4394 363 4448 plerique
380 4399 439 4438 sunt
456 4391 569 4439 Slovenl.
584 4393 691 4448 ideoque
708 4393 750 4437 hlc
767 4393 866 4438 slavus
883 4403 1014 4447 vocatur...
1032 4397 1245 4452 Baauusnxnona,
1260 4405 1279 4444 t.
1295 4412 1313 4448 t,

96 4470 149 4514 lan.
157 4462 202 4516 m,
210 4471 295 4509 annot.
307 4477 324 4509 l.
334 4463 361 4509 Ρ.
370 4463 498 4519 Georsslur
506 4463 593 4509 Varus
601 4465 702 4517 (Ware)
710 4465 735 4509 S.
745 4465 764 4510 1.
774 4466 799 4510 ln
808 4465 931 4511 [littorio
937 4469 1115 4522 fundationis
1125 4469 1236 4525 collegit
1245 4470 1312 4515 Pro·

98 4535 178 4580 tonsis
187 4537 255 4582 lllnrn
263 4535 409 4591 cuparum
416 4535 534 4592 Kongnm
541 4535 719 4582 Labacensem
729 4536 877 4584 Carnlolum
885 4541 1009 4596 appellat.
1019 4539 1086 4584 Vide
1096 4552 1183 4596 supra,
1195 4553 1255 4598 pag.
1263 4543 1314 4598 882,

15 4615 16 4660 ζ
97 4607 205 4652 annoab.

132 4675 143 4706 ³
167 4679 254 4726 Petrus
263 4681 378 4740 Sylvius,
388 4683 444 4736 lpse
455 4685 497 4738 qul
507 4685 611 4729 lltteru
626 4683 726 4728 acrlblt.

134 4748 143 4780 ⁴
170 4751 261 4797 Omnia
273 4757 345 4798 enim
357 4761 438 4810 opero
449 4761 541 4800 nostra
552 4759 679 4812 operatus
687 4767 716 4800 es
727 4757 811 4802 noble.
823 4755 864 4812 ia,
875 4771 947 4807 xxvt.
960 4760 992 4804 tt.
