3382 5528
642 487 707 546 Aa.
730 487 800 546 155⁶
1278 489 1335 566 aaa

105 647 144 696 ea
167 631 275 696 aniani
300 629 454 712 equitate
474 630 623 698 tacendo
645 631 788 714 perfert,
813 643 850 698 ut
869 633 914 696 ab
935 631 1058 698 inieris
1077 641 1267 700 reuocatus
1282 634 1332 699 vi·

109 736 240 802 dentur.

163 842 220 910 Ad
234 844 324 910 haec
339 845 484 926 quidam
498 861 608 926 eques
621 854 656 908 et
670 861 808 910 summo
824 847 903 910 loco
918 856 1035 926 natus,
1051 847 1164 914 tribus
1178 844 1332 914 millibus

109 950 314 1016 ducatorum
336 952 416 1016 lusu
436 954 529 1018 male
551 951 765 1034 profligatiS,
786 969 937 1034 peregre
959 952 1137 1034 proficisci
1155 953 1192 1016 in
1213 953 1332 1018 animo

109 1058 349 1136 constituerat,
365 1059 521 1138 quolibet
536 1076 573 1123 se
593 1059 702 1124 exitio
721 1059 868 1140 dignum
882 1059 1055 1138 iudicans
1071 1068 1107 1124 et
1127 1059 1164 1124 in
1178 1060 1333 1140 patriam

103 1179 283 1246 nunquam
297 1181 520 1244 reuersurum
535 1165 683 1230 fratrem
699 1175 817 1230 tamen
831 1167 1020 1247 quemdam
1035 1168 1220 1246 allocutus
1238 1165 1332 1248 quod

105 1271 230 1339 mutati
244 1289 316 1336 non
328 1281 479 1351 poterat,
497 1274 653 1338 maximo
668 1290 748 1338 cum
770 1273 892 1338 fenore
906 1273 1081 1354 pensauit;
1097 1290 1181 1354 nam
1196 1272 1331 1340 confes·

104 1379 198 1442 sione
220 1385 358 1442 tantum
375 1378 551 1458 'flagitium
574 1380 686 1458 diluit,
707 1389 741 1442 et
763 1380 798 1442 id
824 1388 876 1442 est
896 1379 1072 1460 pollicitus
1093 1395 1200 1459 saepe
1218 1379 1330 1445 iactu-

105 1500 190 1550 rum.
206 1484 309 1550 Alius
324 1485 462 1550 iuuenis
477 1497 512 1550 et
526 1486 670 1550 minime
685 1485 847 1550 obscuris
860 1487 1048 1562 natalibus
1062 1487 1169 1566 quiin
1180 1486 1332 1552 decidua

106 1599 137 1652 et
149 1590 304 1656 instabili
319 1591 423 1656 huius
439 1591 558 1656 mundi
573 1593 687 1672 gloria
704 1609 803 1673 spem
819 1609 958 1658 omnem
978 1594 1173 1658 collocasse
1188 1592 1331 1658 videba-

106 1697 257 1774 tur,ieui
270 1696 400 1762 iniuria
415 1707 575 1778 accepta,
596 1708 778 1764 auctorem
793 1699 842 1762 rei
865 1699 1027 1762 occidere
1043 1699 1328 1776 machinabatur,

104 1803 198 1868 seda
214 1803 368 1884 quodam
384 1822 430 1868 ex
444 1805 576 1869 nostris
596 1805 701 1870 Patre
716 1806 917 1870 admonitus
936 1805 1070 1870 remisit
1086 1805 1268 1872 offensam.

161 1909 244 1974 Vidi
259 1911 296 1974 in
307 1911 375 1976 hac
390 1911 477 1976 urbe
492 1911 682 1992 hominem,
696 1913 731 1976 in
747 1923 906 1978 extremo
919 1913 1013 1976 vitae
1029 1929 1115 1978 suae
1127 1912 1331 1976 discrimine

104 2016 264 2094 positum,
282 2033 395 2097 neque
409 2020 599 2082 multorum
612 2036 785 2082 annorum
795 2021 911 2099 spatio
923 2018 1136 2096 consessum,
1150 2020 1219 2096 cui,
1236 2018 1331 2100 quod

101 2123 320 2214 ,potissimum
340 2135 418 2188 erat
438 2125 473 2188 in
495 2125 637 2189 homine
658 2126 925 2205 deplorandum,
946 2125 1160 2206 grauissime
1178 2143 1331 2206 peccare

106 2230 240 2296 animus
254 2240 343 2295 erat:
360 2230 510 2312 prosecti
523 2243 606 2296 sunt
621 2232 666 2296 ad
681 2232 858 2298 hominem
873 2232 984 2311 multi,
1001 2233 1061 2311 qui
1077 2233 1120 2298 ab
1136 2233 1331 2298 execrabili

101 2337 281 2418 proposito
302 2337 560 2419 pertraherent,
584 2338 817 2417 declarantes
834 2339 865 2402 si
887 2339 922 2402 in
942 2355 987 2402 eo
1007 2355 1078 2418 quo
1098 2338 1331 2420 permanebat

103 2450 192 2508 statu
207 2460 226 2506 e
241 2443 334 2507 viuis
354 2444 553 2521 excederet,
570 2461 650 2508 cum
670 2445 903 2512 daemonibus
923 2445 960 2508 in
975 2445 1139 2524 gehenna
1153 2444 1230 2510 iore
1252 2462 1327 2510 cru·

103 2547 274 2614 ciendum:
298 2566 424 2630 parum
445 2567 509 2614 sua
531 2550 701 2616 interesse
720 2550 956 2630 respondebat
978 2551 1014 2618 in
1032 2551 1247 2630 grauissima
1269 2552 1330 2616 illa

103 2655 273 2736 supplicia
286 2655 437 2720 detrudi:
451 2656 581 2720 accidit
590 2665 640 2735 vt,
654 2657 773 2720 multis
781 2657 904 2721 diebus
915 2658 1118 2735 transactio,
1129 2673 1201 2722 non
1210 2660 1330 2740 potue·

104 2760 146 2824 rit
160 2761 289 2828 adduci
304 2771 342 2826 vt
359 2762 405 2825 ad
420 2763 678 2828 confessionem
702 2762 899 2826 accederet:
920 2763 1033 2840 nostri
1055 2762 1199 2830 taudem
1213 2781 1255 2829 eo
1270 2766 1330 2829 de·

106 2867 197 2934 ducti
212 2869 394 2934 hominem
407 2867 485 2933 Deo
500 2871 787 2936 reconciliarunt.

158 2973 285 3040 Mulier
300 2975 485 3062 quaedam,
503 2994 723 3057 comparum
743 2978 835 3040 iuter
854 2993 916 3040 eos
931 2977 1149 3056 conveniret,
1166 2977 1329 3058 digressa

104 3090 153 3146 est
166 3098 188 3143 a
201 3082 344 3160 marito,
360 3082 487 3164 laqueo
502 3083 613 3148 vitam
634 3083 787 3162 linitura;
810 3083 887 3146 viro
903 3099 1041 3164 quoque
1062 3083 1106 3145 ob
1124 3085 1244 3164 legum
1260 3101 1330 3148 me·

103 3186 388 3268 antecedente
405 3207 470 3270 per
484 3201 626 3253 nostros
637 3207 736 3266 vero,
754 3199 915 3254 amanter
926 3190 1116 3270 obiurgati,
1129 3191 1165 3256 in
1175 3193 1331 3272 gratiam

104 3291 240 3360 luerunt
252 3294 402 3360 redacti.
419 3296 507 3376 Quis
518 3297 627 3386 digna
642 3298 802 3362 oratione
813 3307 1049 3378 prosequatur
1059 3314 1245 3364 numerum
1257 3299 1330 3362 lau-

99 3399 295 3466 dandarum
324 3402 515 3482 virginum,
540 3419 632 3484 quae
650 3412 685 3468 et
704 3402 832 3468 mentis
851 3413 886 3466 et
909 3403 1069 3482 corporis
1090 3404 1330 3484 integritatem

100 3507 203 3572 nullis
214 3524 407 3589 procorum
417 3507 591 3574 illecebris
601 3509 804 3574 violandam
817 3508 958 3574 Christo
971 3511 1239 3576 consecrarunt?
1251 3511 1330 3592 quis

103 3623 240 3677 enarret
255 3631 328 3692 ees,
344 3615 415 3693 qui,
434 3615 599 3694 pietatem
615 3615 763 3679 sollicite
782 3617 950 3694 colentes
967 3633 1038 3682 non
1053 3616 1189 3680 iaciunt
1203 3617 1329 3684 orandi

102 3715 219 3784 finem?
233 3719 316 3802 quid
331 3720 362 3782 si
373 3737 435 3784 eos
450 3737 664 3799 enumerem,
677 3722 737 3802 qui
749 3723 794 3786 ad
805 3733 969 3786 sanctum
980 3722 1112 3787 Christi
1128 3740 1257 3804 corpus
1273 3725 1329 3803 pie

102 3841 142 3886 ac
153 3823 248 3904 juste
262 3826 471 3892 sumendum
493 3825 678 3892 dominicis
703 3828 826 3892 diebus
842 3846 883 3892 ac
903 3828 1003 3894 festis
1024 3828 1060 3891 in
1076 3831 1246 3908 templum
1262 3831 1329 3894 hoc

102 3942 257 3996 nostrum
271 3933 560 4013 progrediuntur,
577 3933 636 4014 qui
652 3950 811 4014 numero,
827 3935 863 3998 ni
877 3935 992 4013 fallor,
1009 3931 1152 4002 ducenti
1173 3935 1328 4001 reserun-

103 4038 169 4100 tur?
182 4048 368 4120 praetereo
384 4041 444 4120 qui
458 4057 522 4120 per
538 4039 798 4106 hebdomadam
811 4040 902 4105 idern
918 4040 1078 4105 reddunt:
1096 4051 1283 4122 praetereo
1295 4051 1329 4107 et

101 4160 169 4222 eos,
187 4143 257 4225 qui,
280 4156 320 4208 ut
334 4145 443 4210 animi
458 4146 582 4210 sordes
599 4147 758 4226 abluant,
775 4147 868 4212 hanc
883 4158 1041 4212 nostram
1057 4149 1200 4212 domum
1222 4151 1328 4212 elon·

98 4247 229 4332 ginquo
245 4263 380 4332 petunt.
420 4267 429 4282 ·
875 4253 877 4260 '
1197 4244 1199 4248 ’

155 4355 242 4422 illud
257 4375 366 4422 unum
389 4359 530 4424 videtur
544 4362 611 4425 hoc
626 4363 705 4424 loco
727 4360 927 4440 dicendum,
948 4361 1149 4424 valentinos
1168 4359 1328 4425 Societa-

100 4463 143 4526 tis
156 4463 241 4548 Jesu
256 4479 332 4528 tam
346 4482 424 4529 esse
439 4466 627 4546 studiosos,
644 4480 683 4529 vt
704 4467 878 4545 omnibus,
895 4483 985 4548 quae
1005 4483 1075 4531 non
1094 4483 1230 4548 paucae
1245 4466 1328 4532 inci·

99 4569 180 4635 dere
196 4574 322 4650 solent,
346 4573 606 4638 calamitatibus
626 4586 769 4638 nostros
790 4574 962 4638 interesse
982 4575 1172 4653 postulent:
1196 4590 1329 4638 connu-

102 4673 166 4762 bia,
183 4696 352 4764 quaeper
368 4681 520 4746 diuortia
536 4681 795 4761 rescinduntur,
814 4680 958 4744 Patrum
970 4679 1145 4744 industria
1160 4680 1330 4744 resarciri
