3578 5534
745 554 807 608 Aa.
837 551 905 608 lfao
1402 548 1443 606 59

207 694 674 774 professoresbumanitatis
696 705 730 758 et
754 695 1009 776 philosophiae,
1031 695 1272 772 iureconsulti,
1295 695 1439 772 medici,

208 803 309 866 multi
333 813 533 880 senatoreS,
560 802 741 880 canonici,
769 810 804 864 et
829 801 929 865 multi
954 801 1014 866 alii
1039 803 1223 866 doctores:
1251 802 1287 865 in
1314 801 1435 864 ultima

206 910 348 974 actione
363 927 486 973 omnes
500 909 574 973 fere
596 908 776 973 auditores
797 918 832 972 et
857 917 1077 988 spectatores
1098 919 1200 972 erant
1216 909 1436 984 sacerdotes

207 1028 243 1080 et
257 1017 423 1080 monachi
438 1033 484 1080 ex
499 1017 662 1080 omnibus
677 1013 750 1081 sere
765 1015 959 1093 ordinibus
976 1024 1011 1078 et
1025 1015 1240 1079 scholastici.

267 1123 337 1188 Ubi
351 1124 440 1187 haec
455 1125 581 1188 salutis
596 1125 767 1205 mysteria
781 1123 924 1188 luerunt
938 1131 1099 1204 peracta,
1121 1122 1189 1185 uiri
1209 1122 1259 1186 illi
1280 1122 1438 1202 religiosi

208 1247 434 1311 summopere
460 1231 654 1295 laudabant
682 1230 869 1295 Societatis
897 1230 1118 1306 institutum,
1154 1230 1364 1309 aiebantque
1399 1245 1440 1291 se

207 1339 305 1402 illam
319 1338 448 1419 ubique
462 1339 623 1417 gentium
637 1356 715 1402 esse
729 1339 1011 1418 praedicaturos;
1025 1345 1060 1399 et
1075 1345 1174 1400 tanta
1187 1337 1322 1400 laetitia
1333 1347 1435 1399 erant

208 1447 356 1525 perfusi,
383 1456 422 1508 ut
446 1445 635 1509 Rectorem
661 1455 822 1510 nostrum
846 1445 1078 1508 Franciscum
1103 1443 1277 1506 Palmium
1302 1443 1438 1506 arctius

207 1556 528 1634 amplecterentur,
559 1554 678 1634 illique
705 1553 955 1633 pollicerentur
981 1569 1082 1617 suam
1109 1568 1254 1633 operam
1279 1561 1313 1614 et
1339 1549 1436 1613 indu·

207 1663 332 1724 striam
348 1661 383 1724 in
399 1677 621 1741 quacumque
636 1678 674 1724 re
693 1670 837 1740 possent
856 1659 1026 1724 Societati
1045 1659 1218 1723 inseruire
1237 1659 1438 1721 consulere·

206 1786 288 1848 que.
305 1767 377 1830 Alii
392 1766 568 1844 dolebant,
585 1765 680 1846 quod
695 1784 816 1830 secum
830 1785 902 1830 non
918 1767 1149 1830 adduxissent
1164 1782 1287 1828 omnes
1309 1781 1435 1827 coeno·

206 1875 257 1938 bii
272 1875 479 1938 monachos.
496 1874 612 1936 Tanta
628 1871 715 1937 fides
729 1875 882 1938 accessit
901 1875 1051 1953 collegio
1067 1873 1121 1936 his
1137 1873 1253 1950 rebuS,
1271 1880 1309 1934 ut
1323 1871 1437 1946 multi,

206 1982 268 2062 qui
284 1991 390 2044 antea
405 1997 471 2043 nos
486 1981 680 2044 irridebant
695 1991 729 2044 et
751 1980 911 2060 stupidos
933 1980 1154 2056 iudicabant,
1177 1995 1270 2042 nunc
1292 1977 1437 2041 laudent

205 2099 242 2150 et
258 2096 390 2151 ament.

268 2195 331 2258 Est
346 2205 381 2258 et
397 2197 604 2274 praeclarus
619 2194 799 2274 professor
815 2195 1056 2270 humanitatis,
1074 2195 1132 2273 qui
1147 2210 1217 2256 non
1237 2202 1378 2274 poterat
1399 2192 1434 2254 in

205 2303 365 2366 animum
391 2301 557 2365 inducere
581 2317 682 2364 suum
708 2301 744 2363 in
773 2302 923 2380 collegio
952 2310 1075 2364 nostro
1104 2301 1256 2364 existere
1282 2300 1435 2380 aliquem

203 2408 296 2471 tanti
311 2408 444 2487 ingenii
459 2421 493 2470 et
508 2408 728 2485 eruditionis
744 2409 804 2488 qui
820 2409 979 2471 carmina
995 2409 1053 2471 illa
1070 2406 1188 2470 lacere
1204 2407 1323 2470 sciret:
1337 2423 1432 2486 spar-

204 2531 269 2578 sus
284 2525 337 2578 est
351 2523 472 2578 tantus
486 2531 607 2578 rumor
622 2515 658 2577 in
673 2515 740 2577 hac
756 2515 841 2577 urbe
857 2515 900 2578 de
915 2515 1029 2593 nobiS,
1045 2525 1084 2577 ut
1097 2513 1182 2576 nibil
1194 2514 1290 2578 aliud
1304 2514 1434 2577 refera-

205 2633 266 2685 tur
281 2622 398 2698 modo,
415 2631 449 2684 et
465 2624 619 2700 agitetur
639 2622 675 2684 in
695 2622 841 2685 aedibus
860 2621 1033 2702 equitum,
1056 2623 1186 2685 ciuium
1206 2631 1241 2684 et
1263 2621 1433 2685 studioso-

203 2745 299 2806 rum,
316 2745 423 2809 quam
439 2738 598 2792 nostrum
613 2729 810 2791 institutum
826 2739 860 2791 et
876 2729 1010 2792 schola.
1028 2727 1243 2793 Laudandus
1258 2726 1437 2792 Dominus

204 2837 322 2919 Jcsus,
350 2835 479 2898 author
503 2835 607 2898 huius
632 2836 750 2915 operis
775 2847 808 2898 et
834 2836 1081 2898 uniuersorum
1107 2835 1313 2913 officiorum,
1343 2853 1434 2915 quac

205 2942 370 3006 Societas
385 2949 553 3021 praestat.
571 2941 641 3004 Res
660 2942 769 3020 igitur
791 2943 950 3006 literaria
970 2941 1080 3006 diuini
1101 2943 1253 3006 numinis
1275 2941 1434 3021 auspicio

205 3057 450 3128 promouetur,
468 3065 510 3110 ac
526 3047 687 3128 discipuli
702 3061 736 3112 et
759 3049 888 3111 virtute
909 3059 942 3112 et
963 3066 1111 3112 numero
1134 3050 1196 3124 (uti
1216 3059 1375 3129 tempora
1399 3061 1433 3110 et

206 3173 327 3220 mores
341 3155 471 3233 lerunt)
486 3165 660 3234 crescunt,
677 3165 712 3219 et
727 3155 887 3220 videmus
902 3158 939 3220 in
954 3158 1021 3221 illis
1032 3157 1127 3220 haud
1139 3156 1352 3220 mediocrem
1363 3156 1437 3220 fru-

204 3276 317 3326 ctum:
334 3272 478 3325 seruant
498 3264 591 3326 enirn
611 3265 753 3343 regulas
773 3273 808 3327 et
831 3265 991 3328 instituta
1010 3265 1162 3344 collegii,
1183 3265 1362 3329 celebrant
1381 3265 1434 3327 lu-

204 3371 308 3446 dum,
335 3369 511 3433 intersunt
533 3380 607 3433 tum
625 3371 768 3434 lectioni
793 3371 976 3434 doctrinae
1001 3372 1216 3436 christianae
1243 3373 1345 3452 (quae
1366 3373 1435 3436 illis

202 3477 426 3557 praelegitur
441 3493 462 3539 a
476 3475 627 3540 Rectore
641 3477 676 3540 in
692 3479 821 3558 templo
836 3478 959 3542 diebus
973 3479 1125 3556 veneris
1143 3480 1187 3542 ad
1203 3496 1310 3559 quam
1328 3481 1433 3543 etalii

204 3583 406 3661 accedunt),
423 3592 497 3647 tum
512 3583 674 3647 concioni
689 3595 750 3647 aut
769 3585 913 3648 lectioni
932 3587 1178 3665 euangelicae,
1199 3602 1289 3664 quae
1312 3586 1357 3648 ab
1379 3604 1432 3649 eo·

204 3691 289 3753 dem
304 3699 493 3753 enarratur
512 3691 548 3752 in
568 3691 698 3770 templo
718 3691 879 3754 omnibus
899 3691 1006 3754 seriis.
1030 3691 1100 3755 Sed
1121 3692 1164 3755 de
1185 3693 1294 3767 literis
1317 3693 1433 3755 hacte-

206 3813 287 3860 nus:
303 3814 398 3860 nunc
414 3796 460 3860 ad
474 3807 778 3861 sacramentorum
793 3799 915 3878 fruges
929 3799 1125 3862 ueniamus.

269 3890 400 3966 Patres'
407 3920 472 3982 pro
487 3903 620 3966 uiribus
634 3919 774 3983 semper
795 3905 1031 3969 inseruierunt
1051 3907 1156 3969 saluti
1174 3923 1217 3970 ac
1237 3907 1435 3972 animarum

206 4010 368 4088 candori,
393 4027 607 4091 operamque
629 4011 808 4074 assiduam
829 4011 1000 4076 dederuut
1020 4013 1240 4092 cupientibus
1255 4013 1433 4077 conscien-

205 4117 293 4180 tiam
308 4125 487 4192 excutere,
503 4117 598 4180 vitae
612 4118 733 4197 lapsus
747 4129 979 4182 sacrosancta
994 4120 1216 4183 consessione
1231 4121 1374 4200 diluere,
1392 4139 1434 4184 ac

206 4223 365 4286 animum
385 4224 636 4304 mysteriorum
661 4226 889 4305 perceptione
914 4226 1103 4290 illustrare.
1127 4225 1277 4291 Proinde
1303 4244 1434 4306 magna

205 4341 260 4392 est
275 4338 311 4392 et
326 4330 485 4393 virorum
500 4341 534 4393 et
549 4331 735 4395 mulierum
760 4332 968 4412 frequentia,
986 4352 1057 4398 non
1084 4334 1188 4398 modo
1214 4335 1432 4414 singulorum

207 4437 378 4500 meusium
395 4438 505 4515 initio,
530 4438 591 4501 sed
617 4447 651 4501 et
675 4449 804 4504 octauo
829 4458 968 4522 quoque
994 4443 1050 4506 die
1075 4452 1110 4505 et
1135 4443 1297 4506 omnibus
1323 4443 1433 4518 leriiS,

207 4544 268 4622 qai
292 4545 465 4622 singulari
490 4546 618 4608 mentis
642 4547 860 4625 synceritate
881 4558 915 4610 et
936 4549 1090 4628 puritate
1113 4565 1273 4613 mensam
1291 4548 1435 4612 Domini

209 4651 352 4714 adeunt.

270 4757 308 4820 In
327 4755 471 4837 jubilaei
486 4762 769 4840 promulgatione
793 4763 913 4840 plures
928 4773 1156 4826 accesserunt
1177 4763 1223 4826 ad
1238 4780 1303 4826 nos
1318 4780 1435 4826 sacra-
