3410 5528
626 485 691 554 An.
713 487 783 554 loon
1263 487 1316 556 ὅθ

161 638 186 703 3.
242 637 401 721 Quatunr
426 657 548 705 sumus
569 638 774 704 sacerdotes
796 649 830 704 ct
856 640 1020 721 theologi;
1048 641 1173 722 reliqui
1198 651 1315 706 autem

280 747 442 828 Magistri
457 757 491 812 et
506 748 660 811 cultores
674 747 847 812 bonarum
863 749 1002 826 artium,
1020 765 1111 830 quae
1132 748 1177 812 ad
1194 748 1315 830 junen-

280 865 389 918 tutem
403 863 501 918 recte
515 873 558 919 ac
573 855 629 936 pie
643 855 895 919 instituendam
910 864 1083 934 spectant.

164 961 187 1024 4,
245 961 376 1026 Omnes
392 963 496 1026 unius
509 963 666 1027 eiusdem
681 957 881 1040 societatis,
904 980 995 1044 quae
1010 963 1150 1028 nomine
1169 963 1253 1046 Jesu
1268 963 1314 1027 in·

281 1070 410 1150 signita
437 1081 502 1148 est,
523 1071 632 1134 ueluti
656 1071 816 1151 corporis
836 1071 1012 1149 membra,
1037 1081 1071 1134 et
1092 1070 1153 1135 filii
1178 1071 1318 1152 quidem

286 1174 354 1239 Ril
371 1175 487 1240 Patris
501 1176 537 1241 in
555 1176 698 1240 Christo
717 1178 828 1241 nostri
848 1176 992 1242 Domini
1012 1175 1150 1257 ignatii,
1172 1178 1232 1257 qui
1253 1178 1319 1241 has

284 1283 405 1348 literas
425 1282 434 1315 ¹
456 1285 562 1362 misit,
583 1294 618 1348 et
637 1294 780 1348 nostras
801 1285 956 1349 omnium
976 1301 1104 1366 operas
1126 1284 1255 1364 offerri,
1276 1302 1319 1349 ac

287 1391 322 1454 in
334 1389 476 1456 Christo
486 1390 644 1454 dedicari
656 1401 690 1455 et
702 1391 808 1455 tribui
824 1391 935 1456 uoluit
947 1389 1200 1456 Serenissimae
1214 1389 1319 1454 Maie·
1352 1423 1354 1428 ,

284 1499 367 1562 stati
384 1495 546 1561 Vestrae.

164 1605 192 1668 5.
252 1605 337 1668 Eam
359 1605 562 1687 suppliciter
588 1605 623 1669 id
650 1623 758 1670 unum
776 1622 931 1684 oramus,
958 1614 1010 1682 ut,
1028 1606 1119 1671 sicut
1138 1606 1319 1686 hactenus,

285 1729 392 1792 supra
422 1729 545 1775 omnes
573 1711 785 1776 Germaniae
816 1711 996 1794 Principes
1024 1713 1116 1777 hanc
1141 1713 1322 1777 minimam

285 1818 414 1882 Christi
431 1816 644 1900 Societatem
659 1819 836 1900 amplecti,
860 1829 895 1883 et
915 1817 1028 1900 Regia
1050 1836 1114 1883 sua
1136 1821 1323 1884 clementia

286 1938 392 2009 atque
412 1926 622 1990 liberalitate
644 1927 810 2007 prosequi
835 1928 962 2007 coepit,
985 1927 1041 1991 sic
1066 1945 1131 1992 nos
1155 1927 1262 1992 etiam
1287 1929 1324 1991 in

287 2034 355 2098 hoc
370 2034 504 2114 inclyto
519 2032 653 2112 Regiae
668 2032 863 2097 Maiestatis
874 2032 1026 2098 Vestrae
1041 2033 1177 2114 Regno,
1193 2046 1228 2099 et
1241 2032 1322 2099 Pra-

286 2141 387 2221 gensi
412 2139 584 2221 Collegio,
612 2156 720 2220 porro
745 2140 867 2204 louere
888 2151 923 2204 et
943 2157 1154 2222 promouere
1176 2157 1246 2206 non
1267 2141 1324 2204 de·

288 2248 465 2329 dignetur.

166 2354 192 2418 6.
253 2355 353 2435 Quod
367 2355 402 2418 in
417 2355 520 2419 nobis
535 2354 613 2434 erit,
630 2371 775 2436 operam
790 2371 912 2419 ornnes
925 2357 1146 2434 nauabimuS,
1160 2374 1204 2420 ne
1218 2357 1254 2421 in
1266 2357 1323 2420 ho-

290 2465 402 2526 mines
417 2463 579 2542 ignauos,
596 2463 653 2525 uel
674 2463 845 2542 ingratos,
867 2462 1002 2528 isthaec
1020 2462 1134 2543 Regia
1153 2481 1240 2546 erga
1258 2481 1325 2529 nos

290 2570 478 2635 clementia
489 2578 524 2633 et
539 2569 778 2634 munificentia
790 2571 964 2634 collocata
977 2587 1055 2634 esse
1069 2571 1242 2635 uideatur.

166 2677 195 2741 7.
256 2676 324 2743 Sed
336 2686 383 2756 ut,
397 2679 591 2742 secundum
600 2675 789 2742 Societatis
801 2679 1158 2758 nostraeinstitutum,
1167 2679 1325 2744 etofficio

289 2794 411 2850 nostro
436 2793 470 2849 et
494 2785 670 2849 uoluntati
697 2783 950 2850 Serenissimae
974 2784 1108 2866 Regiae
1130 2784 1327 2868 Maiestatis

289 2891 442 2958 Vestrae
457 2892 503 2956 ad
517 2908 626 2955 unum
641 2907 763 2955 omnes
777 2900 946 2972 perpetuo
962 2889 1250 2973 respondeamus

169 2995 197 3062 8.
257 2999 308 3064 Ne
323 3009 443 3064 autem
457 2998 572 3062 oratio
586 3015 679 3062 nunc
694 2998 802 3062 etiam
816 2997 918 3077 desit,
935 2999 1096 3063 inditium
1111 3018 1154 3064 ac
1172 3001 1324 3065 testimo·

291 3108 387 3172 nium
403 3105 547 3187 aliquod
566 3106 813 3170 obseruantiae
833 3116 977 3170 nostrae
996 3123 1084 3186 erga
1099 3107 1269 3187 optimum
1291 3119 1325 3170 et

293 3215 586 3296 benignissimum
601 3213 804 3292 Patronum,
818 3213 1009 3278 adserimus
1024 3214 1091 3279 hoc
1104 3215 1194 3278 exile
1205 3233 1325 3279 munu-

294 3323 431 3387 sculum
444 3320 469 3397 ¹,
486 3321 580 3403 quod
599 3319 732 3400 Regiae
751 3321 875 3401 pietati
890 3320 1041 3386 Vestrae
1061 3331 1100 3385 ut
1119 3340 1188 3386 non
1209 3321 1325 3404 displi-

294 3440 373 3494 ceat
388 3429 496 3493 etiam
511 3437 616 3508 atque
632 3429 738 3492 etiam
754 3429 992 3494 obsecramus.

153 3633 161 3666 ¹
191 3634 243 3681 Eue
253 3638 341 3694 procul
357 3635 435 3682 dnbio
445 3642 513 3690 sunt,
530 3647 594 3690 quas
604 3636 685 3679 habes
700 3636 724 3680 in
741 3635 834 3680 cartas
851 3637 883 3678 de
900 3635 954 3679 San
969 3635 1087 3690 lgnncr'o,
1097 3642 1114 3678 t.
1127 3645 1162 3690 vt,
1177 3647 1238 3692 pag.
1254 3636 1294 3682 1³0
1302 3648 1327 3684 et

118 3705 153 3748 ω
341 3707 342 3714 ,

153 3780 163 3812 ¹
176 3741 179 3750 Α
191 3777 332 3836 linearium,
343 3783 374 3826 de
385 3791 435 3836 quo
445 3791 523 3834 supra
536 3779 588 3833 ipse
597 3780 755 3835 Goissonlns,
766 3793 823 3836 pag.
835 3781 885 3826 ³81.
