3410 5528
616 481 679 540 An.
702 480 771 540 1556
1252 479 1309 539 385

92 628 226 703 faciunt,
242 627 417 707 notitiam,
432 628 637 708 priusquam
658 627 770 690 nostri
785 627 854 689 huc
869 628 1124 707 peruenissent,
1140 627 1309 703 habebat,

92 751 176 798 nunc
196 737 302 816 louge
323 735 425 798 aliter
446 751 483 798 se
505 735 623 798 habet:
646 743 680 798 et
700 735 759 814 qui
779 735 911 796 nullum
931 733 1144 798 obseruabat
1160 733 1308 812 festum,

94 842 214 906 nullum
230 843 395 906 audiebat
409 859 563 918 sacrum,
581 850 615 904 et
630 842 745 904 minus
760 841 879 922 utique
892 841 1040 905 uerbum
1055 841 1133 920 Dei,
1150 859 1244 906 nunc
1258 842 1310 906 di-

93 949 307 1028 ligentiorem
317 949 354 1012 in
369 949 424 1012 his
438 966 477 1012 se
491 949 647 1030 praebet.
665 947 737 1012 Nec
757 957 894 1011 tantum
908 948 1032 1012 diebus
1051 949 1239 1013 dominicis
1254 967 1306 1012 sa·

94 1073 148 1119 cro
167 1057 347 1134 interesse,
374 1065 409 1119 et
432 1056 579 1124 uerbum
603 1055 670 1119 Dei
695 1055 817 1118 audire
841 1055 1030 1133 desiderat,
1052 1073 1173 1120 uerum
1201 1059 1309 1122 etiam

93 1163 163 1228 aliis
177 1163 405 1245 temporibus;
421 1163 514 1244 quod
525 1163 561 1226 in
575 1163 847 1244 quadragesima
859 1164 979 1242 elapsa
991 1161 1096 1226 facile
1107 1165 1220 1227 cuiuis
1231 1179 1308 1229 erat

92 1272 320 1351 perspicuum:
336 1287 420 1334 nam
435 1287 515 1334 curn
530 1270 759 1333 instituissem
781 1271 931 1348 singulis
945 1270 1067 1334 diebus
1082 1272 1308 1352 quadragesi·

93 1395 164 1440 rnae
178 1394 316 1441 summo
328 1395 431 1440 mane
442 1377 623 1440 celebrare
638 1389 673 1440 et
686 1377 905 1456 praedicare,
919 1376 1070 1457 demptis
1081 1377 1204 1441 diebus
1220 1395 1310 1442 mar-

93 1485 133 1546 tis
146 1494 179 1548 et
190 1483 297 1564 jonis,
320 1501 500 1565 nunquam
515 1485 601 1546 mibi
615 1483 781 1564 frequens
800 1484 887 1547 satis
901 1482 1012 1546 defuit
1033 1484 1259 1549 auditorium:
1275 1497 1310 1549 et

93 1591 167 1654 licet
181 1591 446 1668 monasterium,
463 1591 499 1652 in
514 1591 735 1653 eminentiori
747 1593 825 1652 loco
839 1591 1004 1669 positum,
1022 1609 1043 1654 a
1059 1592 1236 1655 communi
1251 1593 1311 1655 ho·

94 1699 217 1762 minum
231 1698 449 1761 habitatione
465 1696 580 1760 medio
596 1697 697 1777 quasi
716 1698 820 1760 distet
836 1696 989 1775 milliari,
1007 1707 1041 1760 et
1056 1698 1180 1762 eodem
1194 1691 1310 1778 spatio

94 1815 124 1866 et
133 1805 412 1885 modotemplum
424 1803 468 1866 ab
479 1803 591 1867 altera
603 1812 704 1883 parte
716 1805 761 1866 sit
772 1805 888 1881 situm,
900 1803 1048 1882 singulis
1058 1813 1177 1868 tamen
1189 1805 1312 1870 diebus

94 1913 190 1975 lunae
204 1911 250 1974 ad
264 1920 423 1974 nostrum
439 1910 748 1990 processionaliter
760 1928 797 1974 se
809 1910 1032 1974 contulerunt
1043 1914 1310 1990 monasterium,

94 2029 124 2081 et
138 2018 259 2083 diebus
273 2018 415 2082 veneris
430 2019 554 2080 eodem
573 2018 678 2082 modo
697 2027 758 2081 aut
778 2018 823 2082 ad
839 2028 997 2082 nostrum
1020 2029 1080 2081 aut
1095 2020 1140 2082 ad
1161 2020 1311 2084 alterum

94 2128 266 2207 templum:
279 2125 402 2190 diebus
414 2133 531 2187 autem
542 2124 707 2188 mercurii
715 2134 776 2188 aut
787 2125 937 2198 sabbati,
948 2143 1013 2205 pro
1021 2126 1148 2189 maiori
1156 2127 1310 2190 omnium

94 2234 349 2310 commoditate,
366 2234 403 2295 in
419 2233 533 2296 medlo
547 2242 664 2296 terrae
677 2233 758 2295 loco
772 2232 1008 2311 celebrabam,
1032 2243 1066 2296 et
1081 2233 1312 2314 frequentiori

94 2341 261 2404 auditorio
278 2339 409 2422 aliquid
424 2340 467 2402 de
482 2340 668 2419 euangelio
683 2349 892 2402 occurrente
907 2339 1079 2403 dicebam.

147 2448 232 2511 Erat
251 2447 309 2510 bic
324 2448 474 2528 populus
493 2445 1141 2527 superstitionibus,incantationibus,
1158 2457 1193 2511 et
1207 2450 1314 2512 mori·

95 2555 154 2618 bus
168 2555 388 2619 ethnicorum
406 2554 509 2618 ualde
525 2554 673 2617 deditus
691 2553 809 2617 Primo
824 2554 880 2617 die
895 2556 1026 2618 mensis
1041 2556 1184 2618 domum
1199 2557 1313 2620 cuius·

95 2679 192 2740 quam
209 2664 344 2726 intrare
360 2656 533 2741 et'ignem
554 2671 675 2742 petere
690 2662 833 2724 omnino
850 2661 949 2724 nefas
968 2673 1054 2734 erat;
1072 2663 1135 2725 sed
1150 2664 1311 2742 angelus,

94 2769 156 2832 boc
163 2780 226 2849 est,
238 2785 360 2833 ramus
372 2769 559 2849 quidamin
569 2779 671 2849 porta
681 2769 889 2848 ponebatur,
903 2770 962 2850 qui
973 2769 1053 2832 boni
1064 2771 1215 2833 nuncius
1222 2781 1311 2850 erat,

95 2887 332 2958 tempestatem
344 2877 468 2952 cultro,
482 2876 538 2938 cui
553 2886 630 2938 erat
641 2876 782 2938 manica
795 2877 909 2955 nigra,
923 2876 1168 2955 coniurabant;
1180 2877 1313 2940 bombi·

94 2983 188 3046 cibus
201 2985 347 3048 incenso
361 2983 641 3046 benedictionem
656 2984 795 3061 largam
809 2982 1019 3060 tribuebant,
1033 2992 1071 3047 ut
1085 2982 1191 3047 serici
1206 2985 1314 3047 abun-

94 3091 244 3155 dantiam
263 3089 475 3171 proferrent;
491 3089 563 3152 imo
584 3090 628 3154 ad
649 3090 715 3152 hoc
735 3090 894 3152 homines
913 3091 1022 3170 aliqui
1042 3092 1171 3153 laruati
1192 3099 1227 3153 et
1247 3092 1312 3154 tin·

93 3197 278 3262 tinnabulis
292 3197 535 3260 circumcincti
551 3197 864 3273 constituebantur,
882 3198 942 3277 qui
960 3197 996 3259 in
1012 3198 1135 3276 uigilia
1156 3197 1313 3262 Circum·

93 3305 231 3368 cisionis
246 3305 372 3368 domus
387 3305 560 3366 intrarent
571 3312 606 3365 et
621 3283 921 3366 benedictionibus
936 3304 1009 3366 suis
1021 3305 1099 3367 illas
1113 3303 1311 3384 implerent,

93 3411 287 3475 auferentes
312 3411 454 3474 interim
478 3410 643 3490 quicquid
672 3409 777 3472 edulii
806 3411 1012 3489 contingere
1037 3418 1212 3490 poterant.
1239 3411 1314 3475 Nec

92 3517 251 3598 cuiquam
263 3519 459 3581 reclamare
473 3516 529 3581 fas
543 3527 632 3580 erat.
649 3514 686 3579 Si
701 3517 779 3596 quis
795 3515 1050 3596 infirmabatur,
1067 3527 1128 3580 aut
1144 3519 1179 3581 in
1195 3519 1313 3599 aliqua

94 3625 303 3688 constitutus
327 3633 404 3687 erat
425 3623 649 3697 necessitate,
672 3623 899 3700 incantatrix,
925 3625 1024 3686 uaria
1051 3641 1134 3688 mox
1157 3625 1315 3689 remedia

92 3729 221 3794 frustra
242 3731 455 3807 adhibitura,
479 3731 735 3794 inueniebatur.
758 3729 795 3794 Si
821 3731 899 3810 quis
923 3731 1152 3809 moriebatur,
1179 3749 1315 3808 omnes,
1414 3747 1418 3754 ·

93 3839 152 3916 qui
176 3851 314 3902 mortuo
333 3839 507 3918 sanguine
531 3838 710 3902 coniuncti
731 3847 843 3916 erant,
872 3855 978 3900 uoces
1000 3838 1161 3901 diuersas
1183 3841 1317 3902 emitte·

92 3943 186 4024 bant,
202 3946 269 4009 uiri
289 3945 447 4025 barbam,
462 3939 629 4008 mulieres
643 3961 742 4020 uero,
765 3954 942 4008 mortuum
956 3945 1238 4025 circumstantes,
1260 3962 1316 4008 co-

91 4068 185 4116 mam
199 4053 407 4116 euellebant:
425 4051 580 4116 insanire
596 4069 717 4115 omnes
731 4062 906 4132 putasses.
923 4052 1257 4132 Mortuumquidem
1272 4052 1319 4116 ad

90 4160 276 4222 ecclesiam
291 4157 508 4239 deferebant,
531 4159 593 4222 sed
615 4168 653 4222 ut
674 4160 822 4239 quisque
843 4169 983 4222 mortuo
1005 4159 1120 4239 magis
1142 4159 1319 4238 sanguine

89 4274 166 4328 erat
182 4267 401 4345 coniunctus
418 4284 460 4329 eo
474 4265 605 4331 diutius
620 4267 807 4329 ecclesiam
825 4265 995 4346 fugiebat,
1014 4283 1085 4328 non
1101 4283 1244 4328 sacrum
1259 4283 1318 4329 au·

89 4369 207 4450 dienS,
223 4390 294 4435 non
310 4373 508 4437 orationem
522 4372 746 4436 Dominicam
767 4373 899 4437 dicens

149 4478 198 4543 At
213 4480 318 4544 modo
338 4497 392 4558 ea,
416 4497 507 4560 quae
526 4480 673 4544 Xianos.
696 4482 832 4558 decent,
851 4481 975 4544 melius
990 4491 1262 4560 cognoscentes
1284 4491 1320 4544 et

90 4587 133 4649 ab
154 4587 355 4660 huiusmodi
374 4581 531 4667 peccatis
551 4585 792 4666 abhorrent'es',
816 4589 861 4650 ab
884 4588 940 4651 his
954 4604 992 4650 se
1013 4569 1276 4674 continentflit'
1289 4592 1324 4674 si

90 4696 169 4772 quis
183 4692 347 4758 forsitam
361 4710 468 4757 uoces
484 4695 562 4757 illas
577 4695 800 4757 ethnicorum
820 4696 854 4756 in
870 4694 1031 4757 absentia
1047 4704 1171 4758 nostra
1184 4696 1320 4776 profer-

246 4805 285 4868 Τ.
301 4825 346 4866 ιν.
1143 4823 1176 4880 25
