3472 5528
390 529 445 594 23³
775 532 947 593 Lmrnaan
966 549 1239 603 ouaourunsrnns

453 786 721 868 superscriptio
739 788 778 851 in
799 793 931 869 quarta
950 789 1103 868 pagina:
1125 733 1211 854 lislS.
1234 788 1280 852 Al
1301 806 1386 870 muy
1407 787 1486 854 R.dl
1501 790 1624 856 ¹Pud're

392 902 537 958 nuestro
552 911 595 957 en
611 895 643 958 el
658 894 769 960 Sellor
784 897 816 959 el
830 895 868 959 P.
885 895 1040 959 Maestro
1056 895 1101 959 D.
1117 895 1254 976 ignatio
1269 896 1313 961 de
1327 896 1475 978 Loyola,
1492 897 1624 980 Prepo·

393 1000 461 1064 sito
476 1003 624 1080 general
640 1002 682 1066 de
697 1004 730 1066 la
746 1002 943 1084 Compailia
958 1004 1001 1068 de
1015 1001 1137 1084 Jesus,
1153 1021 1198 1066 en
1212 1002 1336 1068 Roma.

453 1107 536 1171 Alio
559 1125 682 1172 manu:
705 1109 792 1172 1556.
817 1109 992 1174 Cordoua.
1017 1109 1304 1190 Quadrimestres
1324 1110 1369 1174 de
1391 1120 1553 1192 postrero
1576 1112 1625 1178 de

392 1214 506 1279 Abril.
543 1237 554 1260 ·
1302 1231 1304 1238 ’
1401 1231 1403 1234 ’
1510 1229 1516 1234 “

461 1322 659 1402 Vestigium
674 1340 775 1386 cerae
788 1323 918 1404 sigelli.

535 1965 750 2014 Praecedeutiuut
761 1968 849 2014 Patris
860 1970 931 2016 Petri
940 1971 972 2016 de
985 1973 1105 2020 Acebedo
1116 1972 1264 2020 litterarum
1273 1969 1355 2016 latinu
1364 1967 1451 2012 vento
1461 1965 1479 2012 ί.

973 2215 1047 2335 uls

461 2508 663 2574 Admodum
679 2509 756 2573 R.de
776 2512 812 2574 in
828 2509 969 2574 Christo
985 2511 1099 2575 Pater.

460 2616 536 2680 Pax
550 2617 682 2681 Christi
697 2627 764 2681 etc.

453 2724 553 2802 Quae
568 2741 612 2787 ex
629 2725 789 2804 proxime
809 2737 961 2806 quatuor
980 2726 1109 2806 elapsis
1125 2725 1305 2789 mensibus
1325 2731 1515 2787 occurrunt
1538 2722 1628 2786 scri-

394 2831 509 2895 benda
535 2833 624 2895 haec
650 2841 742 2895 sunt.
770 2832 828 2895 Ad
852 2825 1164 2896 Sac'ramentorum
1189 2831 1450 2912 perceptionem
1479 2837 1514 2894 et
1539 2830 1631 2892 inui-

394 2947 514 3001 tantur
540 2948 574 3001 ct
600 2939 746 3001 ueniunt
773 2940 872 3002 multi
901 2939 1215 3002 denuo:·ueterani
1241 2945 1490 3019 perseuerant,
1518 2935 1632 3018 fitque

393 3044 524 3108 Christi
539 3044 621 3126 Jesu
637 3045 856 3124 benignitate
877 3055 912 3109 ut
933 3046 1087 3110 fructum
1103 3046 1319 3110 uberrimum
1340 3044 1515 3125 percipiat
1536 3044 1630 3107 haec

393 3151 520 3214 ciuitas
535 3152 655 3214 labore
670 3161 704 3214 et
720 3150 893 3216 industria
916 3154 1170 3234 operariorum,
1194 3169 1283 3233 quos
1308 3153 1344 3216 in
1370 3151 1463 3215 hanc
1478 3151 1628 3215 uincam

394 3259 533 3322 mittere
547 3257 715 3339 dignatus
730 3269 783 3322 est
795 3259 980 3336 Dominus,
998 3277 1088 3340 quae
1103 3260 1250 3322 libenter
1265 3275 1329 3339 pro
1345 3273 1416 3321 uno
1430 3256 1575 3322 Christo
1590 3267 1629 3321 et

396 3366 562 3428 alacriter
592 3367 809 3447 impendunt.
841 3365 966 3441 Domi,
1002 3384 1092 3446 quae
1121 3367 1252 3443 solent,
1286 3365 1407 3429 sedulo
1435 3373 1626 3444 geruntur,

397 3472 538 3536 Christo
554 3473 701 3552 gratias,
719 3475 779 3554 qui
793 3473 887 3537 uires
902 3474 938 3536 in
953 3485 1101 3554 utroque
1117 3473 1258 3536 homine
1272 3471 1527 3536 subministrat.

455 3577 578 3644 Studia
593 3579 849 3643 incrementum
863 3581 899 3643 in
914 3581 989 3644 dics
1002 3579 1192 3660 accipiunt;
1205 3575 1348 3642 corliiuit
1360 3578 1455 3642 enim
1465 3577 1624 3660 undique

396 3686 595 3750 auditorum
614 3687 728 3766 turba,
757 3687 913 3767 quicum
938 3687 1070 3766 literas,
1098 3695 1172 3750 tum
1196 3685 1429 3749 christianam
1454 3683 1626 3765 pietatem

396 3793 566 3856 imbibunt
582 3793 796 3856 auidissime.
814 3793 913 3857 Multi
929 3793 1022 3857 adid
1043 3803 1170 3857 natura
1186 3792 1350 3857 videntur
1370 3791 1545 3868 instructi,
1561 3793 1625 3872 qui

332 3929 336 3934 -
396 3898 499 3962 iacilc
514 3899 558 3962 ad
574 3900 740 3963 uirtutem
756 3900 967 3964 alliciuntur:
989 3911 1160 3977 caeteroS,
1188 3915 1336 3980 quorum
1360 3899 1463 3979 paulo
1479 3897 1624 3961 uidetur

395 4006 555 4086 asperius
567 4007 758 4086 ingenium,
773 4007 883 4071 mollit
896 4005 1028 4071 Christi
1043 4006 1126 4088 Jesu
1142 4006 1299 4070 charitas
1315 4021 1357 4068 ac
1372 4005 1470 4069 lenit:
1485 4005 1534 4068 ita
1547 4005 1629 4085 pari

396 4129 521 4191 gressu
537 4113 573 4175 in
589 4113 711 4177 officiis
726 4113 866 4193 pietatis
881 4113 1044 4176 uidentur
1059 4112 1233 4175 incedere.
1246 4111 1348 4192 Quod
1361 4109 1465 4174 modo
1477 4111 1627 4192 apertis-

396 4221 483 4282 sime
499 4220 759 4299 cognoscimus3
777 4238 858 4284 nam
874 4231 907 4282 et
920 4221 955 4282 in
967 4219 1187 4284 consessione
1201 4219 1333 4282 assidui
1345 4228 1437 4292 sunt,
1451 4228 1485 4280 et
1496 4219 1533 4282 in
1544 4219 1627 4282 aliis

393 4327 617 4406 spiritalibus
632 4327 810 4390 exercitiis
825 4345 895 4391 non
913 4329 987 4390 sinc
1006 4328 1123 4391 fructu
1145 4336 1344 4389 uersentur.
1364 4324 1534 4388 Redditus
1555 4323 1626 4388 Do-

398 4435 495 4497 mino
508 4433 644 4497 fructus
660 4436 718 4514 qui
734 4435 939 4498 seminatur.
957 4433 1056 4498 Multi
1072 4433 1217 4497 enimse
1237 4432 1308 4496 iam
1324 4431 1484 4513 religioni
1506 4449 1629 4496 consc-

439 4637 448 4670 ¹
477 4639 665 4694 Autogruphae
676 4641 771 4694 duplici
783 4641 853 4694 lolio,
864 4641 974 4694 primun
990 4639 1038 4694 tto,
1049 4641 1133 4684 altero
1143 4649 1194 4682 non
1203 4643 1347 4682 numerato.
1357 4637 1407 4682 Eut
1421 4641 1448 4682 ct
1456 4637 1527 4682 allud
1543 4645 1631 4682 exeun·

397 4712 455 4765 plur
466 4713 666 4766 autographum,
678 4713 745 4769 quod
756 4713 818 4758 nlhlt
830 4714 863 4760 ab
874 4713 914 4758 his
924 4712 1020 4766 differt,
1030 4711 1109 4758 etiam
1120 4710 1214 4769 duplici
1225 4710 1385 4769 rouaprrmo
1393 4709 1473 4766 atat,
1484 4709 1569 4758 altero
1577 4713 1630 4758 iton

398 4788 541 4832 numerato.
702 4799 703 4802 ¹
1160 4797 1165 4806 ’
1241 4797 1243 4804 ·
1495 4792 1501 4801 ·
