3382 5528
368 530 422 590 484
752 529 924 590 Lnrurens
944 543 1215 598 oorornmsrnss

428 676 485 741 Ad
500 677 589 740 haec
604 677 842 758 amplissimus
857 677 1014 756 Praesul,
1029 675 1230 741 Cardinalis
1244 675 1438 754 Burgehsis
1454 673 1474 754 ¹,
1491 683 1588 754 atque

367 784 473 846 etiam
489 783 715 864 Imperatoris
730 783 898 865 Legatos
915 784 1074 848 Marchio
1090 784 1132 847 de
1148 781 1270 846 Sarria
1285 780 1307 862 ⁸,
1328 783 1358 844 si
1379 781 1541 862 quidest,
1557 782 1588 844 in

367 908 437 971 quo
452 893 601 971 spiritali
617 892 811 956 ministerio
827 892 1021 972 indigeant,
1038 890 1105 955 etsi
1120 907 1203 953 suos
1223 890 1372 971 quisque
1391 888 1587 953 sacerdotes

367 997 507 1076 habeat,
520 1000 622 1062 nobis
634 1010 751 1062 tamen
762 999 879 1079 magis
890 1009 1047 1063 utuntur.
1060 996 1151 1061 Nam
1164 995 1241 1061 Rei
1257 997 1457 1062 Cardinalis
1468 1011 1585 1076 nepos,

365 1106 441 1186 ipse
457 1107 563 1170 etiam
579 1125 600 1170 a
616 1108 762 1171 secretis
777 1108 914 1188 Legati,
930 1124 1033 1171 suam
1049 1105 1309 1169 confessionem
1324 1123 1344 1168 a
1361 1103 1398 1166 P.
1416 1100 1587 1166 Rectore⁸

365 1223 502 1276 tantum
512 1214 625 1277 audiri
636 1217 835 1294 uoluerunt,
849 1228 1050 1294 magnaque
1061 1213 1163 1276 nobis
1176 1210 1416 1275 familiaritate
1425 1211 1586 1285 deuincti,

277 1391 283 1402 ,
365 1319 504 1384 Patrem
522 1330 680 1385 nostrum
694 1322 836 1401 saepius
850 1331 1048 1398 accersunt,
1066 1328 1100 1382 et
1120 1319 1312 1382 maximam
1331 1335 1376 1381 ex
1395 1318 1471 1381 eius
1493 1315 1588 1397 spiri·

370 1428 458 1491 tuali
467 1417 744 1492 ‘conuersatione
759 1429 903 1508 capiunt
917 1429 1148 1508 uoluptatem.

424 1535 498 1598 Iam
527 1537 694 1600 militibus
723 1553 829 1617 quam
861 1537 1018 1600 maximo
1051 1535 1132 1599 usui
1160 1550 1292 1612 sumus,
1328 1551 1373 1596 ex
1401 1533 1474 1612 his,
1503 1547 1587 1613 quae

364 1651 570 1723 sequuntur,
588 1645 757 1723 colligere
781 1645 926 1724 poteris:
952 1643 1081 1706 etenim
1109 1639 1206 1704 Patri
1232 1649 1354 1704 nostro
1380 1641 1508 1704 milites
1521 1639 1588 1701 fere

364 1748 409 1810 ad
428 1747 484 1811 150
504 1750 656 1812 confessi
676 1761 767 1828 sunt,
792 1767 942 1829 quorum
968 1749 1027 1812 alii
1049 1748 1163 1826 ludos
1191 1747 1250 1810 alii
1275 1747 1510 1826 concubinas,
1534 1745 1587 1809 alii

364 1856 435 1918 alia
449 1867 597 1935 peccata
613 1857 855 1920 deseruerunt.
874 1856 1008 1920 Verum
1033 1873 1078 1918 ex
1092 1855 1148 1918 his
1170 1855 1343 1932 omnibus
1366 1854 1437 1917 duo
1457 1854 1517 1916 illa
1535 1871 1587 1915 ex·

366 1963 498 2042 plicare
523 1965 666 2027 minime
692 1963 984 2044 praetermittam.
1009 1962 1168 2042 Quorum
1192 1962 1342 2042 primum
1370 1969 1435 2040 est,
1451 1961 1587 2024 Patrem

363 2069 620 2151 Hieronymum
636 2069 782 2135 *militis
797 2071 992 2149 cuiusdam,
1010 2071 1085 2132 nati
1099 2051 1241 2133 circiter
1254 2086 1366 2132 annos
1382 2067 1498 2148 XXX,
1512 2084 1588 2132 con·

362 2177 550 2242 sessionem
566 2179 754 2256 audiuisse,
769 2179 827 2260 qui
843 2195 1022 2260 nunquam
1040 2177 1147 2240 totius
1162 2177 1257 2239 uitae
1277 2193 1363 2239 suae
1385 2191 1495 2239 cursu
1510 2191 1587 2238 con·

363 2284 477 2348 fessus
491 2285 618 2364 fuerat,
635 2287 798 2366 quodque
820 2285 947 2348 mirum
970 2284 1122 2370 fortasse
1147 2283 1322 2361 uideatur,
1348 2291 1448 2347 tanto
1468 2282 1587 2347 ordine

362 2391 620 2456 confessionem
641 2393 790 2472 peregit,
811 2397 980 2472 tantoque
1000 2391 1118 2454 cordis
1143 2390 1264 2453 dolore
1286 2407 1352 2452 sua
1372 2401 1522 2470 peccata
1537 2389 1588 2452 de·

361 2499 525 2580 plorauit,
542 2509 580 2562 ut
596 2498 851 2562 confessarium
872 2500 907 2562 in
928 2499 1120 2561 maximam
1145 2497 1416 2568 admirationem
1438 2496 1588 2561 adduxe·

362 2606 418 2668 rit.
436 2603 598 2669 Alterum
613 2623 697 2669 uero
714 2617 778 2683 est,
797 2608 936 2682 multos
953 2607 1012 2684 qui
1028 2605 1142 2668 sacris
1164 2603 1293 2667 initiati
1312 2604 1476 2667 militiam
1495 2619 1588 2667 exer·

361 2713 499 2789 cebant,
517 2711 737 2777 confessione
753 2713 852 2790 duce,
870 2713 935 2775 sub
951 2711 1082 2775 Christi
1099 2711 1231 2776 vexillo
1246 2710 1399 2776 militare
1419 2711 1587 2792 coepisse;

362 2822 629 2902 compluresque
645 2822 743 2900 alios,
758 2821 818 2902 qui
834 2820 962 2882 abhinc
979 2821 1129 2900 amplius
1148 2820 1178 2898 4,
1194 2819 1224 2898 7,
1242 2819 1262 2881 9
1276 2819 1381 2882 annis
1400 2817 1588 2882 confessio·

360 2943 441 2990 nem
453 2929 726 3007 intermiserant,
743 2945 822 2990 eam
835 2927 933 2991 Patri
945 2937 1066 2990 nostro
1078 2943 1282 2990 renouasse:
1300 2943 1494 3006 eorumque
1508 2941 1590 2989 non·

360 3035 458 3114 nulli,
476 3046 549 3099 tum
564 3036 732 3114 discendi,
748 3045 821 3098 tum
842 3035 950 3098 etiam
969 3034 1107 3097 uisendi
1127 3034 1243 3097 studio
1271 3033 1380 3109 ducti,
1400 3019 1588 3113 'collegium

360 3151 521 3205 nostrum
549 3143 790 3222 frequentant,
817 3159 952 3222 nosque
977 3141 1105 3220 ubique
1130 3140 1277 3204 laudant
1304 3141 1532 3205 uehementer
1557 3149 1588 3202 et

361 3249 562 3329 obseruant3
572 3267 638 3314 nec
650 3250 686 3313 id
699 3252 811 3312 solum
825 3248 966 3327 milites,
981 3249 1042 3311 sed
1054 3248 1163 3311 etiam
1175 3265 1297 3312 eorum
1309 3249 1417 3312 duces
1426 3247 1587 3312 efficiunt.

421 3356 600 3420 Coenobia
616 3373 702 3419 uero
726 3365 760 3418 et
782 3355 1006 3418 xenodochia
1029 3371 1099 3418 non
1122 3354 1337 3418 mediocrem
1361 3355 1516 3418 fructum
1537 3371 1589 3418 ca·

360 3480 443 3543 pere
458 3465 640 3538 uidentur;
657 3477 739 3528 nam
756 3471 790 3525 et
814 3464 850 3525 in
871 3459 1051 3524 coenobiis
1075 3461 1280 3542 frequentes
1302 3461 1490 3525 habuimus
1512 3477 1590 3524 con·

360 3571 494 3650 ciones,
511 3572 636 3651 quibus
652 3570 756 3648 aliae,
772 3587 863 3650 quae
879 3570 971 3632 inter
986 3587 1024 3631 se
1038 3569 1138 3649 prius
1157 3567 1391 3646 dissidebant,
1412 3567 1589 3632 sanctissi-

359 3696 439 3742 mae
455 3679 692 3741 eucharistiae
711 3677 829 3756 gratia
851 3676 1063 3739 conciliatae
1082 3683 1181 3754 sunt;
1204 3675 1295 3738 aliae
1314 3692 1416 3754 uer0,
1437 3691 1529 3754 quae
1547 3689 1589 3736 ex

359 3787 512 3867 propriis
528 3785 707 3861 uiuebant,
725 3785 830 3847 modo
845 3784 881 3846 in
897 3783 1075 3846 communi
1092 3782 1381 3846 coniunctissime
1398 3792 1432 3845 et
1444 3795 1588 3846 concor·

359 3894 504 3957 dissime
529 3893 669 3956 uiuunt:
696 3893 772 3971 ipsa
796 3908 882 3954 uero
905 3890 1128 3954 xenodochia
1149 3891 1306 3954 maxima
1329 3889 1588 3969 aegrotantium

359 4002 431 4082 (qui
445 4000 587 4081 quidem
602 4000 744 4079 plurimi
759 3999 852 4076 sunt)
868 3997 1115 4060 consolatione
1134 3995 1411 4077 frequentamus,
1432 3998 1586 4060 consola·

358 4126 449 4188 mur,
467 4109 512 4172 ad
529 4106 735 4188 patientiam
751 4105 1023 4183 inflammamus
1041 4103 1168 4184 siquid
1184 4105 1337 4181 animae,
1359 4105 1390 4166 si
1411 4103 1496 4185 quid
1514 4119 1586 4166 cor·

357 4216 436 4297 pori
452 4231 541 4296 opus
556 4225 620 4292 est,
638 4231 702 4293 pro
719 4213 811 4275 uirili
827 4221 950 4275 nostra
965 4221 1149 4289 curantes;
1167 4212 1259 4274 unde
1273 4220 1411 4274 tantam
1430 4211 1466 4274 in
1486 4209 1587 4275 nobis

357 4357 567 4368 --..---

394 4421 403 4456 t
432 4419 587 4464 Franciscus
597 4420 628 4462 de
639 4417 761 4462 hie-idoare
770 4417 951 4480 etBobadttla,
965 4417 1105 4471 Burgeusis
1117 4415 1261 4472 Episcopus
1272 4422 1297 4461 et
1310 4415 1464 4462 cardinalis.

394 4496 406 4524 ¹
432 4491 610 4536 Ferdioandus
626 4489 688 4534 Ruiz
705 4489 734 4532 de
751 4489 843 4532 Castro
861 4496 886 4530 er
903 4489 1036 4542 Portugat,
1048 4487 1085 4531 tv
1101 4486 1193 4531 Comes
1208 4488 1239 4531 de
1253 4487 1403 4532 Lemosetl
1420 4486 1536 4538 Marchio
1554 4487 1583 4531 de

357 4564 547 4680 8ιζῆῗίιίεειηι
559 4633 586 4676 Ρ.
598 4631 770 4689 Hieronymus
786 4631 904 4684 Rubiola.
920 4631 1052 4686 hispanus,
1067 4631 1110 4686 qui
1125 4629 1208 4676 Senes
1223 4629 1298 4675 XVII
1314 4632 1368 4675 kal.
1378 4629 1461 4688 lfalas
1471 4634 1505 4677 ab
1517 4631 1583 4674 Uror

355 4712 474 4751 venerat.
485 4705 637 4756 Outhsouu,
649 4704 720 4746 Hist.
732 4703 787 4746 Sor..
797 4703 874 4758 Jesu,
885 4705 901 4746 1.
912 4713 966 4752 xvi.
978 4715 1002 4747 n.
1012 4704 1036 4746 5.

394 4779 406 4812 ⁴
433 4777 539 4832 Nempe,
551 4775 580 4820 P.
591 4775 737 4829 Rectorem,
749 4777 779 4818 de
790 4787 839 4830 quo
850 4776 875 4818 in
886 4776 1052 4830 praecedenti
1063 4783 1150 4823 annot.
1160 4778 1209 4821 fuit
1220 4787 1313 4822 sermo.
