3472 5528
391 515 445 585 292
777 521 948 590 errrtreale
966 539 1237 599 qnabamesraes

283 762 285 766 .
390 671 477 736 ΚΜ
498 673 602 756 hujus
624 676 723 740 vrbis
744 675 1024 759 Archiepiscopo
1047 673 1192 760 ejusque
1210 676 1359 742 Vicario
1379 673 1555 756 generali,
1580 685 1619 740 et

390 798 471 845 cum
492 783 570 846 aliis
590 785 709 848 multis
734 774 848 863 simul,
871 794 906 850 et
928 802 1009 850 cum
1030 785 1206 866 religiosis
1226 783 1391 849 ordinum
1412 781 1616 848 mendican-

389 887 487 968 tium,
502 899 536 954 et
547 890 686 955 clericis
698 893 792 971 (quia
804 892 840 957 hi
852 909 974 956 omnes
986 893 1021 956 in
1033 909 1097 956 nos
1113 889 1375 974 conspirarunt)
1388 891 1430 956 de
1443 899 1566 954 nostro
1576 891 1617 954 in

388 995 481 1059 hanc
495 997 619 1062 vrbem
632 997 759 1063 reditu:
783 1015 887 1080 quem
907 1017 988 1064 cum
1009 999 1156 1063 Praesul
1176 999 1304 1063 affectu
1327 1015 1398 1064 non
1417 997 1553 1062 modico
1573 1015 1617 1060 se

387 1101 589 1168 desiderare
614 1105 862 1186 obtestaretur,
885 1107 977 1170 inter
1006 1117 1188 1171 cateruam
1213 1107 1315 1170 nobis
1345 1104 1616 1169 aduersantium

388 1210 598 1275 clericorum
612 1220 647 1278 et
665 1210 816 1278 fratrum
830 1213 992 1277 ordinum
1012 1213 1253 1295 praefatorum
1272 1221 1451 1277 oratorem
1472 1211 1555 1291 egit,
1572 1221 1617 1272 vt

387 1315 439 1380 eis
454 1317 497 1381 de
509 1315 586 1398 jure
607 1329 728 1384 nostro
744 1306 849 1400 super
869 1319 923 1399 iis,
941 1320 985 1384 de
1003 1320 1129 1402 quibus
1149 1319 1234 1384 dicti
1253 1336 1377 1385 omnes
1390 1319 1426 1382 in
1448 1334 1511 1382 nos
1529 1334 1616 1382 con·

387 1423 598 1489 trouersiam
618 1437 815 1504 mouerant,
836 1427 1077 1508 persuaderet,
1094 1444 1288 1509 pacemque
1304 1426 1396 1490 inter
1415 1441 1536 1488 omnes
1555 1423 1617 1488 lir-

387 1541 499 1596 maret
513 1533 631 1613 (quam
646 1550 711 1598 uos
726 1533 869 1616 saepius
887 1545 992 1599 antea
1011 1533 1285 1616 postulabimuS,
1308 1532 1407 1616 passi
1422 1541 1540 1596 tamen
1558 1547 1617 1594 re-

385 1639 546 1720 pulsam),
563 1640 657 1722 quod
671 1657 715 1704 ex
730 1649 832 1723 parte
852 1639 1154 1724 Archiepiscopus
1172 1641 1323 1706 obtinuit
1344 1658 1366 1702 a
1388 1633 1617 1720 quibusdam;

385 1746 430 1809 ab
445 1745 523 1810 aliis
538 1757 657 1812 antem
670 1747 861 1830 impetrare
875 1766 947 1814 non
961 1750 1085 1814 valuit.
1102 1749 1316 1814 Conclusam
1332 1755 1386 1810 est
1401 1747 1553 1824 tandem,
1570 1755 1619 1808 vt

385 1854 467 1934 (quo
485 1863 604 1935 posset
624 1854 698 1920 fieri
719 1855 835 1934 citius)
857 1855 1054 1956 rediremus
1075 1856 1121 1921 ad
1140 1855 1335 1938 propriam,
1358 1863 1392 1918 et
1412 1852 1447 1917 id
1470 1845 1619 1934 quidem

382 1958 549 2025 Praesule
563 1961 640 2043 ipso
655 1962 799 2044 eiusque
814 1963 973 2045 generali
987 1962 1134 2028 Vicarlo
1146 1979 1369 2044 summopere
1381 1977 1446 2044 pro
1457 1957 1511 2025 sul
1525 1959 1616 2022 libe·

383 2068 520 2132 ratione
535 2069 756 2150 cupientibus
772 2070 1128 2152 efflagitantibusqne3
1152 2071 1394 2150 arguebantur
1414 2068 1507 2132 euim
1522 2067 1619 2132 dure

383 2172 427 2237 ab
451 2173 644 2257 Hispaniae
670 2175 904 2242 Serenissima
926 2177 1184 2243 Gubernatrice
1204 2177 1308 2257 (quae
1329 2174 1374 2239 de
1393 2173 1547 2239 maxima
1571 2173 1618 2238 in

381 2299 447 2347 nos
468 2283 672 2364 amicosque
690 2293 834 2350 nostros
854 2287 1045 2350 commissa
1065 2284 1214 2350 saeuitia
1237 2281 1360 2348 intimo
1384 2279 1619 2364 premebatur

382 2389 514 2470 dolore,
530 2393 675 2472 zeloque
697 2401 882 2457 exarserat
899 2391 1079 2472 justitiae).
1102 2391 1212 2457 Binae
1225 2401 1312 2457 tunc
1326 2391 1450 2455 literae
1469 2387 1619 2452 aPrne-

382 2497 467 2562 sulis
482 2497 622 2563 officiali
641 2507 676 2562 et
695 2499 842 2565 Vicario
859 2500 1064 2582 supradicto
1083 2508 1305 2578 emanarunt,
1326 2498 1454 2582 quibus
1473 2505 1508 2560 et
1528 2509 1619 2561 een·

381 2619 484 2667 suras
505 2614 631 2669 conua
650 2622 715 2670 uos
730 2616 765 2670 et
785 2607 874 2670 alios
894 2626 939 2671 ex
954 2608 1079 2672 eadem
1093 2623 1202 2672 causa
1217 2609 1310 2671 latas
1324 2606 1440 2669 nullas
1459 2619 1618 2686 prorsus

381 2727 471 2790 esse,
487 2721 522 2775 et
540 2713 746 2793 religionem
767 2723 927 2778 nostram
946 2713 1002 2794 (de
1017 2731 1087 2796 qua
1102 2707 1323 2794 exagitatum
1338 2721 1421 2777 tunc
1436 2712 1618 2793 temporis

380 2819 510 2898 vulgus
524 2819 697 2884 incertum
713 2821 858 2900 indigna
874 2821 1059 2885 dictitabat
1078 2819 1249 2898 auditula
1269 2818 1504 2884 sanctissimis
1517 2817 1617 2884 Pon·

379 2923 531 2990 tilicibus
540 2927 940 3010 approbatammosque,
950 2929 1112 2993 eamdem
1122 2926 1339 3009 profitentes,
1349 2943 1394 2991 ex
1403 2941 1525 2991 eorum
1536 2927 1615 3007 pri·

379 3032 519 3112 uilegiis
530 3033 633 3097 solita
648 3031 835 3099 Societatis
846 3034 1040 3099 ministeria
1051 3051 1219 3100 exercere
1231 3051 1336 3115 posse
1347 3033 1498 3114 professi
1509 3045 1613 3099 sunt:

378 3147 413 3204 et
427 3139 566 3204 litterae
580 3157 644 3221 per
665 3157 787 3205 ornnes
807 3140 880 3206 sere
901 3140 1071 3206 ecclesias
1092 3141 1232 3223 publice
1251 3143 1429 3222 perlectae
1443 3148 1536 3220 sunt,
1558 3157 1618 3206 ex

377 3247 531 3329 quoiam
548 3249 698 3329 populus
717 3250 843 3312 saltem
864 3249 1021 3314 exterius
1035 3247 1233 3313 mollificari
1254 3267 1299 3312 ex
1319 3247 1512 3330 praeterita
1526 3263 1615 3312 coe-

377 3354 428 3434 pit
443 3354 584 3433 duritia,
601 3363 707 3435 atque
722 3371 767 3419 ex
783 3353 920 3419 ardenti
934 3355 1119 3420 mitescere
1135 3356 1199 3419 ira.
1216 3353 1369 3421 Demum
1380 3353 1531 3420 restituti
1545 3369 1612 3420 su·
1729 3387 1730 3394 κ

378 3457 456 3524 mu's
469 3461 549 3525 vrbi
563 3463 675 3525 altero
690 3461 745 3526 die
755 3471 835 3542 post
848 3462 1010 3543 Virginis
1020 3462 1251 3552 Beatissimae
1263 3460 1492 3527 Natiuitatem
1504 3477 1615 3544 prae·

377 3567 535 3631 cedentis
549 3565 643 3631 anni.
664 3567 837 3632 Venimus
852 3578 970 3632 autem
985 3567 1240 3633 instantissime
1257 3569 1375 3634 vocati
1391 3580 1465 3635 tum
1481 3587 1502 3633 a
1517 3568 1616 3634 ΗΜ

374 3672 655 3757 Archiepiscopo
674 3673 818 3757 ejusque
841 3676 1000 3756 generali
1018 3673 1165 3740 Vicario
1188 3677 1259 3758 (qni
1276 3684 1310 3741 et
1331 3677 1367 3742 id
1387 3693 1615 3758 magnopere

372 3781 523 3860 curauit)
543 3791 616 3846 turn
639 3799 660 3845 a
681 3780 767 3846 R.¹²¹⁰
786 3783 964 3865 Episcopo
984 3782 1175 3863 Hoscensi,
1198 3785 1257 3866 qui
1280 3793 1404 3849 nostra
1424 3784 1615 3851 tractabat

372 3889 514 3968 negotia
531 3899 677 3970 paterno
694 3890 852 3971 miroque
868 3889 1006 3970 aflectu,
1024 3891 1082 3972 qui
1098 3901 1133 3954 et
1148 3889 1322 3955 hactenus
1335 3891 1516 3973 perdurat.
1527 3891 1611 3958 Nec

370 3996 550 4078 potuimus
564 3995 645 4060 vllis
661 3995 820 4060 obtinere
831 3997 1007 4078 precibus,
1024 3997 1108 4079 quin
1124 3997 1304 4078 praefatus
1326 3998 1438 4064 DnnS.
1457 3999 1613 4080 Episco-

369 4119 436 4184 pus
451 4112 485 4166 et
500 4103 679 4184 VicariuS,
696 4103 757 4184 qui
772 4114 807 4168 et
822 4104 944 4168 Abbas
959 4114 1023 4184 est,
1041 4122 1123 4170 curn
1137 4106 1314 4187 plerisque
1325 4106 1428 4177 huius
1442 4107 1611 4174 ciuitatis

370 4209 636 4289 magistratibus
664 4221 770 4291 atque
799 4211 974 4276 nobilibus
1003 4213 1122 4276 multis
1151 4212 1487 4296 daemonibusque,
1518 4228 1612 4282 cum
1728 4259 1729 4262 =

368 4333 500 4396 magno
515 4317 645 4382 ciuium
660 4318 834 4399 applausu
849 4317 1016 4398 vulgique
1032 4319 1193 4383 mirantis
1205 4327 1363 4400 caterua,
1375 4335 1441 4385 nos
1452 4321 1608 4388 comita-

367 4433 490 4489 rentur
503 4441 525 4487 a
539 4433 642 4505 porta
653 4424 753 4489 vrbis
767 4441 878 4506 usque
895 4425 939 4488 ad
954 4423 1099 4490 domum
1112 4433 1281 4492 nostram.
1299 4426 1533 4492 Perstiterant
1544 4445 1610 4494 su·

367 4531 519 4614 pradieti
542 4532 588 4596 ad
609 4531 708 4596 vrbis
730 4532 931 4612 ingressum
955 4549 1018 4613 per
1044 4533 1177 4615 aliquot
1203 4534 1312 4598 horas
1333 4537 1609 4617 praestolantes

365 4655 443 4720 nos;
460 4639 523 4704 sed
537 4648 676 4705 tanturn
690 4655 756 4704 nos
770 4639 940 4704 honorem
955 4657 1020 4720 pro
1036 4658 1143 4706 onere
1158 4642 1313 4707 maximo
1328 4641 1511 4724 ducentes,
1523 4643 1607 4710 iam

365 4747 491 4811 eodem
504 4746 561 4810 die
575 4757 610 4812 et
625 4745 791 4826 priuatim
806 4763 868 4826 per
883 4746 1015 4824 literas,
1028 4757 1063 4812 et
1077 4749 1216 4830 publice
1230 4766 1293 4829 per
1304 4749 1459 4816 nobilem
1473 4765 1605 4832 qnem-
