3368 5528
386 524 441 584 514
771 523 944 587 errannn
963 540 1233 594 onannmnsrnns

386 670 496 734 variis
511 670 546 732 in
559 669 783 735 monasteriis
798 670 921 734 haberi
942 672 1067 735 solent.
1091 669 1230 753 Reliqui
1250 688 1349 752 uero,
1369 681 1512 752 praeter
1532 675 1609 737 assi·

386 777 493 840 duum
508 778 698 841 lectionum
714 777 879 856 studium,
896 777 1033 859 quasin
1044 777 1176 842 scholis
1187 779 1281 843 intra
1294 777 1552 844 hebdomadam
1563 780 1605 845 in·

385 892 626 964 terpretantur
652 885 707 947 uel
732 884 890 963 audiunt,
913 883 1037 948 diebus
1062 885 1182 950 itidem
1202 885 1389 950 dominicis
1411 895 1445 949 et
1465 885 1603 950 festisin

385 991 458 1054 suis
481 991 613 1071 singuli
636 991 811 1072 paroeciis
836 991 937 1072 (quae
962 1008 1110 1056 numero
1135 1001 1216 1057 sunt
1241 992 1376 1072 decem)
1395 994 1430 1058 in
1456 994 1606 1058 doctrina

385 1099 580 1162 christiana
606 1099 726 1179 pueris
750 1097 962 1161 inculcanda
986 1098 1152 1178 gnauiter
1174 1111 1396 1164 exercentur.
1419 1098 1498 1180 Qua
1524 1101 1558 1164 in
1575 1117 1605 1164 re

384 1221 487 1268 suum
508 1221 596 1285 erga
617 1221 683 1268 nos
709 1204 866 1268 animum
891 1204 978 1268 satis
1002 1204 1214 1270 beneuolum
1239 1205 1378 1270 videtur
1401 1205 1604 1283 declarasse,

384 1313 444 1392 qui
459 1313 495 1376 in
509 1312 578 1375 huc
593 1312 679 1375 urbe
695 1320 748 1374 est
763 1309 962 1375 Cardinalis
979 1310 1000 1388 ¹,
1017 1312 1082 1375 tibi
1096 1311 1206 1392 priuS,
1230 1313 1349 1392 credo,
1370 1323 1483 1394 notus,
1511 1329 1605 1395 quam

383 1419 495 1483 nobis.
519 1418 607 1483 Cum
632 1418 725 1483 enim
750 1419 913 1498 proxima
939 1427 1075 1482 aestate
1097 1418 1248 1484 docendi
1273 1437 1404 1500 pueros
1428 1437 1552 1485 curam
1569 1419 1605 1483 ad

382 1543 466 1590 suos
480 1526 678 1606 paroechos
693 1525 945 1603 transtulisset,
962 1542 1033 1606 quo
1047 1527 1269 1607 experiretur
1291 1526 1341 1605 (ut
1354 1527 1429 1609 ipse
1449 1527 1603 1605 dicebat),

381 1643 571 1713 possentne
587 1633 637 1696 illi
652 1633 727 1696 sine
742 1641 866 1696 nostro
882 1641 981 1695 tanto
995 1632 1118 1696 labore
1141 1632 1210 1697 hoc
1225 1633 1340 1713 ipsum
1360 1645 1605 1715 praestatque

381 1737 524 1804 tandem
538 1739 769 1820 comperisset
784 1739 819 1802 in
838 1739 999 1803 omnibus
1014 1738 1087 1802 fere
1109 1739 1285 1819 paroeciis
1310 1741 1470 1821 spiritale
1496 1739 1604 1806 aedifi·

379 1847 483 1926 cium,
510 1847 605 1928 quod
629 1855 729 1910 tanto
754 1846 870 1910 fuerat
898 1845 1027 1910 sudore
1052 1855 1195 1928 tamque
1215 1847 1380 1912 secundis
1407 1847 1517 1912 initiis
1540 1866 1603 1913 cre·

379 1964 496 2032 ctum,
528 1971 674 2034 prorsus
702 1953 920 2032 concidisse,
952 1952 1122 2017 accersiri
1153 1954 1255 2018 iussit
1282 1953 1324 2018 R.
1359 1954 1398 2018 P.
1429 1953 1602 2037 Praeposi-

379 2069 465 2140 tum,
487 2061 530 2123 ab
557 2078 680 2142 eoque,
698 2071 735 2124 ut
757 2058 945 2124 Societatis
960 2077 1068 2140 opera
1089 2059 1157 2124 hac
1182 2061 1218 2125 in
1237 2079 1276 2124 re
1296 2061 1603 2126 sibiiterumcom·

377 2167 591 2247 modaretur,
618 2167 771 2247 rogauit.
795 2166 962 2231 Proximo
974 2183 1060 2248 ergo
1081 2183 1202 2232 mense
1214 2167 1341 2231 eodem
1355 2169 1490 2246 ordine,
1506 2185 1603 2250 quem

375 2276 454 2339 aliis
482 2275 593 2338 literis
620 2275 733 2337 fusius
762 2273 1078 2356 praescripsimus,
1110 2274 1146 2337 in
1175 2274 1243 2355 piis
1279 2274 1410 2339 Christi
1439 2275 1604 2358 dogmati·

375 2383 524 2466 busnon
539 2380 707 2444 mediocri
723 2397 802 2444 cum
815 2390 987 2461 prouentu
1001 2381 1050 2460 (ut
1072 2381 1144 2444 iam
1165 2381 1326 2462 apparet)
1342 2381 1490 2447 institui
1511 2382 1605 2465 pueri

351 2544 355 2555 .
375 2501 577 2570 coeperunt.
595 2487 694 2568 Quae
712 2488 762 2550 ita
776 2498 947 2568 geruntur
966 2487 1095 2566 omnia,
1107 2496 1156 2554 ,ut
1170 2505 1241 2551 non
1260 2489 1412 2569 exiguus
1429 2489 1513 2554 hinc
1535 2489 1601 2553 fru-

373 2605 451 2659 ctus
466 2596 511 2658 ad
527 2612 650 2658 omnes
664 2595 860 2675 perueniat;
874 2611 985 2675 neque
1000 2595 1071 2656 ulla
1083 2603 1136 2658 est
1152 2605 1263 2674 aetas,
1282 2613 1378 2676 quae
1397 2613 1467 2659 non
1483 2597 1528 2661 iis
1538 2614 1603 2659 ma·

372 2705 467 2768 xime
487 2703 532 2767 ad
558 2703 698 2782 pietatis
722 2701 972 2781 religionisque
998 2700 1151 2764 studium
1178 2702 1381 2783 adiunctur;
1409 2719 1501 2784 quae
1515 2703 1604 2766 enim

373 2810 569 2890 promptior
594 2808 860 2889 expeditiorque
885 2806 1099 2888 perducendi
1125 2807 1175 2871 ad
1195 2807 1381 2872 Christum
1399 2823 1530 2889 pueros
1549 2811 1603 2872 uia

372 2933 450 2980 esse
465 2926 592 2997 potest,
606 2933 712 2997 quam
727 2914 757 2978 si
770 2913 854 2978 dum
868 2912 1012 2977 tenera*
1028 2922 1155 2993 aetate,
1169 2916 1272 2978 simul
1295 2931 1378 2980 curn
1395 2917 1489 2980 laete
1500 2918 1602 2982 nutri·

377 3025 438 3102 cis,
464 3025 558 3103 piam
584 3023 782 3086 doctrinam
806 3021 1017 3102 doctamque
1047 3021 1213 3101 pietatem
1239 3022 1425 3086 imbibant?
1451 3023 1603 3088 infantes

373 3149 471 3209 sane,
488 3130 654 3210 quoniam
669 3127 859 3208 magnifica
872 3127 917 3190 ab
933 3127 1001 3191 illis
1015 3145 1124 3209 opera
1143 3130 1326 3209 expectari
1351 3146 1423 3195 non
1443 3143 1602 3210 possunt,

374 3239 460 3300 satis
476 3247 539 3316 est,
558 3239 587 3300 si
607 3237 761 3316 amplam
785 3235 887 3299 nobis
912 3251 998 3298 suae
1026 3235 1166 3299 uirtutis
1194 3237 1480 3316 expectationem
1502 3256 1602 3320 prae·

371 3345 488 3407 beant.
520 3343 731 3408 Grandioris
764 3360 849 3405 uero
883 3344 1009 3406 aetatis
1043 3342 1220 3422 homineS,
1257 3343 1384 3407 uberes
1415 3343 1599 3409 doctrinae

374 3451 524 3515 haustae
549 3451 686 3514 fructus
711 3451 782 3512 iam
805 3450 1036 3529 protulerunt.
1062 3449 1151 3512 Nam
1177 3460 1319 3530 praeter
1338 3469 1409 3532 eos,
1434 3453 1494 3534 qui
1508 3452 1602 3533 apud

369 3576 434 3622 nos
449 3557 670 3636 confitentur,
684 3557 743 3637 qui
758 3574 844 3619 saue
860 3556 959 3619 multi
974 3564 1086 3635 erant,
1103 3573 1197 3620 nunc
1213 3559 1322 3621 multo
1337 3558 1445 3622 etiam
1463 3561 1599 3640 plureS,

368 3665 403 3729 in
418 3665 650 3747 hospitalibus
664 3681 803 3744 quoque
818 3664 982 3744 permulti
997 3663 1198 3743 audiuntur,
1215 3673 1249 3728 et
1264 3666 1300 3728 in
1314 3666 1464 3746 priuatis
1484 3667 1598 3730 domi·

367 3772 433 3836 bus
447 3773 507 3853 qui
523 3774 613 3836 lecto
629 3771 853 3846 decumbunt,
869 3786 1007 3833 necnon
1022 3769 1081 3851 qui
1096 3769 1129 3833 in
1146 3771 1350 3835 carceribus
1364 3782 1426 3837 aut
1447 3773 1600 3840 triremi·

367 3881 431 3943 bus
451 3880 661 3958 detinentur,
684 3894 833 3958 quorum
859 3875 1100 3940 confessiones
1128 3877 1206 3940 ideo
1226 3877 1281 3942 his
1302 3880 1481 3944 mensibus
1495 3879 1600 3945 fuere

364 3985 688 4067 frequentissimae,
715 3984 810 4066 quod
828 3987 957 4047 multos
981 3983 1089 4047 febris
1114 3983 1233 4065 (quam
1259 3987 1365 4065 uulgo
1387 3986 1598 4067 pestiferam

366 4093 534 4171 uocitant)
551 4105 584 4155 et
598 4091 823 4172 oppresserit,
841 4102 875 4153 et
892 4091 937 4154 ad
955 4089 1061 4154 funus
1080 4089 1277 4154 deduxerit.
1299 4090 1378 4156 Non
1399 4094 1457 4158 hic
1472 4092 1595 4160 dicam

365 4217 471 4282 quam
496 4199 596 4263 multi
611 4199 720 4262 auditi
735 4197 865 4262 fuerint
880 4216 901 4261 a
916 4197 1047 4261 nostris
1061 4197 1236 4277 Patribus
1252 4199 1312 4280 qui
1327 4217 1348 4263 a
1363 4200 1513 4280 duobus
1530 4207 1593 4284 qui

364 4324 384 4368 a
400 4306 614 4387 quindecim,
629 4305 690 4387 qui
705 4323 725 4368 a
745 4304 868 4368 decem
892 4314 926 4367 et
941 4313 1022 4367 octo
1038 4304 1140 4368 annis
1165 4304 1319 4369 confessi
1343 4324 1416 4370 non
1437 4308 1598 4374 fuerant.

369 4501 580 4510 -·-——-n—--

407 4621 414 4654 ¹
443 4622 468 4662 et
478 4619 629 4674 Episcopus
640 4617 825 4662 Messanenst's
835 4616 932 4661 addidit
943 4615 1078 4660 Polnncus.
1092 4615 1139 4661 llic
1155 4623 1212 4661 crat
1228 4615 1340 4670 Jnanncs
1357 4620 1476 4666 Andreas
1487 4621 1519 4665 de
1532 4621 1598 4668 Mer·

364 4703 503 4806 kurlmsunl
516 4761 615 4806 addidit
627 4761 762 4804 Polancus.
