3578 5534
396 495 434 554 52
783 495 955 554 ernnann
975 509 1247 562 ooaonrnssnrns

397 640 541 720 gliando
556 637 592 703 S.
609 639 713 703 Ecc.²
738 647 861 702 nostra
882 639 1100 718 protectione
1125 639 1171 703 ha
1186 639 1276 703 fatto
1301 641 1421 704 veder'
1435 640 1478 703 de
1498 641 1579 703 iure
1595 642 1635 704 le

395 749 473 810 loro
487 746 664 826 raggioni,
681 763 742 826 per
758 747 790 808 le
805 746 901 826 quali
916 746 1131 825 pretendeno
1146 747 1242 810 detto
1257 755 1399 810 terreno
1418 750 1527 810 esser'
1547 764 1626 812 suo.

396 852 534 933 Quante
549 853 650 916 siano
665 862 756 916 state
771 854 805 915 le
819 851 1084 916 contradittioni
1099 852 1164 916 che
1180 853 1264 918 dalli
1275 853 1422 931 maligni
1434 853 1624 918 habbiamo

397 962 529 1024 hanuto
545 975 653 1039 sopra
669 969 791 1040 questo
808 961 922 1035 luoc0,
946 976 1017 1022 non
1037 959 1084 1022 mi
1104 959 1205 1022 basta
1231 961 1253 1022 l'
1271 961 1390 1024 animo
1417 979 1438 1024 a
1460 962 1625 1024 narrarlo

397 1065 541 1146 adesso,
566 1067 668 1129 basta
683 1066 749 1129 che
773 1081 885 1146 pocco
911 1065 971 1145 piir
996 1066 1029 1128 ci
1054 1065 1268 1146 lapidauano
1292 1067 1420 1142 alcuni,
1444 1068 1548 1130 cuius
1568 1068 1625 1130 rei

395 1179 523 1252 grotta
544 1173 591 1236 ha
617 1172 705 1236 fatto
726 1172 751 1236 il
767 1172 957 1252 desperato
982 1172 1145 1236 demonio
1172 1172 1285 1250 (come
1308 1175 1504 1254 pensiamo)
1520 1174 1544 1238 il
1559 1191 1624 1238 suo

395 1281 518 1344 ultimo
530 1280 646 1343 ssorzo
662 1279 762 1342 aecio
776 1276 872 1342 fosse
890 1279 1056 1342 rouinata
1070 1281 1091 1341 l'
1115 1297 1234 1359 opera,
1258 1279 1486 1358 adoperando
1501 1281 1526 1344 li
1544 1284 1624 1345 suoi

394 1387 503 1450 scribi
516 1396 551 1448 et
566 1386 731 1464 pharisei,
746 1385 863 1462 idest,
878 1386 1028 1448 secolari
1043 1396 1078 1449 et
1092 1386 1261 1464 religiosi,
1277 1388 1385 1450 molto
1398 1388 1624 1466 iarghamen·

394 1506 440 1558 te.
462 1495 511 1557 At
529 1493 565 1555 si
581 1493 681 1555 Deus
698 1500 768 1572 pro
794 1493 907 1565 nobis,
935 1493 1016 1571 quis
1037 1499 1164 1556 contra
1187 1494 1275 1556 nos?
1297 1491 1482 1574 Speriamo
1505 1507 1633 1575 presto·

395 1603 430 1664 la
445 1600 662 1672 risolutione;
680 1609 714 1662 et
729 1599 864 1678 alhora,
881 1599 1055 1680 piacendo
1071 1600 1105 1661 al
1119 1597 1281 1678 signore,
1295 1600 1624 1665 comminciaremo.

394 1708 441 1772 M.
459 1708 613 1772 Hercole
637 1705 784 1769 Porrino
802 1704 810 1736 ¹
831 1705 867 1769 fa
883 1707 1033 1769 tuttauia
1059 1706 1200 1784 seghar’
1224 1708 1380 1786 legnami
1404 1708 1436 1771 d’
1459 1726 1531 1771 vna
1546 1725 1626 1787 pos·

394 1815 551 1878 sessione
575 1831 639 1894 per
660 1812 733 1875 dar'
759 1813 934 1893 principio
965 1815 1035 1875 alla
1064 1829 1162 1875 casa.
1189 1812 1291 1876 Altre
1318 1831 1467 1893 persone
1498 1815 1625 1878 deuote

393 1920 585 1985 attendeno
601 1940 622 1983 a
644 1921 721 1983 fare
735 1919 886 2000 qualche
912 1919 1046 1995 denari,
1075 1920 1174 1982 accio
1189 1920 1315 1983 alhora
1330 1938 1483 2000 possano
1499 1939 1623 1984 souue-

394 2030 483 2092 nire.
496 2028 523 2092 11
538 2027 689 2108 Signore
704 2026 882 2090 condurra
898 2027 931 2087 ia
952 2041 1063 2088 cuosa
1078 2044 1099 2088 a
1113 2026 1229 2088 buono
1242 2027 1402 2100 termine,
1422 2028 1455 2090 la
1472 2029 1529 2090 cui
1543 2027 1623 2090 MA&

395 2142 501 2216 sapsa
515 2153 645 2199 cauare
669 2134 757 2197 bene
783 2135 815 2196 d‘
843 2133 928 2212 ogni
952 2133 1244 2212 contradictione,
1271 2142 1306 2197 et
1331 2134 1396 2197 sar'
1414 2135 1471 2198 ch'
1494 2135 1516 2197 il
1532 2145 1625 2198 tutto

394 2242 547 2306 succeda
574 2241 724 2321 agloria
745 2239 800 2302 del
815 2256 880 2302 suo
903 2240 1105 2302 santissimo
1120 2257 1235 2316 nome,
1258 2241 1318 2302 cui
1339 2241 1454 2303 honor
1471 2241 1624 2321 etr'mpe-

394 2350 490 2412 re'um
502 2349 540 2410 in
555 2347 699 2410 saecula
711 2345 949 2410 saeculorum.
963 2347 1088 2410 Amen.
1232 2410 1237 2420 ,

454 2454 524 2518 Atl’
538 2454 690 2518 orationi
706 2453 740 2516 di
755 2453 800 2516 V.
818 2452 859 2516 R.
878 2451 914 2514 P.
931 2464 965 2516 et
984 2452 1066 2516 delli
1081 2454 1282 2516 charissimi
1304 2452 1409 2517 Padri
1430 2465 1464 2516 et
1489 2455 1620 2520 fratelli

393 2564 476 2625 tutti
491 2561 600 2625 molto
616 2561 649 2623 ci
661 2559 984 2623 raccomandiamo

452 2667 497 2731 Di
513 2666 675 2743 Modena,
693 2666 752 2729 aiii
770 2664 806 2728 10
818 2664 852 2728 di
869 2664 1011 2728 Genaro
1034 2665 1121 2728 1556.

451 2774 494 2837 D.
509 2774 555 2838 V.
571 2773 608 2836 P.
625 2773 780 2850 indegno
795 2771 952 2850 figliuolo
968 2782 1002 2834 et
1018 2773 1162 2870 minimo
1175 2790 1280 2835 seruo
1296 2774 1331 2836 in
1348 2774 1500 2850 Christo,

1144 2985 1308 3050 Pnnnro
1325 2987 1458 3052 Fnsno.

391 3149 602 3158 ——-—---—

431 3230 438 3258 ¹
467 3226 518 3280 Sic,
530 3227 588 3271 vide
600 3227 711 3271 Potane!
724 3227 876 3276 Chronicorr,
888 3235 905 3268 t.
917 3237 952 3276 nr,
962 3237 1021 3278 pag.
1033 3226 1079 3274 too,
1093 3236 1115 3267 n.
1126 3225 1160 3267 83.
