3382 5528
375 459 432 520 ,166
764 456 935 516 errnaaa
954 473 1226 526 ouanaruasraas

377 605 461 672 dum
471 604 745 684 quoddaminter
755 603 945 684 praecipua
954 601 1058 682 hujus
1066 603 1169 684 regni
1179 603 1251 679 (vbi
1259 603 1450 668 seminaret
1460 605 1593 670 verbum

378 711 458 790 Doi)
473 711 656 776 inuiseret:
673 711 766 790 quod
781 708 923 789 erfecit,
941 712 1040 776 etita
1054 708 1355 792 populuseer'us
1374 711 1593 779 concionibus

377 827 494 882 motus
508 818 589 894 iuit,
603 827 645 880 -vt
660 818 705 880 ad
721 835 776 882 me
791 817 930 882 litterae
945 819 1086 882 nornine
1097 817 1227 898 judicis
1241 829 1276 882 et
1292 819 1433 883 concilii
1447 815 1592 898 ejusdem

378 926 497 1006 oppidi
518 927 758 1003 mitterentur,
783 926 909 1005 quibus
928 925 1058 990 obnixe
1078 927 1245 1006 petebant
1266 935 1304 990 vl
1327 925 1434 992 Pater
1448 943 1510 1010 per
1530 928 1591 990 lou·

371 1033 457 1112 =gius
471 1042 604 1096 statuto
620 1032 686 1096 sibi
701 1043 858 1112 tempore
873 1029 1074 1096 moraredn·
1084 1032 1224 1098 ibidem.
1249 1032 1366 1098 Credo
1378 1033 1540 1116 equidem
1554 1051 1592 1096 ex

376 1139 575 1219 hujusmodi
589 1157 628 1204 re
643 1140 854 1220 obsequium¹
864 1139 941 1202 Deo
956 1139 1088 1219 optimo
1103 1139 1312 1220 praestitum
1326 1139 1435 1204 fuisse
1450 1157 1521 1206 non
1533 1157 1596 1204 me·

375 1248 506 1312 diocte.
519 1245 740 1310 Audiebatur
751 1263 814 1325 per
829 1246 908 1308 vias
917 1245 1049 1326 oppidi:
1067 1244 1209 1310 “Nonne
1224 1246 1291 1309 iste
1303 1255 1356 1309 est
1370 1265 1416 1310 ex
1427 1246 1593 1330 illis,quos

375 1354 604 1420 audiebamus
615 1352 652 1416 in
664 1351 779 1416 Deum
791 1369 861 1416 non
873 1353 1030 1432 credere,
1043 1362 1078 1416 et
1090 1370 1185 1418 noua
1198 1353 1374 1434 quaedam
1387 1353 1509 1418 adnos
1523 1352 1592 1416 ade-

373 1463 447 1524 rre?
461 1459 635 1542 quomodo
652 1476 738 1538 ergo
754 1460 999 1538 euangelicam
1013 1461 1062 1522 ita
1077 1460 1178 1524 nobis
1192 1459 1355 1524 edisserit
1370 1459 1591 1534 doctrinami,

373 1567 419 1631 Et
431 1568 499 1632 alia
513 1567 712 1632 huiusmodi
724 1566 946 1630 dictitabant.
964 1563 1151 1648 Perplures
1164 1565 1263 1632 Patri
1276 1577 1424 1648 peccata
1439 1585 1504 1631 sua
1520 1583 1592 1630 con·

370 1675 459 1739 fessi
470 1683 562 1752 sunt,
574 1684 608 1738 et
619 1674 690 1736 alia
702 1674 842 1751 ibidem,
853 1673 995 1738 fauente
1006 1657 1171 1750 Domino',
1185 1690 1293 1754 opera
1306 1673 1493 1738 charitatis
1504 1689 1592 1737 exer·

371 1783 457 1846 cuit.
473 1779 593 1845 Vnum
608 1798 678 1844 non
701 1780 992 1860 praetermittam,
1010 1780 1104 1862 quod
1120 1781 1190 1843 illic
1205 1779 1303 1844 Deus
1318 1780 1431 1844 voluit
1445 1781 1591 1846 euenire.

426 1888 558 1952 Frater
580 1887 724 1967 quidam
739 1905 784 1950 ex
800 1886 1024 1950 obseruantia
1046 1887 1145 1950 Beati
1163 1885 1193 1948 F
1196 1887 1350 1952 rancisci
1369 1888 1406 1952 in
1426 1881 1494 1950 bac
1514 1885 1592 1948 vrbe

370 1995 497 2076 paucis
523 1995 650 2058 abhinc
669 1994 850 2058 mensibus
870 1995 905 2058 in
925 2002 1102 2058 conuentu
1123 1994 1278 2073 quodam
1304 1994 1509 2058 monialium
1530 2010 1592 2056 ser-

371 2119 513 2174 monem
527 2102 661 2178 babuit,
679 2111 783 2182 atque
796 2101 833 2164 in
854 2118 896 2163 eo
912 2101 997 2164 talia
1017 2100 1052 2164 in
1071 2115 1136 2164 nos
1150 2101 1261 2164 verba
1276 2100 1370 2177 iecit,
1386 2110 1423 2164 vt
1443 2100 1591 2165 nonnulli

369 2227 418 2274 eut
439 2210 658 2273 auditoribus
677 2208 754 2288 (qui
774 2209 875 2272 nobis
894 2207 1012 2270 deuoti
1032 2208 1130 2283 sunt)
1146 2207 1194 2272 ita
1213 2209 1251 2270 in
1271 2225 1350 2272 eum
1370 2208 1593 2275 vehementer

368 2317 586 2392 exarserint,
607 2315 701 2397 quod
720 2331 906 2378 necessum
925 2313 1009 2378 mibi
1030 2313 1134 2378 luerit
1155 2315 1329 2378 instanter
1345 2331 1473 2394 rogare
1493 2325 1532 2378 vt
1554 2314 1592 2376 ab

369 2421 552 2488 inferenda
568 2423 618 2486 illi
633 2422 841 2486 desisterent
857 2421 1028 2498 molestia;
1046 2421 1139 2502 quod
1150 2431 1184 2484 et
1195 2421 1342 2488 obtinui:
1354 2423 1386 2484 is
1396 2422 1537 2502 quidem
1553 2420 1592 2484 ad

371 2529 537 2609 oppidum
552 2529 692 2592 deuenit
707 2529 916 2608 praefatum,
942 2537 980 2592 vt
994 2527 1150 2600 triticum
1171 2527 1279 2607 (quod
1299 2539 1456 2610 tempore
1469 2527 1593 2594 messis

370 2655 392 2700 a
407 2636 574 2700 iratribus
589 2637 659 2717 peti
675 2637 774 2713 solet)
791 2635 1071 2729 eit-eleemosinis
1084 2635 1307 2714 recolligeret
1324 2637 1360 2698 in
1371 2635 1591 2700 sustentatio·

369 2760 450 2809 nem
465 2743 591 2807 domus
604 2759 706 2821 suae,
727 2752 762 2806 et
776 2755 814 2805 vt
830 2742 968 2822 publice
983 2742 1113 2822 populo
1129 2758 1210 2804 cum
1225 2742 1389 2824 precibus
1405 2750 1593 2822 exponeret

366 2849 417 2929 id,
434 2850 533 2914 cuius
548 2865 656 2912 causa
672 2850 753 2912 illuc
768 2860 985 2926 accesserat,
1003 2849 1039 2912 in
1057 2848 1220 2928 proximo
1237 2847 1330 2914 testo
1351 2849 1498 2930 optabat
1516 2866 1593 2914 con·

367 2957 517 3022 cionari:
533 2957 718 3035 sciensque
733 2955 874 3020 Patrem
894 2953 1167 3019 Santanderium
1182 2973 1223 3019 eo
1243 2956 1299 3020 die
1317 2957 1469 3037 primam
1483 2956 1593 3020 eidem

370 3064 499 3145 populo
514 3063 691 3127 iacturum
706 3079 784 3126 esse
798 3063 1016 3140 concionem,
1037 3079 1117 3126 eum
1136 3064 1173 3126 in
1192 3063 1297 3126 domo
1316 3080 1513 3144 pauperum
1527 3063 1592 3126 exi·

367 3181 519 3236 stentem
539 3171 717 3233 conuenit:
741 3169 959 3250 propositum
979 3169 1049 3248 ipsi
1074 3178 1265 3250 votumque
1289 3169 1476 3249 expressit,
1503 3187 1595 3233 noua

369 3276 558 3342 ostendens
571 3277 750 3340 amicitiae
772 3277 888 3355 signa.
905 3275 1008 3338 Votis
1023 3273 1127 3340 Pater
1143 3276 1372 3340 libentissime
1392 3277 1528 3344 annuit.
1546 3287 1593 3354 vt,

366 3387 448 3470 loco
464 3383 630 3448 videlicet
643 3384 730 3460 eius,
752 3384 861 3446 irater
880 3383 937 3445 ille
955 3385 1086 3462 populo
1107 3384 1254 3446 verbum
1273 3381 1341 3446 Dei
1360 3383 1593 3463 praedicaret:

366 3492 463 3571 quod
488 3492 562 3570 ipse
587 3491 728 3554 admisit
753 3506 834 3553 cum
859 3490 991 3553 laetitia
1017 3501 1051 3552 et
1076 3491 1315 3569 gratulatione
1341 3508 1411 3553 non
1437 3491 1592 3555 minima.

366 3599 522 3664 Aduenit
536 3598 685 3660 iestiuus
699 3595 786 3660 dies:
799 3598 985 3676 pergulam
998 3597 1203 3660 conscendit
1215 3597 1335 3675 frater,
1348 3607 1455 3678 atque
1470 3597 1594 3678 inipso

366 3706 487 3773 statim
503 3705 676 3768 sermonis
690 3704 790 3767 initio
805 3703 890 3766 talia
902 3703 1019 3784 coepit
1031 3705 1160 3783 populo
1171 3703 1214 3766 de
1226 3703 1331 3767 Patre
1343 3703 1593 3780 Santanderio,

366 3823 401 3888 et
417 3813 460 3878 de
475 3811 551 3891 ejus
565 3811 700 3874 scilicet
718 3810 926 3886 humilitate,
943 3809 1117 3888 doctrina,
1137 3819 1171 3874 et
1191 3810 1229 3873 in
1250 3811 1494 3874 concionando
1512 3811 1594 3877 dex·

366 3920 518 3996 teritate,
534 3918 755 3999 praedicare,
772 3926 810 3978 vt
831 3927 865 3979 et
886 3917 1110 3980 audientibus
1130 3917 1356 3982 admirationi
1374 3927 1412 3982 et
1432 3918 1594 3982 aedifica·

366 4026 463 4103 tioni,
479 4035 513 4088 et
528 4024 625 4088 Patri
640 4025 711 4105 (qui
733 4033 768 4086 et
787 4040 956 4104 praesens
974 4027 1065 4098 erat)
1088 4023 1288 4088 confusioni
1302 4034 1337 4087 et
1356 4025 1594 4090 veremundiae

363 4133 473 4196 fuisse
492 4149 564 4196 non
583 4131 737 4194 dubites:
762 4149 876 4212 neque
903 4131 938 4194 id
959 4129 1112 4194 creditur
1132 4131 1307 4212 proluisse
1329 4149 1457 4212 parum
1477 4143 1519 4195 vt
1540 4151 1593 4208 ea,

362 4256 455 4320 quae
469 4238 507 4302 Ρ.
523 4236 722 4304 Santander
742 4239 873 4319 populo
895 4237 1004 4300 verba
1019 4238 1104 4304 fecit
1125 4237 1288 4316 (necdum
1307 4239 1400 4303 enim
1416 4250 1501 4307 tanc
1518 4257 1594 4304 coe·

364 4349 481 4428 perat)
505 4346 631 4410 maiori
650 4345 842 4409 attentione
863 4353 1092 4425 captarentur
1112 4353 1149 4406 et
1168 4344 1297 4410 animis
1317 4345 1447 4410 sortius
1464 4347 1594 4412 inside-

362 4463 453 4518 rent.
474 4451 552 4516 Hoc
572 4453 658 4516 mihi
677 4452 814 4516 amicus
832 4451 977 4532 quidam
998 4461 1032 4514 et
1055 4451 1203 4516 deuotus
1227 4452 1341 4520 literis
1362 4447 1592 4534 significauit.

361 4578 542 4641 nunquam
558 4561 591 4624 in
605 4561 664 4624 illo
677 4558 806 4639 oppido
819 4559 864 4622 ad
877 4558 1086 4640 cuiusquam
1098 4558 1593 4641 concionem-tantampopuli

361 4666 618 4742 multitudinem
634 4665 741 4746 (quod
754 4665 829 4746 ipse
845 4665 963 4744 sciret)
979 4664 1088 4728 luisse
1104 4677 1374 4748 congregatam.
