3504 5532
778 524 950 588 errraan
967 535 1239 628 quaonmnsrara

579 1023 802 1088 -Praeeadeetinra
812 1027 919 1073 Antonii
930 1025 1050 1074 Foaaova
1060 1027 1207 1077 uersam
1217 1028 1301 1074 latina
1310 1026 1397 1072 varaia
1407 1025 1425 1071 ί.

950 1218 1065 1302 Jesus.

456 1431 581 1498 Gratia
597 1443 631 1498 et
645 1450 718 1515 pax
732 1433 863 1499 Christi
877 1417 944 1498 etc'.

452 1538 707 1620 Perstringam,
723 1539 801 1603 Rue
817 1539 935 1621 Pater,
951 1540 994 1605 iis
1007 1540 1119 1605 literis
1133 1540 1300 1605 nonnulis
1312 1557 1358 1604 ex
1369 1540 1436 1621 his,
1452 1556 1545 1621 quae
1556 1557 1624 1622 per
1731 1525 1732 1574 ³

393 1645 580 1712 Societatis
595 1647 775 1713 ministros
789 1647 855 1712 iaoc
865 1646 878 1679 ⁸
889 1646 1138 1730 quadrimestri
1152 1647 1189 1712 in
1200 1647 1269 1712 bac
1278 1647 1366 1712 vrbe
1376 1655 1459 1712 sunt
1472 1652 1583 1728 gesta
1593 1647 1616 1709 ⁸.

453 1751 584 1819 Sumus
592 1754 649 1819 hic
659 1753 1069 1832 omnesfereduodecim3
1080 1759 1214 1836 sapient
1223 1753 1357 1818 Patres
1368 1751 1391 1836 ⁸,
1401 1764 1552 1836 quatuor
1561 1765 1623 1818 aut
1731 1823 1732 1846 χ

395 1862 548 1943 quinque
559 1861 699 1926 iratres.
712 1859 806 1926 Rau·
823 1859 929 1926 Pater
939 1859 1112 1942 Baptista,
1125 1859 1256 1926 Rector
1266 1861 1371 1928 huius
1382 1860 1626 1944 Collegiicon·
1731 1883 1732 1908 ³

395 1969 532 2034 cionari
543 1967 668 2032 solitus
689 1965 744 2033 es't
764 1967 913 2048 singulis
930 1967 1031 2034 sestis
1053 1985 1097 2034 ac
1118 1967 1304 2034 dominicis
1322 1968 1459 2049 diebus,
1480 1977 1624 2050 praeter
1731 2007 1732 2022 ,

395 2075 484 2140 aiios
507 2074 786 2156 quamplurimos
811 2091 1004 2154 sermones,
1030 2093 1118 2156 quos
1143 2075 1189 2139 ad
1211 2075 1428 2140 monasteria
1441 2075 1624 2156 virginum
1731 2103 1732 2120 π

397 2183 526 2247 habere
539 2181 735 2246 consueuit:
753 2181 991 2262 superioribus
1003 2182 1181 2248 mensibus
1195 2182 1375 2265 proiectus
1386 2191 1440 2248 est
1455 2199 1527 2248 vnn
1541 2199 1626 2248 cum
1731 2165 1732 2170 ¹

395 2289 483 2352 Ra*⁰
502 2288 677 2370 Episcopo
692 2286 737 2352 ad
753 2288 915 2354 obeunda
928 2289 1180 2372 lustrandaque
1191 2289 1295 2354 huius
1307 2289 1512 2372 provinciae
1526 2290 1625 2372 oppi·
1731 2343 1732 2356 ,

396 2397 453 2472 da,
470 2395 717 2473 disseminans,
739 2413 880 2478 quoquo
899 2395 911 2428 ¹
927 2397 994 2462 iter
1010 2395 1153 2476 iaceret,
1176 2415 1296 2462 semen
1314 2396 1414 2462 verbi
1424 2396 1535 2462 diuini
1550 2414 1626 2462 non
1731 2431 1732 2436 =

395 2504 470 2568 sine
486 2503 642 2568 maximo
657 2503 856 2568 animarum
869 2503 999 2568 fructu:
1028 2502 1108 2568 inde
1122 2521 1288 2569 reuersus
1302 2504 1534 2570 concionatus
1555 2516 1624 2580 est,
1731 2501 1732 2528 ,

397 2610 573 2692 superiori
600 2609 875 2692 quadragesima
894 2621 1046 2692 quatuor
1076 2614 1134 2676 vei
1161 2612 1316 2694 quinque
1339 2610 1376 2676 in
1401 2611 1627 2677 hebdomada
1731 2607 1732 2696 ξ

397 2717 483 2796 dies,
496 2733 627 2798 magna
639 2719 757 2798 gratia
768 2727 804 2783 et
815 2718 1073 2800 approbatione
1081 2719 1249 2796 omnium,
1265 2717 1324 2800 qui
1332 2717 1379 2782 ad
1390 2735 1470 2784 eum
1479 2717 1627 2784 audien·

397 2824 480 2890 dum
496 2825 696 2906 frequentes
711 2824 946 2903 confluebant,
960 2826 1022 2890 vix
1036 2835 1076 2890 vt
1089 2825 1279 2908 aliquando
1294 2826 1326 2890 ei
1340 2825 1464 2891 liceret
1484 2825 1628 2906 ingredi

396 2933 492 2997 iores
500 2932 822 3013 templi,bominum
830 2932 1061 2998 multitudine
1071 2932 1236 2998 obsessas
1247 2930 1270 2996 ⁰:
1282 2949 1491 3014 nequevero
1500 2933 1631 2998 inanes
1731 2943 1732 2970 i

396 3051 477 3106 sunt
488 3041 565 3104 eius
571 3039 724 3118 labores;
736 3055 802 3104 nos
814 3041 907 3104 enim
920 3041 1048 3105 multas
1062 3038 1219 3120 quotidie
1232 3039 1308 3106 fieri
1323 3056 1461 3106 morum
1473 3057 1516 3106 ac
1528 3041 1630 3106 vitae
1731 3065 1732 3136 3

394 3148 609 3213 mutationes
624 3145 809 3212 audiendis
823 3146 1105 3212 confessionibus
1118 3147 1366 3227 comperimus,
1388 3147 1497 3212 etiam
1516 3148 1554 3212 in
1569 3147 1629 3212 his
1731 3175 1732 3214 i

396 3255 456 3336 qui
484 3254 668 3318 duodecim
690 3253 701 3284 ²
725 3270 838 3318 annos
866 3255 903 3319 in
932 3253 1170 3320 concubinatu
1198 3255 1376 3320 vixerant.
1406 3254 1630 3320 Mercatores
1731 3303 1732 3310 κ

396 3379 535 3444 quoque
549 3361 719 3439 nonnulli,
736 3363 796 3442 qui
811 3360 951 3440 magnis
967 3361 1017 3439 (vt
1032 3364 1238 3442 plerumque
1251 3360 1301 3441 fit)
1320 3361 1501 3427 erroribus
1520 3361 1631 3427 duce·
1731 3353 1732 3380 ¹

397 3470 537 3548 bantur,
558 3469 802 3533 existimantes
821 3466 1040 3532 malitiosam
1061 3465 1073 3502 ⁸
1093 3468 1332 3549 ignorantiam
1353 3478 1561 3534 excusatum
1584 3470 1632 3534 iri

397 3577 491 3657 apud
511 3573 639 3654 Deum,
663 3574 792 3640 auditis
811 3575 945 3656 aliquot
966 3575 1196 3640 concionibus
1219 3578 1409 3658 agnitoque
1429 3593 1562 3654 errore,
1582 3578 1631 3642 ad
1731 3589 1732 3656 j

397 3682 540 3748 Patrem
556 3692 809 3762 conuenerunt,
831 3699 912 3746 cum
938 3698 980 3747 eo
993 3682 1037 3745 de
1060 3684 1174 3747 salute
1200 3683 1340 3747 animae
1366 3682 1631 3748 communican-

436 3925 444 3958 i
477 3923 506 3970 in
517 3925 579 3970 soiio
589 3924 694 3980 duplici,
704 3925 790 3981 primo
800 3935 825 3969 n.
835 3925 884 3978 au,
894 3924 978 3969 altero
989 3935 1038 3969 non
1048 3929 1193 3969 numerato.
1210 3923 1339 3968 Videntur
1349 3925 1429 3970 etiam
1436 3925 1633 3981 autographae,

399 4001 527 4051 quamvia,
538 3997 598 4054 qnia
607 3997 729 4042 crassiori
740 4003 851 4042 exarata
859 4002 920 4041 eunt
929 3996 1030 4041 calamo
1040 4002 1067 4039 et
1081 4006 1145 4040 cura
1159 3996 1261 4052 maiori.
1271 3996 1386 4042 nonnihil
1400 3996 1604 4054 primoupectu
1615 4011 1632 4044 a
1731 3985 1732 3996 ³

400 4069 616 4125 praecedentibus
631 4068 740 4124 hispano
753 4078 870 4113 sermone
886 4066 1003 4112 exaratis
1015 4066 1232 4112 distemus-Hae
1245 4067 1394 4112 emendavit
1409 4068 1545 4120 Poiancua.
1562 4077 1595 4115 nt
1606 4071 1634 4115 in
1731 4063 1732 4098 3

398 4141 609 4186 annotationibua
619 4139 797 4193 iudicabimur
806 4151 947 4195 earumque
957 4141 995 4184 aic
1003 4139 1200 4184 emendaturum
1209 4146 1249 4184 eat
1256 4140 1336 4186 etiam
1343 4141 1523 4196 apooerapbnra
1530 4139 1557 4185 in
1568 4143 1635 4188 intio
1731 4145 1732 4170 i

398 4211 502 4267 duplici,
510 4223 535 4256 n.
545 4210 755 4266 tiz-Quaedam
765 4211 792 4256 in
802 4212 843 4256 bie
850 4222 919 4257 nova
926 4212 974 4256 sub
983 4210 1059 4258 tinem
1069 4211 1159 4256 addita
1169 4217 1236 4267 sunt,
1247 4222 1314 4267 qnae
1323 4218 1383 4268 poet
1392 4212 1506 4268 scriptae
1519 4213 1637 4258 nubseri-

395 4289 507 4338 ptaeqne
519 4282 643 4338 biapanaa
653 4283 757 4328 iitteraa
767 4294 886 4328 evenere.

435 4355 448 4387 ¹
474 4354 608 4411 proximo.
617 4354 761 4399 Ponaecoa.

435 4426 448 4461 ⁸
475 4425 703 4481 aDaooeeatado.

436 4500 448 4533 ⁴
477 4498 564 4543 deleta
573 4504 633 4543 aunt
643 4498 709 4544 baec
719 4497 769 4544 duo
779 4500 870 4548 verba,
881 4505 907 4544 et
918 4499 986 4544 linea
996 4499 1124 4544 subducta
1135 4506 1176 4544 eat
1186 4505 1297 4553 quatuor
1306 4499 1482 4560 aequentibna.

435 4571 447 4606 ⁸
475 4569 837 4626 quoquouarsur.1’otarcua.

434 4641 448 4676 ⁸
474 4643 596 4701 conserta
607 4643 772 4690 multitudine
783 4648 933 4701 occupatas.
941 4641 978 4690 io.

436 4715 446 4748 ⁷
475 4713 718 4772 sapradecemn.

436 4784 448 4826 i
475 4787 689 4842 affectatamdn·
