<?xml version="1.0" encoding="UTF-8"?>
<!DOCTYPE html PUBLIC "-//W3C//DTD XHTML 1.0 Transitional//EN"
    "http://www.w3.org/TR/xhtml1/DTD/xhtml1-transitional.dtd">
<html xmlns="http://www.w3.org/1999/xhtml" xml:lang="en" lang="en">
 <head>
  <title>
</title>
<meta http-equiv="Content-Type" content="text/html;charset=utf-8" />
  <meta name='ocr-system' content='tesseract 3.04.00' />
  <meta name='ocr-capabilities' content='ocr_page ocr_carea ocr_par ocr_line ocrx_word'/>
</head>
<body>
  <div class='ocr_page' id='page_1' title='image "./litteraequadrim00jesugoog/litteraequadrim00jesugoog_0675.png"; bbox 0 0 3436 5526; ppageno 0'>
   <div class='ocr_carea' id='block_1_1' title="bbox 566 488 1425 552">
    <p class='ocr_par' dir='ltr' id='par_1_1' title="bbox 566 488 1425 552">
     <span class='ocr_line' id='line_1_1' title="bbox 566 488 1425 552; baseline -0.001 -1"><span class='ocrx_word' id='word_1_1' title='bbox 566 492 736 552; x_wconf 70' lang='lat' dir='ltr'>Appenni</span> <span class='ocrx_word' id='word_1_2' title='bbox 756 507 787 550; x_wconf 83' lang='lat' dir='ltr'>nt</span> <span class='ocrx_word' id='word_1_3' title='bbox 807 505 896 551; x_wconf 74' lang='lat' dir='ltr'>rouo</span> <span class='ocrx_word' id='word_1_4' title='bbox 915 506 1063 550; x_wconf 79' lang='lat' dir='ltr'>snconno</span> <span class='ocrx_word' id='word_1_5' title='bbox 1366 488 1425 550; x_wconf 80' lang='lat'>⁶69</span> 
     </span>
    </p>
   </div>
   <div class='ocr_carea' id='block_1_2' title="bbox 185 634 1422 1042">
    <p class='ocr_par' dir='ltr' id='par_1_2' title="bbox 185 634 1422 1042">
     <span class='ocr_line' id='line_1_2' title="bbox 185 634 1420 719; baseline -0.002 -17"><span class='ocrx_word' id='word_1_6' title='bbox 185 640 217 702; x_wconf 85' lang='grc'>11</span> <span class='ocrx_word' id='word_1_7' title='bbox 233 638 345 719; x_wconf 87' lang='lat' dir='ltr'>padre</span> <span class='ocrx_word' id='word_1_8' title='bbox 359 647 492 716; x_wconf 91' lang='lat' dir='ltr'>nostro,</span> <span class='ocrx_word' id='word_1_9' title='bbox 509 638 579 703; x_wconf 82' lang='lat' dir='ltr'>dal’</span> <span class='ocrx_word' id='word_1_10' title='bbox 593 639 685 700; x_wconf 88' lang='lat' dir='ltr'>altra</span> <span class='ocrx_word' id='word_1_11' title='bbox 699 637 723 700; x_wconf 92' lang='grc'>11</span> <span class='ocrx_word' id='word_1_12' title='bbox 737 637 847 718; x_wconf 87' lang='lat' dir='ltr'>padre</span> <span class='ocrx_word' id='word_1_13' title='bbox 864 635 909 700; x_wconf 87' lang='lat' dir='ltr'>M.</span> <span class='ocrx_word' id='word_1_14' title='bbox 925 637 1085 701; x_wconf 92' lang='lat' dir='ltr'>Lorenzo</span> <span class='ocrx_word' id='word_1_15' title='bbox 1102 636 1122 716; x_wconf 78' lang='lat'>¹,</span> <span class='ocrx_word' id='word_1_16' title='bbox 1144 639 1221 700; x_wconf 86' lang='lat' dir='ltr'>cosi</span> <span class='ocrx_word' id='word_1_17' title='bbox 1240 638 1276 700; x_wconf 90' lang='lat' dir='ltr'>io</span> <span class='ocrx_word' id='word_1_18' title='bbox 1290 634 1420 700; x_wconf 90' lang='lat' dir='ltr'>condu-</span> 
     </span>
     <span class='ocr_line' id='line_1_3' title="bbox 186 743 1421 824; baseline -0.002 -15"><span class='ocrx_word' id='word_1_19' title='bbox 186 745 348 809; x_wconf 77' lang='lat' dir='ltr'>cessimo</span> <span class='ocrx_word' id='word_1_20' title='bbox 359 763 379 808; x_wconf 88' lang='lat' dir='ltr'>a</span> <span class='ocrx_word' id='word_1_21' title='bbox 391 747 425 808; x_wconf 90' lang='lat' dir='ltr'>ia</span> <span class='ocrx_word' id='word_1_22' title='bbox 441 746 562 810; x_wconf 83' lang='lat' dir='ltr'>chiesa</span> <span class='ocrx_word' id='word_1_23' title='bbox 577 743 768 821; x_wconf 81' lang='lat' dir='ltr'>catedrale,</span> <span class='ocrx_word' id='word_1_24' title='bbox 785 744 1030 824; x_wconf 85' lang='lat' dir='ltr'>guardandolo</span> <span class='ocrx_word' id='word_1_25' title='bbox 1041 752 1076 807; x_wconf 89' lang='lat' dir='ltr'>et</span> <span class='ocrx_word' id='word_1_26' title='bbox 1088 743 1319 808; x_wconf 86' lang='lat' dir='ltr'>rimirandolo</span> <span class='ocrx_word' id='word_1_27' title='bbox 1330 751 1421 806; x_wconf 87' lang='lat' dir='ltr'>tutto</span> 
     </span>
     <span class='ocr_line' id='line_1_4' title="bbox 191 850 1422 936; baseline -0.003 -20"><span class='ocrx_word' id='word_1_28' title='bbox 191 853 228 916; x_wconf 91' lang='grc'>11·</span> <span class='ocrx_word' id='word_1_29' title='bbox 235 856 377 934; x_wconf 74' lang='lat' dir='ltr'>populo,</span> <span class='ocrx_word' id='word_1_30' title='bbox 394 855 441 918; x_wconf 84' lang='lat' dir='ltr'>dii</span> <span class='ocrx_word' id='word_1_31' title='bbox 456 855 559 933; x_wconf 87' lang='lat' dir='ltr'>quale</span> <span class='ocrx_word' id='word_1_32' title='bbox 573 871 684 920; x_wconf 84' lang='lat' dir='ltr'>erano</span> <span class='ocrx_word' id='word_1_33' title='bbox 695 855 797 936; x_wconf 88' lang='lat' dir='ltr'>piene</span> <span class='ocrx_word' id='word_1_34' title='bbox 812 855 844 917; x_wconf 93' lang='lat' dir='ltr'>le</span> <span class='ocrx_word' id='word_1_35' title='bbox 858 852 979 917; x_wconf 87' lang='lat' dir='ltr'>strade</span> <span class='ocrx_word' id='word_1_36' title='bbox 998 853 1043 916; x_wconf 87' lang='lat' dir='ltr'>da</span> <span class='ocrx_word' id='word_1_37' title='bbox 1058 851 1142 933; x_wconf 86' lang='lat' dir='ltr'>ogni</span> <span class='ocrx_word' id='word_1_38' title='bbox 1157 861 1258 931; x_wconf 83' lang='lat' dir='ltr'>parte</span> <span class='ocrx_word' id='word_1_39' title='bbox 1270 850 1422 914; x_wconf 86' lang='lat' dir='ltr'>iacendo</span> 
     </span>
     <span class='ocr_line' id='line_1_5' title="bbox 193 955 1422 1042; baseline -0.004 -18"><span class='ocrx_word' id='word_1_40' title='bbox 193 977 333 1024; x_wconf 70' lang='lat' dir='ltr'>ancora</span> <span class='ocrx_word' id='word_1_41' title='bbox 345 959 483 1042; x_wconf 83' lang='lat' dir='ltr'>grande</span> <span class='ocrx_word' id='word_1_42' title='bbox 502 962 679 1042; x_wconf 81' lang='lat' dir='ltr'>allegrezn</span> <span class='ocrx_word' id='word_1_43' title='bbox 705 979 772 1024; x_wconf 91' lang='lat' dir='ltr'>con</span> <span class='ocrx_word' id='word_1_44' title='bbox 797 978 886 1024; x_wconf 89' lang='lat' dir='ltr'>voce</span> <span class='ocrx_word' id='word_1_45' title='bbox 912 977 1035 1041; x_wconf 83' lang='lat' dir='ltr'>sparse</span> <span class='ocrx_word' id='word_1_46' title='bbox 1050 959 1087 1023; x_wconf 93' lang='lat' dir='ltr'>in</span> <span class='ocrx_word' id='word_1_47' title='bbox 1102 958 1206 1022; x_wconf 88' lang='lat' dir='ltr'>laude</span> <span class='ocrx_word' id='word_1_48' title='bbox 1228 974 1305 1022; x_wconf 86' lang='lat' dir='ltr'>sua.</span> <span class='ocrx_word' id='word_1_49' title='bbox 1320 955 1422 1038; x_wconf 83' lang='lat' dir='ltr'>Molti</span> 
     </span>
    </p>
   </div>
   <div class='ocr_carea' id='block_1_3' title="bbox 184 1064 1502 4461">
    <p class='ocr_par' dir='ltr' id='par_1_3' title="bbox 184 1064 1502 4461">
     <span class='ocr_line' id='line_1_6' title="bbox 196 1064 1422 1148; baseline -0.002 -18"><span class='ocrx_word' id='word_1_50' title='bbox 196 1083 270 1132; x_wconf 94' lang='lat' dir='ltr'>non</span> <span class='ocrx_word' id='word_1_51' title='bbox 285 1085 482 1133; x_wconf 88' lang='lat' dir='ltr'>cessauano</span> <span class='ocrx_word' id='word_1_52' title='bbox 507 1068 542 1132; x_wconf 92' lang='lat' dir='ltr'>di</span> <span class='ocrx_word' id='word_1_53' title='bbox 563 1069 768 1148; x_wconf 83' lang='lat' dir='ltr'>rallegrarsi</span> <span class='ocrx_word' id='word_1_54' title='bbox 783 1078 819 1131; x_wconf 91' lang='lat' dir='ltr'>et</span> <span class='ocrx_word' id='word_1_55' title='bbox 833 1068 979 1132; x_wconf 86' lang='lat' dir='ltr'>laudare</span> <span class='ocrx_word' id='word_1_56' title='bbox 993 1067 1017 1131; x_wconf 94' lang='grc'>11</span> <span class='ocrx_word' id='word_1_57' title='bbox 1033 1065 1184 1146; x_wconf 81' lang='lat' dir='ltr'>signore</span> <span class='ocrx_word' id='word_1_58' title='bbox 1199 1065 1242 1129; x_wconf 91' lang='lat' dir='ltr'>de</span> <span class='ocrx_word' id='word_1_59' title='bbox 1257 1067 1291 1128; x_wconf 87' lang='lat' dir='ltr'>la</span> <span class='ocrx_word' id='word_1_60' title='bbox 1303 1064 1422 1144; x_wconf 85' lang='lat' dir='ltr'>singu·</span> 
     </span>
     <span class='ocr_line' id='line_1_7' title="bbox 196 1171 1422 1254; baseline -0.003 -16"><span class='ocrx_word' id='word_1_61' title='bbox 196 1175 251 1238; x_wconf 84' lang='lat' dir='ltr'>iar</span> <span class='ocrx_word' id='word_1_62' title='bbox 265 1175 395 1252; x_wconf 86' lang='lat' dir='ltr'>gratia,</span> <span class='ocrx_word' id='word_1_63' title='bbox 416 1175 482 1238; x_wconf 85' lang='lat' dir='ltr'>che</span> <span class='ocrx_word' id='word_1_64' title='bbox 500 1191 566 1240; x_wconf 87' lang='lat' dir='ltr'>sua</span> <span class='ocrx_word' id='word_1_65' title='bbox 585 1180 748 1254; x_wconf 75' lang='lat' dir='ltr'>magesta</span> <span class='ocrx_word' id='word_1_66' title='bbox 766 1175 886 1239; x_wconf 87' lang='lat' dir='ltr'>diuina</span> <span class='ocrx_word' id='word_1_67' title='bbox 900 1173 922 1238; x_wconf 87' lang='lat' dir='ltr'>l’</span> <span class='ocrx_word' id='word_1_68' title='bbox 943 1174 1174 1246; x_wconf 63' lang='lat' dir='ltr'>hanenstein,</span> <span class='ocrx_word' id='word_1_69' title='bbox 1196 1171 1232 1236; x_wconf 91' lang='lat' dir='ltr'>di</span> <span class='ocrx_word' id='word_1_70' title='bbox 1250 1187 1348 1236; x_wconf 86' lang='lat' dir='ltr'>esser</span> <span class='ocrx_word' id='word_1_71' title='bbox 1362 1188 1422 1234; x_wconf 86' lang='lat' dir='ltr'>ve·</span> 
     </span>
     <span class='ocr_line' id='line_1_8' title="bbox 188 1276 1422 1363; baseline -0.001 -19"><span class='ocrx_word' id='word_1_72' title='bbox 188 1291 282 1346; x_wconf 75' lang='lat' dir='ltr'>noto</span> <span class='ocrx_word' id='word_1_73' title='bbox 294 1278 363 1363; x_wconf 88' lang='lat' dir='ltr'>[ne]</span> <span class='ocrx_word' id='word_1_74' title='bbox 383 1283 416 1344; x_wconf 84' lang='lat' dir='ltr'>le</span> <span class='ocrx_word' id='word_1_75' title='bbox 431 1282 527 1345; x_wconf 90' lang='lat' dir='ltr'>mani</span> <span class='ocrx_word' id='word_1_76' title='bbox 546 1281 582 1346; x_wconf 92' lang='lat' dir='ltr'>di</span> <span class='ocrx_word' id='word_1_77' title='bbox 599 1300 634 1346; x_wconf 92' lang='lat' dir='ltr'>n.</span> <span class='ocrx_word' id='word_1_78' title='bbox 663 1281 773 1363; x_wconf 88' lang='lat' dir='ltr'>padre</span> <span class='ocrx_word' id='word_1_79' title='bbox 787 1299 849 1363; x_wconf 88' lang='lat' dir='ltr'>pet</span> <span class='ocrx_word' id='word_1_80' title='bbox 870 1299 988 1346; x_wconf 84' lang='lat' dir='ltr'>essere</span> <span class='ocrx_word' id='word_1_81' title='bbox 1013 1290 1228 1345; x_wconf 83' lang='lat' dir='ltr'>amnestrato</span> <span class='ocrx_word' id='word_1_82' title='bbox 1252 1276 1346 1344; x_wconf 85' lang='lat' dir='ltr'>nella</span> <span class='ocrx_word' id='word_1_83' title='bbox 1360 1283 1422 1344; x_wconf 57' lang='lat' dir='ltr'>sd·</span> 
     </span>
     <span class='ocr_line' id='line_1_9' title="bbox 188 1386 1421 1470; baseline 0.002 -20"><span class='ocrx_word' id='word_1_84' title='bbox 188 1386 283 1458; x_wconf 72' lang='lat' dir='ltr'>fede.</span> <span class='ocrx_word' id='word_1_85' title='bbox 301 1387 398 1452; x_wconf 86' lang='lat' dir='ltr'>Oltre</span> <span class='ocrx_word' id='word_1_86' title='bbox 414 1388 449 1451; x_wconf 93' lang='lat' dir='ltr'>di</span> <span class='ocrx_word' id='word_1_87' title='bbox 463 1399 588 1469; x_wconf 88' lang='lat' dir='ltr'>questo</span> <span class='ocrx_word' id='word_1_88' title='bbox 608 1389 716 1470; x_wconf 81' lang='lat' dir='ltr'>piglio</span> <span class='ocrx_word' id='word_1_89' title='bbox 741 1389 765 1452; x_wconf 93' lang='grc'>11</span> <span class='ocrx_word' id='word_1_90' title='bbox 784 1395 843 1453; x_wconf 72' lang='lat' dir='ltr'>s.to</span> <span class='ocrx_word' id='word_1_91' title='bbox 858 1398 1084 1452; x_wconf 87' lang='lat' dir='ltr'>sacramento</span> <span class='ocrx_word' id='word_1_92' title='bbox 1104 1404 1172 1452; x_wconf 90' lang='lat' dir='ltr'>con</span> <span class='ocrx_word' id='word_1_93' title='bbox 1195 1395 1294 1454; x_wconf 85' lang='lat' dir='ltr'>tanta</span> <span class='ocrx_word' id='word_1_94' title='bbox 1316 1405 1421 1469; x_wconf 87' lang='lat' dir='ltr'>pron·</span> 
     </span>
     <span class='ocr_line' id='line_1_10' title="bbox 188 1493 1420 1577; baseline 0.001 -20"><span class='ocrx_word' id='word_1_95' title='bbox 188 1505 273 1558; x_wconf 67' lang='lat' dir='ltr'>neza</span> <span class='ocrx_word' id='word_1_96' title='bbox 288 1503 323 1558; x_wconf 91' lang='lat' dir='ltr'>et</span> <span class='ocrx_word' id='word_1_97' title='bbox 333 1493 521 1559; x_wconf 90' lang='lat' dir='ltr'>deuotione</span> <span class='ocrx_word' id='word_1_98' title='bbox 532 1496 598 1559; x_wconf 87' lang='lat' dir='ltr'>che</span> <span class='ocrx_word' id='word_1_99' title='bbox 609 1511 726 1560; x_wconf 88' lang='lat' dir='ltr'>nrosse</span> <span class='ocrx_word' id='word_1_100' title='bbox 737 1495 762 1559; x_wconf 92' lang='lat' dir='ltr'>il</span> <span class='ocrx_word' id='word_1_101' title='bbox 773 1496 914 1577; x_wconf 91' lang='lat' dir='ltr'>populo,</span> <span class='ocrx_word' id='word_1_102' title='bbox 930 1495 987 1558; x_wconf 86' lang='lat' dir='ltr'>dei</span> <span class='ocrx_word' id='word_1_103' title='bbox 1008 1496 1111 1575; x_wconf 86' lang='lat' dir='ltr'>quale</span> <span class='ocrx_word' id='word_1_104' title='bbox 1131 1511 1193 1557; x_wconf 86' lang='lat' dir='ltr'>era</span> <span class='ocrx_word' id='word_1_105' title='bbox 1208 1495 1312 1575; x_wconf 83' lang='lat' dir='ltr'>piena</span> <span class='ocrx_word' id='word_1_106' title='bbox 1329 1503 1420 1558; x_wconf 87' lang='lat' dir='ltr'>tutta</span> 
     </span>
     <span class='ocr_line' id='line_1_11' title="bbox 192 1600 1420 1683; baseline -0.001 -17"><span class='ocrx_word' id='word_1_107' title='bbox 192 1603 230 1666; x_wconf 89' lang='lat' dir='ltr'>la</span> <span class='ocrx_word' id='word_1_108' title='bbox 245 1600 376 1679; x_wconf 82' lang='lat' dir='ltr'>chiesa,</span> <span class='ocrx_word' id='word_1_109' title='bbox 402 1605 457 1666; x_wconf 83' lang='lat' dir='ltr'>aie</span> <span class='ocrx_word' id='word_1_110' title='bbox 481 1602 664 1681; x_wconf 89' lang='lat' dir='ltr'>lachrime,</span> <span class='ocrx_word' id='word_1_111' title='bbox 690 1602 809 1683; x_wconf 82' lang='lat' dir='ltr'>percio</span> <span class='ocrx_word' id='word_1_112' title='bbox 834 1603 900 1676; x_wconf 80' lang='lat' dir='ltr'>che</span> <span class='ocrx_word' id='word_1_113' title='bbox 924 1601 1072 1665; x_wconf 81' lang='lat' dir='ltr'>insacia</span> <span class='ocrx_word' id='word_1_114' title='bbox 1097 1619 1173 1681; x_wconf 89' lang='lat' dir='ltr'>sua,</span> <span class='ocrx_word' id='word_1_115' title='bbox 1196 1619 1259 1682; x_wconf 92' lang='lat' dir='ltr'>per</span> <span class='ocrx_word' id='word_1_116' title='bbox 1280 1601 1345 1666; x_wconf 80' lang='lat' dir='ltr'>che</span> <span class='ocrx_word' id='word_1_117' title='bbox 1359 1618 1420 1667; x_wconf 86' lang='lat' dir='ltr'>era</span> 
     </span>
     <span class='ocr_line' id='line_1_12' title="bbox 190 1707 1421 1788; baseline 0.002 -18"><span class='ocrx_word' id='word_1_118' title='bbox 190 1707 353 1788; x_wconf 77' lang='lat' dir='ltr'>gionane</span> <span class='ocrx_word' id='word_1_119' title='bbox 374 1709 409 1774; x_wconf 89' lang='lat' dir='ltr'>di</span> <span class='ocrx_word' id='word_1_120' title='bbox 427 1709 477 1772; x_wconf 85' lang='lat'>22.</span> <span class='ocrx_word' id='word_1_121' title='bbox 501 1709 595 1788; x_wconf 89' lang='lat' dir='ltr'>anni,</span> <span class='ocrx_word' id='word_1_122' title='bbox 619 1709 655 1773; x_wconf 91' lang='lat' dir='ltr'>di</span> <span class='ocrx_word' id='word_1_123' title='bbox 674 1711 724 1772; x_wconf 86' lang='lat' dir='ltr'>tal</span> <span class='ocrx_word' id='word_1_124' title='bbox 743 1711 903 1774; x_wconf 85' lang='lat' dir='ltr'>maniera</span> <span class='ocrx_word' id='word_1_125' title='bbox 924 1710 955 1773; x_wconf 91' lang='lat' dir='ltr'>si</span> <span class='ocrx_word' id='word_1_126' title='bbox 977 1713 1073 1774; x_wconf 82' lang='lat' dir='ltr'>muto</span> <span class='ocrx_word' id='word_1_127' title='bbox 1096 1718 1130 1772; x_wconf 91' lang='lat' dir='ltr'>et</span> <span class='ocrx_word' id='word_1_128' title='bbox 1144 1717 1243 1772; x_wconf 85' lang='lat' dir='ltr'>tanto</span> <span class='ocrx_word' id='word_1_129' title='bbox 1264 1709 1421 1773; x_wconf 88' lang='lat' dir='ltr'>riluceua</span> 
     </span>
     <span class='ocr_line' id='line_1_13' title="bbox 194 1815 1421 1908; baseline 0 -30"><span class='ocrx_word' id='word_1_130' title='bbox 194 1815 266 1880; x_wconf 74' lang='lat' dir='ltr'>che</span> <span class='ocrx_word' id='word_1_131' title='bbox 284 1831 358 1879; x_wconf 91' lang='lat' dir='ltr'>non</span> <span class='ocrx_word' id='word_1_132' title='bbox 372 1817 432 1894; x_wconf 70' lang='lat' dir='ltr'>gia</span> <span class='ocrx_word' id='word_1_133' title='bbox 449 1826 581 1897; x_wconf 83' lang='lat' dir='ltr'>patena</span> <span class='ocrx_word' id='word_1_134' title='bbox 600 1817 766 1908; x_wconf 85' lang='lat' dir='ltr'>humana,</span> <span class='ocrx_word' id='word_1_135' title='bbox 783 1833 841 1880; x_wconf 88' lang='lat' dir='ltr'>rna</span> <span class='ocrx_word' id='word_1_136' title='bbox 859 1816 947 1880; x_wconf 88' lang='lat' dir='ltr'>bene</span> <span class='ocrx_word' id='word_1_137' title='bbox 970 1817 1143 1895; x_wconf 85' lang='lat' dir='ltr'>angelica.</span> <span class='ocrx_word' id='word_1_138' title='bbox 1169 1815 1284 1878; x_wconf 86' lang='lat' dir='ltr'>Finite</span> <span class='ocrx_word' id='word_1_139' title='bbox 1298 1824 1421 1897; x_wconf 84' lang='lat' dir='ltr'>queste</span> 
     </span>
     <span class='ocr_line' id='line_1_14' title="bbox 193 1921 1421 2004; baseline 0.002 -18"><span class='ocrx_word' id='word_1_140' title='bbox 193 1939 293 1997; x_wconf 82' lang='lat' dir='ltr'>cese,</span> <span class='ocrx_word' id='word_1_141' title='bbox 308 1939 343 1985; x_wconf 88' lang='lat' dir='ltr'>n.</span> <span class='ocrx_word' id='word_1_142' title='bbox 360 1922 469 2002; x_wconf 84' lang='lat' dir='ltr'>padre</span> <span class='ocrx_word' id='word_1_143' title='bbox 482 1922 602 2004; x_wconf 86' lang='lat' dir='ltr'>judico</span> <span class='ocrx_word' id='word_1_144' title='bbox 617 1939 716 1987; x_wconf 89' lang='lat' dir='ltr'>esser</span> <span class='ocrx_word' id='word_1_145' title='bbox 735 1924 851 1986; x_wconf 89' lang='lat' dir='ltr'>buono</span> <span class='ocrx_word' id='word_1_146' title='bbox 870 1925 1147 2004; x_wconf 86' lang='lat' dir='ltr'>acompagnarlo</span> <span class='ocrx_word' id='word_1_147' title='bbox 1166 1940 1230 2002; x_wconf 90' lang='lat' dir='ltr'>per</span> <span class='ocrx_word' id='word_1_148' title='bbox 1245 1921 1360 1986; x_wconf 89' lang='lat' dir='ltr'>insino</span> <span class='ocrx_word' id='word_1_149' title='bbox 1376 1923 1421 1988; x_wconf 85' lang='lat' dir='ltr'>ad</span> 
     </span>
     <span class='ocr_line' id='line_1_15' title="bbox 187 2027 1421 2110; baseline 0.002 -20"><span class='ocrx_word' id='word_1_150' title='bbox 187 2043 244 2091; x_wconf 79' lang='lat' dir='ltr'>nn</span> <span class='ocrx_word' id='word_1_151' title='bbox 257 2029 406 2096; x_wconf 79' lang='lat' dir='ltr'>castello</span> <span class='ocrx_word' id='word_1_152' title='bbox 418 2029 595 2093; x_wconf 85' lang='lat' dir='ltr'>chiamato</span> <span class='ocrx_word' id='word_1_153' title='bbox 611 2027 678 2092; x_wconf 73' lang='lat' dir='ltr'>S.⁸⁰</span> <span class='ocrx_word' id='word_1_154' title='bbox 692 2027 855 2109; x_wconf 90' lang='lat' dir='ltr'>Giouani,</span> <span class='ocrx_word' id='word_1_155' title='bbox 872 2029 962 2092; x_wconf 85' lang='lat' dir='ltr'>done</span> <span class='ocrx_word' id='word_1_156' title='bbox 976 2029 1024 2092; x_wconf 81' lang='lat' dir='ltr'>lui</span> <span class='ocrx_word' id='word_1_157' title='bbox 1038 2029 1218 2105; x_wconf 87' lang='lat' dir='ltr'>hauitaua,</span> <span class='ocrx_word' id='word_1_158' title='bbox 1233 2045 1305 2091; x_wconf 92' lang='lat' dir='ltr'>non</span> <span class='ocrx_word' id='word_1_159' title='bbox 1319 2037 1421 2110; x_wconf 88' lang='lat' dir='ltr'>tropo</span> 
     </span>
     <span class='ocr_line' id='line_1_16' title="bbox 187 2134 1502 2218; baseline 0.001 -21"><span class='ocrx_word' id='word_1_160' title='bbox 187 2134 351 2198; x_wconf 85' lang='lat' dir='ltr'>discosto</span> <span class='ocrx_word' id='word_1_161' title='bbox 366 2135 411 2198; x_wconf 87' lang='lat' dir='ltr'>da</span> <span class='ocrx_word' id='word_1_162' title='bbox 423 2136 594 2216; x_wconf 86' lang='lat' dir='ltr'>Bologna;</span> <span class='ocrx_word' id='word_1_163' title='bbox 611 2137 646 2200; x_wconf 83' lang='lat' dir='ltr'>la</span> <span class='ocrx_word' id='word_1_164' title='bbox 661 2137 744 2218; x_wconf 89' lang='lat' dir='ltr'>qual</span> <span class='ocrx_word' id='word_1_165' title='bbox 758 2153 843 2201; x_wconf 84' lang='lat' dir='ltr'>cosa</span> <span class='ocrx_word' id='word_1_166' title='bbox 858 2136 973 2200; x_wconf 90' lang='lat' dir='ltr'>subito</span> <span class='ocrx_word' id='word_1_167' title='bbox 988 2136 1053 2199; x_wconf 87' lang='lat' dir='ltr'>che</span> <span class='ocrx_word' id='word_1_168' title='bbox 1068 2138 1102 2199; x_wconf 85' lang='lat' dir='ltr'>la</span> <span class='ocrx_word' id='word_1_169' title='bbox 1122 2135 1302 2198; x_wconf 86' lang='lat' dir='ltr'>intessero</span> <span class='ocrx_word' id='word_1_170' title='bbox 1316 2135 1420 2216; x_wconf 80' lang='lat' dir='ltr'>quelli</span> <span class='ocrx_word' id='word_1_171' title='bbox 1495 2147 1502 2162; x_wconf 92' lang='lat'><em>·</em></span> 
     </span>
     <span class='ocr_line' id='line_1_17' title="bbox 188 2241 1420 2324; baseline 0.002 -20"><span class='ocrx_word' id='word_1_172' title='bbox 188 2241 253 2305; x_wconf 86' lang='lat' dir='ltr'>del</span> <span class='ocrx_word' id='word_1_173' title='bbox 267 2243 425 2320; x_wconf 85' lang='lat' dir='ltr'>castello,</span> <span class='ocrx_word' id='word_1_174' title='bbox 442 2245 473 2308; x_wconf 88' lang='lat' dir='ltr'>si</span> <span class='ocrx_word' id='word_1_175' title='bbox 488 2244 745 2324; x_wconf 84' lang='lat' dir='ltr'>aparechiorno</span> <span class='ocrx_word' id='word_1_176' title='bbox 760 2243 906 2307; x_wconf 87' lang='lat' dir='ltr'>insieme</span> <span class='ocrx_word' id='word_1_177' title='bbox 918 2261 987 2307; x_wconf 91' lang='lat' dir='ltr'>con</span> <span class='ocrx_word' id='word_1_178' title='bbox 999 2253 1089 2307; x_wconf 87' lang='lat' dir='ltr'>tutto</span> <span class='ocrx_word' id='word_1_179' title='bbox 1104 2242 1127 2306; x_wconf 93' lang='grc'>11</span> <span class='ocrx_word' id='word_1_180' title='bbox 1139 2244 1234 2306; x_wconf 91' lang='lat' dir='ltr'>clero</span> <span class='ocrx_word' id='word_1_181' title='bbox 1249 2251 1283 2306; x_wconf 88' lang='lat' dir='ltr'>et</span> <span class='ocrx_word' id='word_1_182' title='bbox 1298 2243 1324 2306; x_wconf 91' lang='lat' dir='ltr'>li</span> <span class='ocrx_word' id='word_1_183' title='bbox 1337 2261 1420 2306; x_wconf 88' lang='lat' dir='ltr'>ven·</span> 
     </span>
     <span class='ocr_line' id='line_1_18' title="bbox 194 2349 1421 2429; baseline 0.002 -19"><span class='ocrx_word' id='word_1_184' title='bbox 194 2365 283 2412; x_wconf 84' lang='lat' dir='ltr'>nero</span> <span class='ocrx_word' id='word_1_185' title='bbox 304 2349 340 2414; x_wconf 79' lang='lat' dir='ltr'>a}</span> <span class='ocrx_word' id='word_1_186' title='bbox 364 2351 505 2414; x_wconf 87' lang='lat' dir='ltr'>intorno</span> <span class='ocrx_word' id='word_1_187' title='bbox 530 2351 611 2429; x_wconf 76' lang='lat' dir='ltr'>(sic)</span> <span class='ocrx_word' id='word_1_188' title='bbox 635 2349 728 2414; x_wconf 85' lang='lat' dir='ltr'>fuori</span> <span class='ocrx_word' id='word_1_189' title='bbox 752 2350 808 2414; x_wconf 89' lang='lat' dir='ltr'>del</span> <span class='ocrx_word' id='word_1_190' title='bbox 834 2351 980 2415; x_wconf 80' lang='lat' dir='ltr'>castello</span> <span class='ocrx_word' id='word_1_191' title='bbox 1002 2361 1036 2413; x_wconf 89' lang='lat' dir='ltr'>et</span> <span class='ocrx_word' id='word_1_192' title='bbox 1061 2352 1094 2414; x_wconf 89' lang='grc' dir='ltr'><strong>1ο</strong></span> <span class='ocrx_word' id='word_1_193' title='bbox 1120 2349 1337 2413; x_wconf 85' lang='lat' dir='ltr'>condussero</span> <span class='ocrx_word' id='word_1_194' title='bbox 1363 2351 1421 2413; x_wconf 80' lang='lat' dir='ltr'>ala</span> 
     </span>
     <span class='ocr_line' id='line_1_19' title="bbox 186 2455 1420 2538; baseline 0.002 -20"><span class='ocrx_word' id='word_1_195' title='bbox 186 2455 395 2520; x_wconf 72' lang='lat' dir='ltr'>entesacon</span> <span class='ocrx_word' id='word_1_196' title='bbox 410 2457 546 2536; x_wconf 85' lang='lat' dir='ltr'>grande</span> <span class='ocrx_word' id='word_1_197' title='bbox 564 2459 694 2522; x_wconf 85' lang='lat' dir='ltr'>trionfo</span> <span class='ocrx_word' id='word_1_198' title='bbox 714 2466 749 2522; x_wconf 90' lang='lat' dir='ltr'>et</span> <span class='ocrx_word' id='word_1_199' title='bbox 769 2459 962 2536; x_wconf 84' lang='lat' dir='ltr'>allegrezza</span> <span class='ocrx_word' id='word_1_200' title='bbox 987 2459 1080 2520; x_wconf 85' lang='lat' dir='ltr'>nella</span> <span class='ocrx_word' id='word_1_201' title='bbox 1100 2459 1204 2538; x_wconf 84' lang='lat' dir='ltr'>quale</span> <span class='ocrx_word' id='word_1_202' title='bbox 1222 2475 1258 2520; x_wconf 92' lang='lat' dir='ltr'>n.</span> <span class='ocrx_word' id='word_1_203' title='bbox 1273 2455 1384 2537; x_wconf 88' lang='lat' dir='ltr'>padre</span> <span class='ocrx_word' id='word_1_204' title='bbox 1399 2473 1420 2520; x_wconf 83' lang='lat' dir='ltr'>a</span> 
     </span>
     <span class='ocr_line' id='line_1_20' title="bbox 190 2563 1419 2645; baseline 0 -19"><span class='ocrx_word' id='word_1_205' title='bbox 190 2563 350 2628; x_wconf 79' lang='lat' dir='ltr'>riohosta</span> <span class='ocrx_word' id='word_1_206' title='bbox 365 2563 409 2627; x_wconf 89' lang='lat' dir='ltr'>de</span> <span class='ocrx_word' id='word_1_207' title='bbox 424 2565 436 2627; x_wconf 94' lang='grc'><strong>1</strong></span> <span class='ocrx_word' id='word_1_208' title='bbox 450 2565 555 2645; x_wconf 90' lang='lat' dir='ltr'>primi</span> <span class='ocrx_word' id='word_1_209' title='bbox 580 2565 635 2628; x_wconf 90' lang='lat' dir='ltr'>del</span> <span class='ocrx_word' id='word_1_210' title='bbox 661 2567 808 2628; x_wconf 89' lang='lat' dir='ltr'>castello</span> <span class='ocrx_word' id='word_1_211' title='bbox 832 2564 986 2645; x_wconf 82' lang='lat' dir='ltr'>predico;</span> <span class='ocrx_word' id='word_1_212' title='bbox 1013 2564 1105 2628; x_wconf 88' lang='lat' dir='ltr'>doue</span> <span class='ocrx_word' id='word_1_213' title='bbox 1129 2581 1299 2628; x_wconf 87' lang='lat' dir='ltr'>concorse</span> <span class='ocrx_word' id='word_1_214' title='bbox 1319 2572 1419 2628; x_wconf 85' lang='lat' dir='ltr'>tanta</span> 
     </span>
     <span class='ocr_line' id='line_1_21' title="bbox 193 2670 1419 2754; baseline 0.001 -21"><span class='ocrx_word' id='word_1_215' title='bbox 193 2670 416 2736; x_wconf 82' lang='lat' dir='ltr'>multitudine</span> <span class='ocrx_word' id='word_1_216' title='bbox 427 2673 463 2735; x_wconf 90' lang='lat' dir='ltr'>di</span> <span class='ocrx_word' id='word_1_217' title='bbox 477 2682 583 2752; x_wconf 88' lang='lat' dir='ltr'>gente</span> <span class='ocrx_word' id='word_1_218' title='bbox 595 2672 660 2736; x_wconf 86' lang='lat' dir='ltr'>che</span> <span class='ocrx_word' id='word_1_219' title='bbox 682 2673 712 2736; x_wconf 91' lang='lat' dir='ltr'>si</span> <span class='ocrx_word' id='word_1_220' title='bbox 730 2687 945 2754; x_wconf 89' lang='lat' dir='ltr'>premeuano</span> <span class='ocrx_word' id='word_1_221' title='bbox 961 2672 1010 2752; x_wconf 84' lang='lat' dir='ltr'>gli</span> <span class='ocrx_word' id='word_1_222' title='bbox 1033 2671 1093 2735; x_wconf 90' lang='lat' dir='ltr'>uni</span> <span class='ocrx_word' id='word_1_223' title='bbox 1114 2681 1148 2736; x_wconf 90' lang='lat' dir='ltr'>et</span> <span class='ocrx_word' id='word_1_224' title='bbox 1166 2673 1213 2750; x_wconf 88' lang='lat' dir='ltr'>gl‘</span> <span class='ocrx_word' id='word_1_225' title='bbox 1231 2672 1312 2736; x_wconf 86' lang='lat' dir='ltr'>altri</span> <span class='ocrx_word' id='word_1_226' title='bbox 1326 2671 1419 2735; x_wconf 81' lang='lat' dir='ltr'>nella</span> 
     </span>
     <span class='ocr_line' id='line_1_22' title="bbox 186 2777 1420 2861; baseline 0.001 -20"><span class='ocrx_word' id='word_1_227' title='bbox 186 2777 328 2857; x_wconf 60' lang='lat' dir='ltr'>diesin</span> <span class='ocrx_word' id='word_1_228' title='bbox 345 2780 436 2842; x_wconf 88' lang='lat' dir='ltr'>nella</span> <span class='ocrx_word' id='word_1_229' title='bbox 452 2780 535 2861; x_wconf 88' lang='lat' dir='ltr'>qual</span> <span class='ocrx_word' id='word_1_230' title='bbox 551 2778 694 2860; x_wconf 87' lang='lat' dir='ltr'>predica</span> <span class='ocrx_word' id='word_1_231' title='bbox 710 2781 775 2843; x_wconf 91' lang='lat' dir='ltr'>che</span> <span class='ocrx_word' id='word_1_232' title='bbox 787 2779 836 2843; x_wconf 89' lang='lat' dir='ltr'>ini</span> <span class='ocrx_word' id='word_1_233' title='bbox 847 2779 922 2843; x_wconf 81' lang='lat' dir='ltr'>fece</span> <span class='ocrx_word' id='word_1_234' title='bbox 933 2787 967 2843; x_wconf 90' lang='lat' dir='ltr'>et</span> <span class='ocrx_word' id='word_1_235' title='bbox 979 2780 1070 2843; x_wconf 85' lang='lat' dir='ltr'>nelle</span> <span class='ocrx_word' id='word_1_236' title='bbox 1084 2779 1172 2842; x_wconf 86' lang='lat' dir='ltr'>altre</span> <span class='ocrx_word' id='word_1_237' title='bbox 1184 2783 1260 2842; x_wconf 86' lang='lat' dir='ltr'>cosi</span> <span class='ocrx_word' id='word_1_238' title='bbox 1272 2779 1420 2860; x_wconf 82' lang='lat' dir='ltr'>piaeque</span> 
     </span>
     <span class='ocr_line' id='line_1_23' title="bbox 188 2886 1419 2967; baseline 0 -19"><span class='ocrx_word' id='word_1_239' title='bbox 188 2893 231 2948; x_wconf 76' lang='lat' dir='ltr'>et</span> <span class='ocrx_word' id='word_1_240' title='bbox 246 2887 321 2948; x_wconf 85' lang='lat' dir='ltr'>cosi</span> <span class='ocrx_word' id='word_1_241' title='bbox 334 2886 456 2949; x_wconf 81' lang='lat' dir='ltr'>diletto</span> <span class='ocrx_word' id='word_1_242' title='bbox 471 2887 578 2967; x_wconf 88' lang='lat' dir='ltr'>quelli</span> <span class='ocrx_word' id='word_1_243' title='bbox 592 2888 700 2950; x_wconf 85' lang='lat' dir='ltr'>animi</span> <span class='ocrx_word' id='word_1_244' title='bbox 715 2886 781 2950; x_wconf 89' lang='lat' dir='ltr'>che</span> <span class='ocrx_word' id='word_1_245' title='bbox 796 2905 840 2950; x_wconf 89' lang='lat' dir='ltr'>ne</span> <span class='ocrx_word' id='word_1_246' title='bbox 854 2900 994 2950; x_wconf 89' lang='lat' dir='ltr'>monete</span> <span class='ocrx_word' id='word_1_247' title='bbox 1009 2886 1107 2950; x_wconf 87' lang='lat' dir='ltr'>molti</span> <span class='ocrx_word' id='word_1_248' title='bbox 1125 2894 1160 2949; x_wconf 91' lang='lat' dir='ltr'>et</span> <span class='ocrx_word' id='word_1_249' title='bbox 1180 2887 1203 2950; x_wconf 95' lang='grc'>11</span> <span class='ocrx_word' id='word_1_250' title='bbox 1222 2886 1384 2967; x_wconf 88' lang='lat' dir='ltr'>suspinse</span> <span class='ocrx_word' id='word_1_251' title='bbox 1399 2903 1419 2950; x_wconf 84' lang='grc' dir='ltr'>ιι</span> 
     </span>
     <span class='ocr_line' id='line_1_24' title="bbox 192 2991 1419 3074; baseline 0.001 -20"><span class='ocrx_word' id='word_1_252' title='bbox 192 2991 323 3072; x_wconf 84' lang='lat' dir='ltr'>pigiiar</span> <span class='ocrx_word' id='word_1_253' title='bbox 339 3011 457 3056; x_wconf 85' lang='lat' dir='ltr'>nuoua</span> <span class='ocrx_word' id='word_1_254' title='bbox 473 2995 632 3058; x_wconf 85' lang='lat' dir='ltr'>maniera</span> <span class='ocrx_word' id='word_1_255' title='bbox 652 2992 837 3072; x_wconf 82' lang='lat' dir='ltr'>di·viuere;</span> <span class='ocrx_word' id='word_1_256' title='bbox 864 3002 899 3056; x_wconf 88' lang='lat' dir='ltr'>et</span> <span class='ocrx_word' id='word_1_257' title='bbox 917 2995 941 3057; x_wconf 92' lang='grc'>11</span> <span class='ocrx_word' id='word_1_258' title='bbox 962 2993 1065 3074; x_wconf 84' lang='grc' dir='ltr'>ρι1ιιι1</span> <span class='ocrx_word' id='word_1_259' title='bbox 1083 2991 1188 3056; x_wconf 83' lang='grc' dir='ltr'><strong>1ιιιοιι</strong></span> <span class='ocrx_word' id='word_1_260' title='bbox 1207 2993 1290 3056; x_wconf 86' lang='lat' dir='ltr'>duni</span> <span class='ocrx_word' id='word_1_261' title='bbox 1304 3008 1419 3056; x_wconf 88' lang='lat' dir='ltr'>sacer·</span> 
     </span>
     <span class='ocr_line' id='line_1_25' title="bbox 185 3086 1418 3180; baseline 0.002 -21"><span class='ocrx_word' id='word_1_262' title='bbox 185 3097 279 3174; x_wconf 84' lang='lat' dir='ltr'>doti,</span> <span class='ocrx_word' id='word_1_263' title='bbox 295 3099 329 3161; x_wconf 88' lang='lat' dir='ltr'>la</span> <span class='ocrx_word' id='word_1_264' title='bbox 344 3086 465 3162; x_wconf 67' lang='lat' dir='ltr'>nita&#39;et</span> <span class='ocrx_word' id='word_1_265' title='bbox 481 3099 631 3164; x_wconf 87' lang='lat' dir='ltr'>costumi</span> <span class='ocrx_word' id='word_1_266' title='bbox 646 3100 689 3163; x_wconf 89' lang='lat' dir='ltr'>de</span> <span class='ocrx_word' id='word_1_267' title='bbox 705 3099 716 3163; x_wconf 92' lang='lat' dir='ltr'>i</span> <span class='ocrx_word' id='word_1_268' title='bbox 731 3100 827 3180; x_wconf 86' lang='lat' dir='ltr'>quali</span> <span class='ocrx_word' id='word_1_269' title='bbox 841 3116 1048 3180; x_wconf 87' lang='lat' dir='ltr'>porgeuano</span> <span class='ocrx_word' id='word_1_270' title='bbox 1063 3099 1199 3179; x_wconf 84' lang='lat' dir='ltr'>grande</span> <span class='ocrx_word' id='word_1_271' title='bbox 1212 3097 1382 3163; x_wconf 88' lang='lat' dir='ltr'>libertade</span> <span class='ocrx_word' id='word_1_272' title='bbox 1398 3116 1418 3161; x_wconf 90' lang='lat' dir='ltr'>a</span> 
     </span>
     <span class='ocr_line' id='line_1_26' title="bbox 186 3203 1418 3287; baseline 0.003 -21"><span class='ocrx_word' id='word_1_273' title='bbox 186 3203 245 3282; x_wconf 81' lang='lat' dir='ltr'>gli</span> <span class='ocrx_word' id='word_1_274' title='bbox 256 3205 336 3267; x_wconf 86' lang='lat' dir='ltr'>altri</span> <span class='ocrx_word' id='word_1_275' title='bbox 352 3203 387 3268; x_wconf 93' lang='lat' dir='ltr'>di</span> <span class='ocrx_word' id='word_1_276' title='bbox 400 3207 558 3270; x_wconf 75' lang='lat' dir='ltr'>moliare:</span> <span class='ocrx_word' id='word_1_277' title='bbox 576 3206 737 3270; x_wconf 80' lang='lat' dir='ltr'>methora</span> <span class='ocrx_word' id='word_1_278' title='bbox 755 3223 818 3287; x_wconf 90' lang='lat' dir='ltr'>per</span> <span class='ocrx_word' id='word_1_279' title='bbox 844 3207 961 3285; x_wconf 86' lang='lat' dir='ltr'>gratia</span> <span class='ocrx_word' id='word_1_280' title='bbox 980 3205 1028 3268; x_wconf 93' lang='lat' dir='ltr'>dil</span> <span class='ocrx_word' id='word_1_281' title='bbox 1048 3204 1116 3270; x_wconf 61' lang='lat'>850</span> <span class='ocrx_word' id='word_1_282' title='bbox 1128 3205 1253 3269; x_wconf 87' lang='lat' dir='ltr'>aiutati</span> <span class='ocrx_word' id='word_1_283' title='bbox 1268 3205 1418 3284; x_wconf 88' lang='lat' dir='ltr'>grande·</span> 
     </span>
     <span class='ocr_line' id='line_1_27' title="bbox 192 3311 1419 3394; baseline 0.002 -20"><span class='ocrx_word' id='word_1_284' title='bbox 192 3321 309 3376; x_wconf 86' lang='lat' dir='ltr'>mente</span> <span class='ocrx_word' id='word_1_285' title='bbox 324 3311 382 3375; x_wconf 89' lang='lat' dir='ltr'>dal</span> <span class='ocrx_word' id='word_1_286' title='bbox 393 3311 460 3375; x_wconf 80' lang='lat' dir='ltr'>S.re</span> <span class='ocrx_word' id='word_1_287' title='bbox 477 3329 538 3393; x_wconf 87' lang='lat' dir='ltr'>per</span> <span class='ocrx_word' id='word_1_288' title='bbox 553 3313 577 3376; x_wconf 92' lang='grc'>11</span> <span class='ocrx_word' id='word_1_289' title='bbox 592 3314 750 3392; x_wconf 86' lang='lat' dir='ltr'>consegii</span> <span class='ocrx_word' id='word_1_290' title='bbox 765 3313 799 3376; x_wconf 92' lang='lat' dir='ltr'>di</span> <span class='ocrx_word' id='word_1_291' title='bbox 821 3331 855 3376; x_wconf 93' lang='lat' dir='ltr'>n.</span> <span class='ocrx_word' id='word_1_292' title='bbox 876 3311 997 3394; x_wconf 88' lang='lat' dir='ltr'>padre,</span> <span class='ocrx_word' id='word_1_293' title='bbox 1021 3313 1160 3377; x_wconf 84' lang='lat' dir='ltr'>lasciati</span> <span class='ocrx_word' id='word_1_294' title='bbox 1179 3314 1203 3375; x_wconf 93' lang='grc'>11</span> <span class='ocrx_word' id='word_1_295' title='bbox 1225 3312 1370 3392; x_wconf 89' lang='lat' dir='ltr'>giuochi</span> <span class='ocrx_word' id='word_1_296' title='bbox 1383 3324 1419 3376; x_wconf 89' lang='lat' dir='ltr'>et</span> 
     </span>
     <span class='ocr_line' id='line_1_28' title="bbox 188 3401 1418 3500; baseline 0.002 -20"><span class='ocrx_word' id='word_1_297' title='bbox 188 3417 277 3481; x_wconf 81' lang='lat' dir='ltr'>balli</span> <span class='ocrx_word' id='word_1_298' title='bbox 290 3428 324 3482; x_wconf 89' lang='lat' dir='ltr'>et</span> <span class='ocrx_word' id='word_1_299' title='bbox 340 3420 371 3480; x_wconf 86' lang='lat' dir='ltr'>ie</span> <span class='ocrx_word' id='word_1_300' title='bbox 386 3419 588 3483; x_wconf 88' lang='lat' dir='ltr'>dishoneste</span> <span class='ocrx_word' id='word_1_301' title='bbox 610 3430 644 3483; x_wconf 91' lang='lat' dir='ltr'>et</span> <span class='ocrx_word' id='word_1_302' title='bbox 669 3422 801 3484; x_wconf 85' lang='lat' dir='ltr'>lasciue</span> <span class='ocrx_word' id='word_1_303' title='bbox 827 3419 1037 3500; x_wconf 86' lang='lat' dir='ltr'>compagnie</span> <span class='ocrx_word' id='word_1_304' title='bbox 1053 3419 1096 3482; x_wconf 90' lang='lat' dir='ltr'>de</span> <span class='ocrx_word' id='word_1_305' title='bbox 1118 3401 1297 3498; x_wconf 89' lang='lat' dir='ltr'>mondani,</span> <span class='ocrx_word' id='word_1_306' title='bbox 1320 3436 1359 3482; x_wconf 91' lang='lat' dir='ltr'>se</span> <span class='ocrx_word' id='word_1_307' title='bbox 1373 3437 1418 3482; x_wconf 89' lang='lat' dir='ltr'>ne</span> 
     </span>
     <span class='ocr_line' id='line_1_29' title="bbox 191 3524 1419 3606; baseline 0.002 -19"><span class='ocrx_word' id='word_1_308' title='bbox 191 3524 326 3588; x_wconf 86' lang='lat' dir='ltr'>viuono</span> <span class='ocrx_word' id='word_1_309' title='bbox 350 3526 516 3606; x_wconf 86' lang='lat' dir='ltr'>religiosa</span> <span class='ocrx_word' id='word_1_310' title='bbox 537 3538 572 3591; x_wconf 89' lang='lat' dir='ltr'>et</span> <span class='ocrx_word' id='word_1_311' title='bbox 596 3537 828 3590; x_wconf 87' lang='lat' dir='ltr'>santamente.</span> <span class='ocrx_word' id='word_1_312' title='bbox 856 3525 960 3606; x_wconf 84' lang='lat' dir='ltr'>Quini</span> <span class='ocrx_word' id='word_1_313' title='bbox 990 3543 1122 3589; x_wconf 86' lang='lat' dir='ltr'>ancora</span> <span class='ocrx_word' id='word_1_314' title='bbox 1153 3544 1187 3588; x_wconf 93' lang='lat' dir='ltr'>n.</span> <span class='ocrx_word' id='word_1_315' title='bbox 1210 3526 1321 3606; x_wconf 90' lang='lat' dir='ltr'>padre</span> <span class='ocrx_word' id='word_1_316' title='bbox 1343 3525 1419 3590; x_wconf 81' lang='lat' dir='ltr'>fece</span> 
     </span>
     <span class='ocr_line' id='line_1_30' title="bbox 191 3632 1417 3713; baseline 0 -19"><span class='ocrx_word' id='word_1_317' title='bbox 191 3647 267 3695; x_wconf 80' lang='lat' dir='ltr'>vna</span> <span class='ocrx_word' id='word_1_318' title='bbox 280 3649 369 3712; x_wconf 87' lang='lat' dir='ltr'>pace</span> <span class='ocrx_word' id='word_1_319' title='bbox 385 3645 439 3696; x_wconf 91' lang='lat' dir='ltr'>tra</span> <span class='ocrx_word' id='word_1_320' title='bbox 460 3634 484 3696; x_wconf 94' lang='lat' dir='ltr'>il</span> <span class='ocrx_word' id='word_1_321' title='bbox 504 3634 613 3713; x_wconf 88' lang='lat' dir='ltr'>padre</span> <span class='ocrx_word' id='word_1_322' title='bbox 632 3643 667 3696; x_wconf 89' lang='lat' dir='ltr'>et</span> <span class='ocrx_word' id='word_1_323' title='bbox 685 3635 709 3696; x_wconf 90' lang='lat' dir='ltr'>il</span> <span class='ocrx_word' id='word_1_324' title='bbox 732 3632 899 3712; x_wconf 86' lang='lat' dir='ltr'>figliuolo,</span> <span class='ocrx_word' id='word_1_325' title='bbox 925 3634 959 3696; x_wconf 86' lang='lat' dir='ltr'>la</span> <span class='ocrx_word' id='word_1_326' title='bbox 985 3634 1088 3712; x_wconf 82' lang='lat' dir='ltr'>quale</span> <span class='ocrx_word' id='word_1_327' title='bbox 1110 3633 1208 3696; x_wconf 87' lang='lat' dir='ltr'>molti</span> <span class='ocrx_word' id='word_1_328' title='bbox 1230 3632 1417 3696; x_wconf 88' lang='lat' dir='ltr'>hauenano</span> 
     </span>
     <span class='ocr_line' id='line_1_31' title="bbox 190 3733 1418 3819; baseline 0.003 -19"><span class='ocrx_word' id='word_1_329' title='bbox 190 3738 390 3818; x_wconf 74' lang='lat' dir='ltr'>probaton</span> <span class='ocrx_word' id='word_1_330' title='bbox 407 3738 509 3818; x_wconf 82' lang='lat' dir='ltr'>faria,</span> <span class='ocrx_word' id='word_1_331' title='bbox 539 3757 612 3803; x_wconf 92' lang='lat' dir='ltr'>non</span> <span class='ocrx_word' id='word_1_332' title='bbox 640 3739 780 3803; x_wconf 84' lang='lat' dir='ltr'>dimetro</span> <span class='ocrx_word' id='word_1_333' title='bbox 809 3733 880 3803; x_wconf 82' lang='lat' dir='ltr'>noh</span> <span class='ocrx_word' id='word_1_334' title='bbox 906 3741 1091 3804; x_wconf 85' lang='lat' dir='ltr'>haueuano</span> <span class='ocrx_word' id='word_1_335' title='bbox 1120 3747 1242 3819; x_wconf 92' lang='lat' dir='ltr'>potuto</span> <span class='ocrx_word' id='word_1_336' title='bbox 1274 3756 1336 3819; x_wconf 89' lang='lat' dir='ltr'>per</span> <span class='ocrx_word' id='word_1_337' title='bbox 1357 3738 1418 3818; x_wconf 79' lang='lat' dir='ltr'>piit</span> 
     </span>
     <span class='ocr_line' id='line_1_32' title="bbox 190 3843 1417 3928; baseline 0.001 -22"><span class='ocrx_word' id='word_1_338' title='bbox 190 3843 344 3924; x_wconf 87' lang='lat' dir='ltr'>rispetti,</span> <span class='ocrx_word' id='word_1_339' title='bbox 362 3863 420 3910; x_wconf 90' lang='lat' dir='ltr'>ma</span> <span class='ocrx_word' id='word_1_340' title='bbox 435 3863 514 3909; x_wconf 91' lang='lat' dir='ltr'>esso</span> <span class='ocrx_word' id='word_1_341' title='bbox 530 3864 597 3910; x_wconf 91' lang='lat' dir='ltr'>con</span> <span class='ocrx_word' id='word_1_342' title='bbox 611 3864 702 3928; x_wconf 84' lang='lat' dir='ltr'>gran</span> <span class='ocrx_word' id='word_1_343' title='bbox 714 3846 849 3910; x_wconf 65' lang='lat' dir='ltr'>faciliter</span> <span class='ocrx_word' id='word_1_344' title='bbox 860 3856 895 3910; x_wconf 89' lang='lat' dir='ltr'>et</span> <span class='ocrx_word' id='word_1_345' title='bbox 906 3847 1020 3927; x_wconf 90' lang='lat' dir='ltr'>poche</span> <span class='ocrx_word' id='word_1_346' title='bbox 1031 3847 1155 3926; x_wconf 84' lang='lat' dir='ltr'>parole</span> <span class='ocrx_word' id='word_1_347' title='bbox 1166 3848 1201 3909; x_wconf 86' lang='lat' dir='ltr'>la</span> <span class='ocrx_word' id='word_1_348' title='bbox 1213 3845 1417 3909; x_wconf 87' lang='lat' dir='ltr'>conchiuse.</span> 
     </span>
     <span class='ocr_line' id='line_1_33' title="bbox 188 3949 1418 4034; baseline 0.002 -21"><span class='ocrx_word' id='word_1_349' title='bbox 188 3949 315 4014; x_wconf 82' lang='lat' dir='ltr'>Furon</span> <span class='ocrx_word' id='word_1_350' title='bbox 329 3951 361 4014; x_wconf 87' lang='lat' dir='ltr'>le</span> <span class='ocrx_word' id='word_1_351' title='bbox 375 3951 601 4032; x_wconf 83' lang='lat' dir='ltr'>confessioni,</span> <span class='ocrx_word' id='word_1_352' title='bbox 619 3955 684 4018; x_wconf 89' lang='lat' dir='ltr'>che</span> <span class='ocrx_word' id='word_1_353' title='bbox 699 3956 734 4017; x_wconf 68' lang='lat' dir='ltr'>id</span> <span class='ocrx_word' id='word_1_354' title='bbox 747 3955 888 4031; x_wconf 89' lang='lat' dir='ltr'>intesse,</span> <span class='ocrx_word' id='word_1_355' title='bbox 905 3954 964 4034; x_wconf 79' lang='lat' dir='ltr'>piit</span> <span class='ocrx_word' id='word_1_356' title='bbox 986 3952 1021 4016; x_wconf 92' lang='lat' dir='ltr'>di</span> <span class='ocrx_word' id='word_1_357' title='bbox 1032 3963 1215 4033; x_wconf 87' lang='lat' dir='ltr'>qoarenta,</span> <span class='ocrx_word' id='word_1_358' title='bbox 1232 3953 1310 4015; x_wconf 76' lang='lat' dir='ltr'>nete</span> <span class='ocrx_word' id='word_1_359' title='bbox 1322 3953 1418 4033; x_wconf 83' lang='lat' dir='ltr'>quali</span> 
     </span>
     <span class='ocr_line' id='line_1_34' title="bbox 185 4056 1419 4142; baseline 0.004 -24"><span class='ocrx_word' id='word_1_360' title='bbox 185 4056 311 4122; x_wconf 74' lang='lat' dir='ltr'>fecero</span> <span class='ocrx_word' id='word_1_361' title='bbox 326 4059 461 4138; x_wconf 87' lang='lat' dir='ltr'>grande</span> <span class='ocrx_word' id='word_1_362' title='bbox 476 4060 569 4124; x_wconf 85' lang='lat' dir='ltr'>fruto</span> <span class='ocrx_word' id='word_1_363' title='bbox 584 4063 698 4142; x_wconf 87' lang='lat' dir='ltr'>quelle</span> <span class='ocrx_word' id='word_1_364' title='bbox 713 4060 881 4124; x_wconf 87' lang='lat' dir='ltr'>benedete</span> <span class='ocrx_word' id='word_1_365' title='bbox 901 4061 1028 4138; x_wconf 89' lang='lat' dir='ltr'>anime,</span> <span class='ocrx_word' id='word_1_366' title='bbox 1051 4063 1082 4123; x_wconf 88' lang='lat' dir='ltr'>le</span> <span class='ocrx_word' id='word_1_367' title='bbox 1100 4061 1204 4140; x_wconf 88' lang='lat' dir='ltr'>quale</span> <span class='ocrx_word' id='word_1_368' title='bbox 1218 4061 1337 4122; x_wconf 86' lang='lat' dir='ltr'>hanno</span> <span class='ocrx_word' id='word_1_369' title='bbox 1358 4060 1419 4140; x_wconf 81' lang='lat' dir='ltr'>piir</span> 
     </span>
     <span class='ocr_line' id='line_1_35' title="bbox 189 4163 1418 4247; baseline 0.004 -22"><span class='ocrx_word' id='word_1_370' title='bbox 189 4163 345 4244; x_wconf 84' lang='lat' dir='ltr'>bisogno</span> <span class='ocrx_word' id='word_1_371' title='bbox 361 4165 396 4228; x_wconf 94' lang='lat' dir='ltr'>di</span> <span class='ocrx_word' id='word_1_372' title='bbox 410 4165 505 4228; x_wconf 89' lang='lat' dir='ltr'>buon</span> <span class='ocrx_word' id='word_1_373' title='bbox 521 4177 664 4247; x_wconf 89' lang='lat' dir='ltr'>pastore</span> <span class='ocrx_word' id='word_1_374' title='bbox 684 4167 748 4230; x_wconf 91' lang='lat' dir='ltr'>che</span> <span class='ocrx_word' id='word_1_375' title='bbox 767 4166 845 4231; x_wconf 89' lang='lat' dir='ltr'>delo</span> <span class='ocrx_word' id='word_1_376' title='bbox 860 4168 969 4230; x_wconf 88' lang='lat' dir='ltr'>isteso</span> <span class='ocrx_word' id='word_1_377' title='bbox 987 4167 1065 4232; x_wconf 93' lang='lat' dir='ltr'>cibo</span> <span class='ocrx_word' id='word_1_378' title='bbox 1080 4168 1146 4231; x_wconf 90' lang='lat' dir='ltr'>che</span> <span class='ocrx_word' id='word_1_379' title='bbox 1166 4167 1325 4247; x_wconf 88' lang='lat' dir='ltr'>pigliano</span> <span class='ocrx_word' id='word_1_380' title='bbox 1341 4183 1418 4230; x_wconf 86' lang='lat' dir='ltr'>cor·</span> 
     </span>
     <span class='ocr_line' id='line_1_36' title="bbox 189 4271 1418 4354; baseline 0.002 -21"><span class='ocrx_word' id='word_1_381' title='bbox 189 4273 325 4348; x_wconf 80' lang='lat' dir='ltr'>potale.</span> <span class='ocrx_word' id='word_1_382' title='bbox 346 4271 432 4350; x_wconf 89' lang='lat' dir='ltr'>Hor,</span> <span class='ocrx_word' id='word_1_383' title='bbox 454 4272 595 4354; x_wconf 83' lang='lat' dir='ltr'>quando</span> <span class='ocrx_word' id='word_1_384' title='bbox 617 4291 681 4337; x_wconf 89' lang='lat' dir='ltr'>sua</span> <span class='ocrx_word' id='word_1_385' title='bbox 706 4273 768 4337; x_wconf 59' lang='lat' dir='ltr'>Ro</span> <span class='ocrx_word' id='word_1_386' title='bbox 788 4272 825 4337; x_wconf 86' lang='lat' dir='ltr'>sn</span> <span class='ocrx_word' id='word_1_387' title='bbox 840 4290 903 4353; x_wconf 88' lang='lat' dir='ltr'>per</span> <span class='ocrx_word' id='word_1_388' title='bbox 918 4274 1072 4354; x_wconf 87' lang='lat' dir='ltr'>partirsi,</span> <span class='ocrx_word' id='word_1_389' title='bbox 1090 4274 1189 4336; x_wconf 88' lang='lat' dir='ltr'>molti</span> <span class='ocrx_word' id='word_1_390' title='bbox 1206 4273 1249 4338; x_wconf 88' lang='lat' dir='ltr'>de</span> <span class='ocrx_word' id='word_1_391' title='bbox 1269 4273 1294 4336; x_wconf 94' lang='grc'>11</span> <span class='ocrx_word' id='word_1_392' title='bbox 1312 4273 1418 4354; x_wconf 88' lang='lat' dir='ltr'>primi</span> 
     </span>
     <span class='ocr_line' id='line_1_37' title="bbox 184 4381 1418 4461; baseline 0.002 -22"><span class='ocrx_word' id='word_1_393' title='bbox 184 4387 421 4442; x_wconf 89' lang='lat' dir='ltr'>stretamente</span> <span class='ocrx_word' id='word_1_394' title='bbox 435 4381 469 4442; x_wconf 85' lang='lat' dir='ltr'>la</span> <span class='ocrx_word' id='word_1_395' title='bbox 491 4396 696 4461; x_wconf 85' lang='lat' dir='ltr'>pregauano</span> <span class='ocrx_word' id='word_1_396' title='bbox 716 4381 782 4444; x_wconf 89' lang='lat' dir='ltr'>che</span> <span class='ocrx_word' id='word_1_397' title='bbox 802 4383 941 4444; x_wconf 90' lang='lat' dir='ltr'>volesse</span> <span class='ocrx_word' id='word_1_398' title='bbox 969 4389 1083 4443; x_wconf 80' lang='lat' dir='ltr'>restat</span> <span class='ocrx_word' id='word_1_399' title='bbox 1108 4398 1175 4444; x_wconf 90' lang='lat' dir='ltr'>con</span> <span class='ocrx_word' id='word_1_400' title='bbox 1194 4382 1271 4444; x_wconf 90' lang='lat' dir='ltr'>loro</span> <span class='ocrx_word' id='word_1_401' title='bbox 1293 4396 1418 4445; x_wconf 90' lang='lat' dir='ltr'>ouero</span> 
     </span>
    </p>
   </div>
   <div class='ocr_carea' id='block_1_4' title="bbox 187 4653 1417 4784">
    <p class='ocr_par' dir='ltr' id='par_1_4' title="bbox 187 4653 1417 4784">
     <span class='ocr_line' id='line_1_38' title="bbox 234 4653 1417 4714; baseline 0.004 -17"><span class='ocrx_word' id='word_1_402' title='bbox 234 4653 242 4685; x_wconf 84' lang='lat'><strong>¹</strong></span> <span class='ocrx_word' id='word_1_403' title='bbox 269 4653 297 4698; x_wconf 85' lang='grc' dir='ltr'>Ρ.</span> <span class='ocrx_word' id='word_1_404' title='bbox 306 4654 418 4708; x_wconf 75' lang='lat' dir='ltr'>Jonnnes</span> <span class='ocrx_word' id='word_1_405' title='bbox 433 4655 591 4701; x_wconf 75' lang='lat' dir='ltr'>Laurentius</span> <span class='ocrx_word' id='word_1_406' title='bbox 611 4658 660 4702; x_wconf 83' lang='lat' dir='ltr'>hoe</span> <span class='ocrx_word' id='word_1_407' title='bbox 678 4659 734 4712; x_wconf 85' lang='lat' dir='ltr'>ipso</span> <span class='ocrx_word' id='word_1_408' title='bbox 752 4669 819 4702; x_wconf 81' lang='grc' dir='ltr'><strong>ιιιιιο</strong></span> <span class='ocrx_word' id='word_1_409' title='bbox 833 4658 867 4702; x_wconf 80' lang='lat' dir='ltr'>ad</span> <span class='ocrx_word' id='word_1_410' title='bbox 884 4658 1056 4703; x_wconf 72' lang='lat' dir='ltr'>sacerdotium</span> <span class='ocrx_word' id='word_1_411' title='bbox 1070 4665 1212 4714; x_wconf 80' lang='lat' dir='ltr'>promotus.</span> <span class='ocrx_word' id='word_1_412' title='bbox 1222 4657 1289 4701; x_wconf 88' lang='lat' dir='ltr'>Vide</span> <span class='ocrx_word' id='word_1_413' title='bbox 1303 4657 1417 4702; x_wconf 66' lang='lat' dir='ltr'>Pariter</span> 
     </span>
     <span class='ocr_line' id='line_1_39' title="bbox 187 4725 645 4784; baseline 0.004 -14"><span class='ocrx_word' id='word_1_414' title='bbox 187 4725 367 4780; x_wconf 66' lang='lat' dir='ltr'>chronicam</span> <span class='ocrx_word' id='word_1_415' title='bbox 387 4737 424 4782; x_wconf 89' lang='grc' dir='ltr'><strong>ιιι,</strong></span> <span class='ocrx_word' id='word_1_416' title='bbox 434 4739 494 4783; x_wconf 75' lang='lat' dir='ltr'>pag.</span> <span class='ocrx_word' id='word_1_417' title='bbox 507 4730 552 4784; x_wconf 76' lang='lat' dir='ltr'>nn,</span> <span class='ocrx_word' id='word_1_418' title='bbox 564 4741 588 4775; x_wconf 91' lang='lat' dir='ltr'>n.</span> <span class='ocrx_word' id='word_1_419' title='bbox 596 4729 645 4773; x_wconf 77' lang='lat'><strong>2⁶5.</strong></span> 
     </span>
    </p>
   </div>
   <div class='ocr_carea' id='block_1_5' title="bbox 0 0 1722 5526">
    <p class='ocr_par' dir='ltr' id='par_1_5' title="bbox 0 0 1722 5526">
     <span class='ocr_line' id='line_1_40' title="bbox 0 0 1722 5526; baseline 0 0"><span class='ocrx_word' id='word_1_420' title='bbox 0 0 1722 5526; x_wconf 95' lang='lat' dir='ltr'> </span> 
     </span>
    </p>
   </div>
  </div>
 </body>
</html>
