3578 5534
418 495 455 550 bb
793 489 964 550 errnans
983 506 1255 559 quinaruasrnns

419 646 524 718 pacto
548 635 683 700 nobiles
709 635 765 709 (ob
791 635 859 699 loci
881 635 1216 714 incommoditatem)
1239 645 1426 700 matronae
1444 653 1486 700 eo
1505 653 1545 699 se
1566 653 1645 700 con·

419 743 512 806 ferre
536 742 742 822 dignentur;
768 743 897 806 adsunt
923 751 957 805 et
982 761 1027 806 ex
1052 743 1265 823 legisperitis
1290 743 1465 823 permulti,
1493 742 1553 824 qui
1574 742 1644 806 iam
1707 797 1710 804 ,

422 867 487 931 per
500 847 676 914 trimestre
691 849 845 930 spatium
860 850 1105 913 continuatam
1119 849 1331 912 concionem
1351 866 1422 912 non
1441 848 1641 930 praetermi·

422 966 560 1036 serunt;
577 964 728 1036 augetur
741 955 777 1020 in
792 956 867 1020 dies
882 971 1062 1020 numerus.
1079 956 1180 1020 Pium
1196 955 1334 1020 illorum
1351 955 1515 1020 affectum
1530 956 1641 1019 decla·

419 1073 499 1127 rant
514 1081 661 1128 munera
675 1079 747 1126 non
761 1061 965 1142 mediocria,
982 1063 1109 1143 quibus
1123 1063 1302 1140 sacellum,
1324 1063 1382 1126 ubi
1405 1079 1547 1126 sacrum
1566 1079 1642 1141 per·

419 1171 548 1252 agitur,
566 1186 695 1234 ornare
709 1187 780 1232 non
795 1169 968 1233 desinunt.
987 1170 1130 1250 Aliquid
1145 1187 1231 1234 vero
1244 1170 1412 1250 temporis
1426 1168 1582 1250 quotidie
1593 1169 1641 1232 in·

420 1294 521 1342 sumo
536 1278 572 1341 in
586 1276 801 1356 elargiendis
814 1294 1010 1357 pauperum
1024 1277 1269 1358 eleemosynis
1287 1294 1377 1358 quae
1393 1295 1461 1354 reS,
1477 1277 1545 1340 etsi
1555 1275 1642 1339 leuis

418 1385 464 1448 sit
485 1384 666 1464 ponderiS,
694 1382 787 1446 cedit
811 1396 930 1447 tamen
954 1387 1166 1464 permultum
1192 1384 1228 1446 in
1254 1383 1409 1446 omnium
1429 1381 1641 1446 aedificatio·

418 1509 510 1556 nem.
526 1489 704 1572 Pauperes
719 1489 858 1553 interim
875 1489 1044 1553 adhortor
1059 1502 1093 1553 et
1108 1508 1246 1569 moneo,
1263 1506 1515 1570 nonnunquam
1530 1505 1609 1552 sum
1619 1506 1641 1551 a

419 1597 653 1676 confessione,
669 1613 810 1660 sacram
824 1597 990 1676 synaxim
1004 1597 1161 1676 porrigo,
1186 1597 1350 1676 omnique
1372 1605 1554 1660 armatura
1573 1595 1640 1674 spi·

418 1704 537 1767 rituali
551 1703 764 1780 communio,
781 1714 820 1766 vt
834 1703 998 1766 fortiores
1013 1702 1168 1766 euadant
1186 1702 1358 1766 aduersus
1377 1701 1524 1766 insidias
1543 1702 1639 1766 mali-

417 1813 480 1890 gni
495 1813 618 1889 hostis,
635 1810 776 1891 quando
791 1828 837 1874 ex
851 1811 919 1874 hac
934 1811 1008 1873 vita
1024 1811 1179 1890 migrare
1194 1810 1379 1889 contingit.

476 1916 604 1981 Dicam
619 1917 713 1998 quod
736 1918 927 1981 maximam
946 1916 1114 1980 laudandi
1135 1915 1328 1981 Dominum
1347 1915 1462 1980 Deum
1484 1915 1638 1980 occasio·

417 2042 498 2088 nem
512 2025 686 2105 praebuit.
708 2023 890 2103 Quaedam
912 2024 1046 2100 mulier,
1068 2041 1186 2087 rerum
1206 2023 1362 2087 omniurn
1384 2023 1497 2103 inopS,
1522 2019 1637 2104 [quae]

416 2139 529 2194 totam
543 2147 644 2194 suam
658 2131 770 2194 vitam
785 2131 820 2193 in
836 2140 917 2192 actu
933 2130 1129 2194 meretricis
1147 2130 1395 2209 insumpserat,
1417 2147 1528 2210 usque
1547 2129 1637 2194 adeo

418 2246 457 2300 vt
470 2237 519 2300 nil
534 2248 675 2317 praeter
689 2247 792 2317 putre
808 2237 962 2299 cadauer
976 2249 1118 2316 gestare
1134 2237 1325 2313 videretur,
1342 2234 1387 2298 ad
1399 2235 1433 2298 id
1449 2235 1590 2298 luminis
1603 2246 1639 2299 et

416 2346 555 2424 gratiae
568 2345 738 2425 peruenit,
750 2353 789 2406 vt
801 2343 992 2420 octiduum,
1004 2343 1209 2423 priusquam
1221 2351 1428 2420 moreretur,
1441 2360 1511 2405 non
1520 2343 1637 2406 ferens

418 2452 583 2532 seipsam,
606 2459 775 2532 perpetuo
794 2459 941 2530 peccata
962 2467 1028 2512 sua
1047 2450 1248 2529 plangebat,
1271 2465 1314 2513 ac
1334 2449 1490 2512 maxima
1511 2448 1636 2512 lachri-

416 2575 554 2620 marum
570 2557 673 2637 copia
689 2556 854 2633 deflebat3
870 2556 994 2634 primis
1009 2555 1132 2618 diebus
1145 2573 1183 2618 se
1199 2555 1440 2620 misericordia
1453 2555 1637 2634 indignam

418 2663 663 2744 praedicabat;
681 2675 754 2726 tam
773 2662 979 2726 mirabiliter
1000 2663 1142 2726 tandem
1160 2662 1334 2726 Dominus
1354 2661 1451 2726 Deus
1473 2679 1555 2725 eum
1575 2663 1635 2726 illa

416 2780 469 2834 est
490 2781 667 2851 operatus,
690 2778 730 2832 vt
749 2769 879 2832 sensim
901 2770 944 2832 de
963 2769 1056 2833 illius
1071 2771 1228 2834 bonitate
1243 2787 1285 2833 ac
1300 2769 1543 2833 misericordia
1557 2787 1634 2849 spe·

416 2896 510 2958 rans,
528 2877 689 2940 consessa
709 2877 817 2940 semel
837 2886 943 2957 atque
961 2877 1101 2953 iterum,
1125 2887 1377 2940 sacrosanctae
1398 2876 1634 2940 eucharistiae

412 2993 579 3066 percepto
596 2993 831 3060 sacramento,
847 2983 966 3063 quieta
982 2999 1025 3046 ac
1040 2983 1229 3062 tranquilla
1245 2993 1360 3046 mente
1374 2983 1537 3065 spiritum
1551 2983 1634 3046 emi-

413 3092 509 3155 serit.

470 3195 510 3260 ln
525 3196 668 3260 ciuitate
684 3207 802 3260 autem
816 3213 954 3277 nequeo
969 3195 1175 3260 satisfacere
1190 3197 1245 3275 iis,
1268 3197 1328 3277 qui
1347 3214 1403 3261 rne
1425 3206 1486 3262 aut
1505 3214 1634 3263 conso·

412 3287 555 3367 lationis
569 3313 629 3366 aut
645 3303 782 3366 consilii
801 3304 918 3382 gratia
938 3304 1063 3366 crebro
1086 3313 1284 3382 accersunt,
1307 3303 1450 3383 adeunt,
1473 3304 1634 3386 frequen·

410 3420 497 3473 tant.
515 3408 584 3473 Sua
601 3411 744 3489 negotia
760 3411 874 3472 solent
887 3410 1001 3474 sacris
1020 3409 1209 3473 missarum
1228 3411 1408 3474 solemniis
1426 3410 1634 3492 frequentis·

412 3501 499 3580 sime
523 3516 783 3594 commendare,
806 3517 944 3596 experti
963 3535 1034 3580 non
1051 3533 1117 3578 sua
1138 3517 1331 3580 intentione
1353 3520 1404 3593 (vt
1426 3520 1632 3605 retulerunt)

410 3623 519 3687 fuisse
548 3622 787 3687 defraudatos.
818 3622 936 3686 Pridie
964 3622 1168 3686 Natiuitatis
1196 3622 1405 3688 Dominicae
1433 3625 1550 3688 visum
1578 3636 1633 3690 est

409 3729 506 3795 adire
521 3747 695 3808 carceres
712 3730 874 3809 captiuos
888 3729 1096 3814 consolandi
1110 3730 1239 3809 gratia,
1257 3747 1355 3810 quos,
1371 3740 1560 3811 postquam
1580 3731 1632 3796 fui

409 3836 628 3914 adhortatus
647 3853 727 3899 cum
751 3837 907 3899 maxima
932 3836 1183 3900 lachrimarum
1204 3837 1307 3917 copia
1327 3837 1481 3918 quinque
1500 3856 1546 3901 ex
1561 3839 1630 3902 illis

409 3953 490 4007 sunt
504 3943 670 4020 confessi,
687 3943 788 4005 cuius
802 3943 854 4005 rei
871 3945 1074 4023 spectaculo
1093 3951 1278 4024 tantopere
1301 3943 1442 4008 fuerunt
1461 3947 1631 4010 commoti

406 4050 580 4130 primores
596 4048 763 4128 ciuitatis
779 4059 818 4112 vt
833 4049 975 4128 saepius
989 4049 1208 4113 inculcarent
1221 4067 1259 4113 se
1279 4050 1388 4113 nimio
1408 4051 1542 4115 honore
1563 4053 1632 4116 hoc

407 4154 516 4219 fuisse
535 4155 704 4218 beneficio
725 4154 881 4233 affectos,
903 4154 1092 4219 Dominum
1113 4155 1228 4220 Deum
1249 4156 1478 4222 obsecrantes
1499 4167 1538 4221 vt
1560 4160 1630 4223 tale

407 4263 606 4325 institutum
632 4278 772 4342 semper
796 4263 992 4343 prouehere
1016 4262 1191 4343 dignetur.
1218 4262 1429 4330 Benedictus
1453 4263 1627 4330 Dominus

406 4367 514 4442 DeuS,
535 4368 595 4446 qui
616 4371 723 4431 talem
744 4368 889 4432 odorem
910 4368 1038 4448 ubique
1060 4371 1219 4434 locorum
1241 4371 1285 4434 de
1306 4380 1431 4434 saneta
1452 4370 1630 4437 Societate

404 4474 621 4538 dilectissimi
637 4474 698 4537 lilii
712 4476 766 4538 sui
780 4475 864 4558 Jesu
879 4476 1028 4556 spargit.
1046 4476 1275 4541 Reuerendus
1290 4477 1465 4542 Dominus
1483 4479 1627 4559 Episco·

402 4597 468 4662 pus
482 4589 695 4662 potestatem
710 4581 917 4645 absoluendi
932 4599 953 4644 a
968 4582 1110 4646 casibus
1125 4585 1192 4646 sibi
1207 4585 1400 4648 reseruatis
1419 4586 1521 4649 nobis
1543 4603 1625 4651 con-

402 4687 518 4768 cessit,
536 4705 604 4767 quo
619 4688 755 4751 fructus
769 4688 911 4752 uberior
927 4700 1019 4752 esset
1035 4691 1070 4753 in
1085 4688 1249 4754 Domino
