3368 5528
352 493 410 552 550
743 490 914 552 erraaas
931 504 1202 560 ouannnmsruss

354 639 431 704 tuit.
449 637 536 702 Cum
551 637 669 702 autern
691 638 813 718 paucis
832 648 914 702 ante
934 637 1057 701 diebus
1078 637 1121 700 D.
1146 635 1317 727 Jacobum
1340 634 1524 700 Leicbium
1539 651 1581 698 ex

355 763 448 810 nouo
463 744 684 809 Coronarum
700 745 849 823 collegio
864 744 1031 808 iusserint
1046 745 1222 822 emigrare
1245 741 1268 820 ¹3
1288 742 1393 806 nobis
1416 741 1501 804 illud
1516 749 1580 804 tra·

357 852 512 915 dendum
527 854 630 931 plane
646 851 865 916 confidimus.
884 849 982 914 Haec
997 851 1040 914 de
1055 849 1199 915 Senatu.

416 957 588 1037 Theologi
608 974 730 1021 omnes
751 967 786 1021 et
801 957 971 1022 Rectores
991 958 1177 1022 bursarum
1197 971 1415 1026 cumeorum
1437 955 1580 1036 collegis

358 1082 488 1146 magno
513 1083 579 1129 nos
598 1065 714 1128 studio
734 1075 767 1128 et
793 1065 1036 1128 beneuolentia
1057 1072 1326 1145 prosequentum
1356 1062 1479 1128 nescio
1503 1063 1581 1144 quid

358 1173 533 1248 praeclari
559 1172 803 1250 Vniuersitati,
821 1190 930 1252 opera
952 1189 994 1235 ac
1014 1171 1197 1252 diligentia
1221 1181 1441 1247 nostrorum,
1470 1185 1582 1234 acces·

358 1296 479 1342 surum
495 1291 690 1359 sperantes.
707 1277 825 1358 Quare
841 1290 876 1342 et
890 1279 1045 1360 prompti
1058 1295 1101 1340 ac
1116 1279 1264 1342 libenter
1279 1279 1384 1358 plane
1405 1278 1451 1341 ad
1472 1277 1582 1341 lectio·

358 1403 439 1463 nes,
457 1403 537 1450 cum
552 1385 747 1450 studiorum
767 1386 998 1450 humanitatis
1018 1403 1060 1448 ac
1083 1387 1280 1462 literarum,
1301 1395 1377 1448 tum
1396 1382 1583 1450 Sacrosan·

360 1504 437 1556 ctae
453 1493 557 1556 etiam
573 1493 788 1572 Theologiae
802 1493 1032 1555 enarrandas
1047 1509 1113 1555 nos
1126 1491 1354 1556 admiserunt.
1368 1489 1438 1557 Sed
1450 1508 1492 1556 ea
1503 1507 1584 1554 con·

360 1601 506 1676 ditione,
524 1610 561 1662 ut
576 1600 611 1662 in
623 1599 790 1664 facultate
803 1599 1018 1680 Theologica
1026 1582 1273 1679 promotiones
1290 1595 1583 1680 susciperemus&

361 1707 525 1772 Alienum
544 1707 637 1769 enim
657 1725 678 1769 a
700 1705 953 1770 consuetudine
975 1724 1053 1770 esse
1072 1706 1187 1782 aiunt,
1210 1723 1281 1769 non
1300 1706 1474 1786 promotis
1493 1714 1583 1786 pote·

361 1825 487 1877 statem
512 1813 628 1876 iacere
655 1813 690 1876 in
715 1813 848 1876 scholis
874 1813 962 1876 alios
986 1812 1145 1879 docendi.
1169 1812 1411 1894 Quapropter,
1434 1813 1584 1877 consiliis

361 1920 556 1983 amicorum
571 1920 847 2000 acquiescentes,
864 1921 1105 2001 superioribus
1120 1920 1241 1984 diebus
1256 1937 1320 1999 pro
1334 1919 1583 1984 bacalaureatu

361 2026 617 2106 respondimus
634 2026 749 2104 hodic,
765 2035 803 2090 ut
817 2043 934 2107 sper05
950 2028 995 2091 ad
1006 2025 1273 2106 professionem
1284 2023 1296 2056 ³
1308 2025 1527 2090 admittendi.

423 2133 453 2196 A
479 2133 571 2195 bona
597 2133 741 2213 insuper
762 2140 863 2214 parte
884 2133 1026 2212 ciuium,
1054 2133 1304 2213 cuiuscumque
1319 2133 1465 2198 tandem
1478 2151 1520 2198 ea
1543 2133 1584 2196 sit

361 2239 573 2303 conditionis
597 2256 640 2304 ac
666 2240 816 2318 ordiniS,
842 2241 1006 2321 omnique
1029 2239 1187 2304 studiosa
1212 2240 1394 2304 iuuentute
1420 2240 1584 2306 afficimur

362 2363 498 2408 summo
512 2347 658 2410 honore.
674 2347 727 2410 Ex
743 2364 812 2427 quo
827 2347 930 2410 facile
950 2347 1164 2427 colligimus,
1185 2361 1256 2427 quo
1270 2346 1306 2408 in
1321 2363 1386 2411 nos
1407 2346 1584 2412 Colonien-

362 2469 419 2529 ses
436 2453 506 2516 sint
518 2453 647 2516 animo.
1457 2509 1460 2516 ,

421 2559 487 2624 His
502 2561 663 2624 omnibus
679 2579 763 2624 uero
779 2571 812 2624 et
833 2562 870 2626 id
889 2563 1027 2626 accedit
1046 2561 1155 2625 diuini
1178 2561 1354 2640 beneficii,
1377 2563 1472 2644 quod
1491 2561 1585 2626 nobis

362 2667 460 2730 deest
474 2666 570 2741 nihil;
587 2668 669 2730 licet
684 2667 876 2732 redditibus
892 2668 1013 2746 nullis,
1037 2679 1098 2732 aut
1120 2669 1242 2750 paucis
1263 2669 1456 2734 admodum
1476 2668 1585 2733 adhuc

363 2773 535 2837 iuuemur.

422 2879 566 2945 Interim
587 2882 679 2946 hanc
704 2899 769 2946 nos
790 2884 985 2946 excolimus
1008 2883 1147 2947 uincam
1169 2901 1212 2948 ea
1237 2883 1392 2964 ratione,
1419 2901 1491 2966 qua
1514 2901 1585 2966 pos·

362 3003 494 3066 sumuS,
512 2989 640 3068 populo
656 2989 912 3068 concionando,
927 2989 1132 3054 confitentes
1147 2990 1342 3069 audiend0,
1363 3001 1399 3054 et
1418 2991 1586 3055 iuuentuti

362 3093 493 3174 aliquid
510 3094 786 3176 interpretando.
809 3095 850 3158 R.
873 3095 912 3160 P.
928 3096 1135 3160 Leonardus
1151 3095 1319 3161 ‘domum
1341 3105 1376 3160 et
1398 3095 1491 3162 filios
1508 3113 1586 3160 suos

362 3201 465 3280 regit.
483 3200 612 3265 Sumus
627 3211 744 3265 autem
760 3203 864 3300 mod9
880 3202 1089 3268 Sacerdotes
1105 3222 1184 3274 sea.
1205 3213 1240 3268 et
1254 3205 1336 3268 laici
1350 3199 1488 3282 decem,
1507 3203 1584 3268 ethi

363 3325 493 3388 magna
515 3327 559 3371 ex
582 3318 683 3390 parte
703 3308 847 3372 nobiles.
869 3309 1014 3374 Praeter
1037 3311 1101 3373 hos
1120 3316 1174 3374 est
1195 3307 1207 3341 ¹
1226 3311 1330 3375 modo
1352 3311 1388 3375 in
1410 3313 1586 3376 exercitiis

362 3415 527 3478 dominus
556 3415 739 3480 cuiusdam
769 3422 888 3479 terrae
912 3413 924 3448 ⁶
953 3434 1062 3498 prope
1092 3416 1327 3498 Neomagum,
1356 3435 1463 3499 quem
1493 3417 1587 3482 nobis

364 3521 626 3602 adiungendum
652 3539 798 3602 prorsus
820 3521 1037 3587 confidimus
1055 3524 1154 3587 Multi
1179 3525 1286 3587 etiam
1307 3524 1386 3588 aliis
1408 3535 1470 3588 aut
1493 3524 1588 3588 nobis

363 3628 527 3706 adscribi,
544 3630 666 3692 autad
688 3629 856 3693 exercitia
877 3630 1013 3693 admitti
1036 3633 1245 3710 permultum
1267 3630 1490 3710 desiderant,
1512 3649 1586 3712 quo·

363 3754 440 3799 rum
457 3736 621 3816 precibus
639 3736 676 3805 R.
694 3735 732 3799 P.
754 3737 961 3800 Leonardus
977 3755 1111 3801 morem
1131 3748 1287 3818 gereret,
1309 3737 1378 3802 nisi
1392 3739 1462 3804 loci
1486 3755 1586 3819 ungu·

310 3857 313 3864 ⁴
364 3843 430 3906 stia
447 3843 703 3924 prohiberetur.
720 3841 785 3913 His
800 3844 961 3908 omnibus
976 3855 1012 3906 ut
1027 3845 1116 3907 bene
1131 3844 1191 3921 sit,
1208 3853 1310 3908 curat
1325 3845 1490 3909 dominus
1505 3845 1584 3909 Leo·

366 3950 516 4025 nardus;
531 3959 566 4013 et
582 3959 765 4030 praeterea
780 3949 1023 4016 consessiones
1038 3949 1240 4031 frequenter
1255 3951 1365 4029 audit,
1381 3959 1416 4016 et
1438 3952 1587 4017 infirmos

365 4075 469 4138 saepe
484 4057 615 4121 inuisit.
632 4056 751 4124 Vicini
767 4058 898 4135 nostri,
915 4069 948 4120 et
964 4059 1064 4122 multi
1079 4058 1153 4136 alii,
1171 4059 1261 4122 inter
1283 4076 1372 4138 quos
1395 4069 1498 4123 estet
1523 4075 1587 4122 ma·

365 4175 418 4228 ter
433 4181 527 4242 mea,
545 4163 693 4243 singulis
708 4163 831 4230 diebus
847 4164 1032 4228 dominicis
1052 4164 1315 4254 communicare
1331 4176 1495 4247 pergunt.
1518 4165 1587 4244 Ego

408 4372 414 4404 ¹
445 4371 533 4415 Deliis
544 4370 670 4425 quaedam
680 4370 749 4424 apud
761 4367 875 4422 liaustu,
887 4370 904 4414 l.
915 4381 938 4414 c.

405 4445 416 4478 ¹
444 4443 480 4486 ad
489 4443 592 4495 gradus
602 4453 616 4484 s
625 4443 694 4484 artos
705 4447 934 4498 praenotarentur.
946 4441 1087 4488 Pottrcus.

407 4515 417 4544 l
444 4516 617 4559 doctoralem.
631 4513 668 4558 lo.

405 4589 417 4622 ⁴
444 4587 472 4632 P.
484 4585 739 4634 Leonarduslteesel.

406 4659 419 4692 ὅ
446 4659 738 4704 υινεαιιιν.ΡοιΑηιυο.

408 4728 420 4764 ⁸
446 4732 548 4788 oppidi.
559 4730 597 4776 Iu·
