3382 5528
594 1191 838 1276 DXXVIII

156 1537 207 1599 Fr.
223 1541 262 1601 N.
276 1542 412 1616 Torres,

188 1635 239 1698 Ex
252 1640 496 1700 commissione
511 1642 621 1702 Patris
636 1641 799 1716 Gasparls
813 1641 855 1702 de
870 1642 1038 1714 Accbedo,

224 1737 317 1797 Patri
329 1737 460 1812 ignatio
473 1740 514 1798 de
527 1739 667 1816 Loyola.

258 1835 391 1910 Burgis,
404 1839 423 1896 5
435 1838 582 1912 Augusti
598 1838 667 1898 1556
680 1839 700 1894 ¹.

677 2017 751 2134 lffiS

160 2256 232 2322 Pax
246 2267 282 2322 et
295 2259 413 2339 gratia
429 2258 573 2326 Christi.

159 2363 232 2430 Etsi
246 2367 333 2430 nihil
348 2375 489 2446 praeter
504 2383 546 2429 ea
566 2365 621 2444 (de
641 2366 767 2446 quibus
782 2382 844 2446 per
866 2366 1066 2446 superiores
1086 2366 1253 2448 epistolas
1276 2369 1323 2432 ad

107 2467 143 2531 T.
157 2471 194 2536 P.
215 2473 455 2546 transmissas
477 2471 667 2536 admodum
688 2471 765 2534 R.‘¹e
784 2471 901 2548 Pater,
925 2472 1055 2538 certior
1076 2490 1114 2536 es
1136 2472 1263 2554 factus)
1286 2475 1323 2539 in

104 2585 217 2642 nostro
232 2579 382 2658 collegio
406 2578 575 2658 burgensi
596 2586 794 2642 memoratu
816 2577 963 2656 dignum
985 2579 1166 2659 acciderit,
1189 2589 1324 2660 tamen,

103 2681 242 2748 instituti
255 2686 370 2748 nostri
385 2683 620 2748 conseruandi
634 2685 764 2764 gratia,
780 2684 880 2748 breui
893 2671 948 2763 ea,
970 2701 1060 2764 quae
1075 2703 1138 2766 per
1153 2687 1323 2768 indignos

103 2805 216 2854 seruos
230 2808 314 2855 suos
328 2790 446 2854 diuina
463 2791 631 2854 maiestas
646 2791 682 2853 in
697 2789 772 2854 dies
786 2791 927 2872 operari
942 2790 1120 2870 dignatur,
1137 2801 1210 2857 tam
1222 2793 1319 2858 circa
1410 2842 1414 2850 .

103 2897 335 2974 proximorum
350 2899 510 2974 salutem,
529 2913 636 2978 quam
651 2897 749 2960 circa
764 2896 1039 2961 domesticorum
1050 2898 1228 2979 priuatum
1239 2917 1317 2980 pro-

102 3001 233 3080 lectum,
251 3013 285 3068 te
299 3005 390 3068 scire
405 3005 658 3080 desideramus
676 3021 745 3084 quo
765 3003 901 3083 probis
923 3004 1086 3068 omnibus
1100 3003 1241 3068 Christo
1258 3015 1319 3069 tua

101 3105 293 3174 Patemitas
306 3113 444 3192 gratias
459 3120 554 3191 agat.
1416 3197 1417 3204 ἵ

100 3270 105 3284 .
154 3215 325 3298 Imprimis
339 3227 458 3281 autem
472 3216 513 3281 T.
530 3217 568 3282 P.
584 3217 758 3297 intelligat
777 3226 928 3298 quatuor
943 3217 1001 3280 hic
1021 3220 1234 3322 comm9rari
1255 3220 1318 3283 Pa-

99 3329 176 3400 tres,
198 3323 323 3404 quibus
342 3323 494 3403 (praeter
513 3323 705 3387 conciones
725 3323 861 3388 seriatis
880 3322 1003 3387 diebus
1026 3324 1071 3387 ad
1095 3328 1262 3406 populum
1282 3329 1318 3390 in

99 3427 239 3495 diuersis
259 3431 415 3494 basilicis
436 3430 559 3494 baberi
584 3429 719 3507 solitas)
741 3440 814 3494 tres
836 3430 939 3492 simul
964 3431 1088 3494 eodem
1114 3431 1170 3496 die
1194 3434 1318 3497 baberi

98 3537 249 3616 contigit,
266 3546 300 3600 et
313 3537 417 3600 binas
436 3553 541 3617 saepe
564 3536 747 3616 contingit.
764 3533 843 3600 Non
866 3545 1051 3616 praeterea
1067 3537 1245 3603 mediocre
1260 3558 1316 3604 ne·

97 3643 223 3718 gotium
243 3629 388 3708 lacessit
402 3642 535 3706 eisdem
555 3642 698 3706 assidua
718 3653 792 3706 tum
814 3641 1091 3724 confessionum,
1114 3654 1188 3708 tum
1208 3646 1317 3710 etiam

96 3751 375 3814 communionum
390 3750 570 3814 instantia:
587 3749 648 3814 uix
667 3751 761 3814 enim
775 3750 902 3831 aliquis
917 3750 1067 3815 elabitur
1081 3751 1166 3828 dies,
1192 3753 1228 3816 in
1243 3771 1317 3835 quo

97 3856 455 3920 asacrosanctissima
471 3857 633 3936 corporis
653 3855 785 3920 Christi
799 3855 1026 3936 perceptione
1045 3868 1217 3922 cessetur:
1239 3869 1314 3924 tan·

95 3971 163 4024 tum
176 3973 228 4027 est
242 3963 414 4027 nobilium
425 3963 660 4043 quarumdam
671 3970 925 4040 matronarum,
939 3973 1013 4026 tum
1025 3963 1132 4027 etiam
1143 3965 1319 4044 probatae

94 4066 159 4135 iam
182 4069 262 4134 fidei
285 4070 456 4148 uirorum,
481 4068 524 4132 de
546 4069 648 4133 bonis
669 4069 879 4132 coelestibus
904 4070 1154 4134 inexhaustum
1179 4070 1313 4135 deside-

93 4175 189 4256 rium,
205 4177 275 4258 qui,
299 4177 427 4240 fastum
444 4175 577 4239 saeculi
592 4177 785 4250 calcantes,
806 4175 1048 4256 sathanaeque
1065 4176 1318 4240 abrenuntian-

92 4289 139 4346 tes
165 4284 317 4364 pompiS,
348 4281 576 4362 eiusdemque
602 4281 826 4362 nequissimis
854 4282 1141 4361 suggestionibus
1169 4283 1312 4347 minime

91 4391 360 4470 acquiescentes,
376 4399 471 4453 totos
485 4405 523 4452 se
539 4389 575 4451 in
589 4389 742 4452 hostiam
761 4388 882 4451 uiuam
904 4386 980 4450 Deo
1000 4389 1199 4468 placentem
1214 4390 1317 4454 uhtu·-

90 4494 209 4576 lerunt,
231 4513 382 4578 quorum
403 4495 439 4560 in
461 4513 526 4559 nos
541 4495 688 4558 effusum
707 4494 863 4558 studium
884 4510 1053 4574 amorque
1067 4494 1116 4558 ita
1132 4504 1185 4558 est
1208 4496 1313 4559 uehe-

160 4739 349 4794 Antograpbae
360 4739 456 4794 dupllcl
467 4736 539 4790 lolio,
548 4736 631 4792 prlmo
642 4747 666 4779 n.
676 4735 724 4779 ³64.
734 4737 817 4780 allero
829 4746 877 4778 non
889 4735 1030 4778 numerato.
