3368 5528
599 495 600 500 ‘
659 525 725 588 aa.
751 523 821 588 ura
1299 523 1354 614 aas

125 669 274 736 interitu
299 671 521 736 dandr'catnm
544 678 620 750 ast,·
645 678 677 735 et
703 671 798 736 omni
823 679 952 742 conatu
975 671 1010 735 id
1031 670 1136 752 modo
1158 681 1295 758 spectat
1317 686 1351 737 et

122 781 228 842 rectis
239 780 366 844 studiis
377 780 570 857 contendit,
583 789 620 843 ut
633 787 731 843 tanto
743 794 838 846 nunc
846 777 968 857 uitam,
978 778 1185 860 religionem
1195 797 1348 870 ornnem·

121 902 186 966 que
211 903 359 968 operam
384 903 486 952 suam
514 885 656 950 Christo
682 883 853 954 assertori
877 883 1109 964 integriorem
1132 887 1347 950 constantio·

119 1010 263 1075 remque
284 993 446 1075 probent,
469 1002 602 1074 quanto
624 993 699 1057 eius
720 990 964 1063 sanctissimos
978 990 1118 1071 ductus,
1141 991 1346 1074 improbiori

15 1153 16 1160 ,
118 1099 280 1165 desertos
294 1099 442 1182 perfidia
457 1118 500 1164 ac
514 1099 672 1181 nequitia
682 1098 792 1180 prrirs
807 1098 1093 1179 repudiauerant.

175 1208 308 1273 Iisdem
331 1225 418 1273 uero
436 1207 562 1272 studiis
588 1207 656 1270 illis
681 1215 789 1288 atque
814 1204 989 1270 industria
1014 1203 1203 1270 Societatis
1227 1205 1344 1272 Deum

114 1314 342 1381 uehementer
354 1315 420 1380 sibi
431 1315 554 1379 Esium
564 1316 743 1396 placatum
755 1313 865 1377 sensit
880 1331 923 1378 ac
934 1311 1138 1393 propitium.
1151 1312 1233 1378 Duo
1245 1332 1343 1380 nam·

114 1439 179 1502 que
197 1441 246 1487 ex
264 1423 397 1489 nostris
416 1423 559 1503 quidem
579 1422 663 1486 illuc
685 1429 949 1500 concesseruut,
974 1420 1033 1486 ubi
1051 1429 1194 1501 praeter
1215 1421 1341 1502 miros,

112 1547 199 1609 quos
214 1531 263 1595 ibi
277 1531 415 1595 fructus
429 1534 613 1611 ceperunt,
627 1529 754 1608 ingens
767 1529 898 1610 populo
915 1529 971 1592 uel
989 1527 1262 1609 permansionis,
1282 1531 1340 1594 uel

112 1648 274 1702 maturae
288 1648 322 1702 et
336 1637 531 1719 frequentis
545 1635 761 1702 reuersionis
775 1653 862 1700 suae
877 1634 1090 1700 desiderium
1108 1635 1336 1716 reliquerunt.

111 1741 147 1808 ld
161 1746 267 1824 enim,
286 1755 427 1826 praeter
441 1745 600 1809 omnium
613 1761 713 1823 spem
732 1760 776 1807 ac
794 1743 1090 1824 expectationem,
1114 1758 1193 1806 cnm
1212 1741 1338 1806 ordine

109 1851 329 1916 sacerdotali
339 1851 378 1914 r'n
393 1850 523 1914 melius
541 1855 693 1930 mutato,
713 1850 855 1914 Christo
878 1850 1021 1916 iuuante
1043 1857 1148 1930 atque
1169 1848 1336 1932 Episcopi

108 1959 324 2023 authoritate
338 1957 571 2038 suffragante,
587 1956 851 2038 praestiterunt,
868 1957 905 2020 in
920 1973 989 2037 quo
1001 1956 1111 2021 cardo
1124 1957 1249 2022 salutis
1259 1958 1335 2022 eius

107 2065 261 2131 ciuitatis
276 2067 374 2130 uerti
385 2067 591 2144 venabulum
604 2064 729 2146 grauis
743 2065 836 2128 enim
848 2064 884 2128 in
896 2081 1035 2128 omnem
1050 2066 1219 2144 populum
1228 2064 1332 2129 offen-

105 2174 218 2237 sionis
232 2183 267 2238 et
282 2176 456 2239 scelerum
470 2189 571 2236 exeo
587 2173 754 2253 contagio
766 2173 945 2236 manabat.
959 2170 1079 2235 Multa
1090 2171 1182 2235 em'm
1195 2173 1331 2254 Asculi,

104 2278 249 2361 Offidae,
265 2279 295 2346 F
297 2282 402 2362 irmii,
417 2283 454 2344 in
469 2281 588 2345 Monte
603 2280 760 2360 Lupone,
777 2279 888 2344 Morri
898 2284 933 2342 et
947 2278 1142 2360 Monticuli,
1158 2280 1331 2360 singulari

103 2389 260 2452 omnium
277 2404 363 2468 erga
374 2386 588 2453 Societatem
600 2391 791 2467 uoluntate,
803 2387 938 2466 assecta
949 2392 1045 2451 sunt.
1061 2386 1199 2468 Vbique
1212 2396 1330 2452 autem

102 2495 256 2560 nefanda
272 2498 472 2575 complures
486 2496 778 2575 grauissimorum
794 2496 968 2560 scelerum
982 2498 1164 2575 ergastula
1178 2514 1200 2559 a
1214 2497 1262 2576 15,
1274 2495 1326 2575 20,

100 2599 150 2680 30,
167 2613 203 2668 et
218 2621 240 2667 a
249 2602 421 2684 pluribus
436 2604 538 2668 annis
548 2603 707 2667 nonnulli
718 2603 889 2684 perpessi,
902 2601 1043 2667 Christo
1056 2603 1196 2668 vindice
1208 2605 1325 2683 soluti,

98 2706 134 2771 in
148 2707 303 2774 filiorum
317 2710 385 2774 Dei
399 2711 598 2774 libertatem
613 2709 765 2774 restituti
780 2720 873 2774 sunt.

156 2813 226 2880 Sed
241 2817 331 2882 haec
346 2817 382 2882 in
403 2817 560 2882 finitimis
581 2827 615 2880 et
636 2818 793 2882 externis
812 2817 1158 2897 peregrinationibus
1177 2819 1324 2884 aestiuis

93 2919 164 2984 Dei
175 2939 324 2987 munere
338 2933 420 2988 acta
435 2934 527 2989 sunt.
546 2923 648 3005 Quod
667 2925 840 3006 reliquum
860 2934 914 2988 est
934 2926 1116 3007 epistolae,
1139 2927 1185 2990 ad
1205 2926 1321 2992 dome·

92 3029 181 3094 stica
196 3040 231 3095 et
246 3031 450 3097 Lauretana
465 3032 698 3097 conferemus

147 3137 250 3203 Licet
266 3140 375 3204 multa
389 3139 517 3220 forent,
535 3157 626 3221 quae
640 3141 784 3204 votiuae
801 3141 846 3206 ad
861 3139 992 3206 Beatae
1013 3141 1172 3223 Virginis
1192 3143 1317 3209 aedem

88 3246 387 3326 peregrinationis
407 3247 641 3328 frequentiam
661 3247 871 3328 inhiberent,
892 3249 1052 3313 continui
1075 3249 1246 3314 bellorum
1266 3261 1317 3316 tu-

86 3355 230 3433 multuS,
246 3355 468 3434 pestilentiae
487 3356 687 3434 grassantis
702 3356 854 3421 formido
877 3366 984 3438 atque
1006 3357 1173 3438 suspicio,
1196 3359 1315 3439 inopia

84 3457 366 3539 ingrauescentis
391 3479 554 3527 annonae
583 3473 617 3526 et
646 3462 850 3544 difficultas,
878 3463 1021 3528 luerunt
1047 3473 1167 3529 tamen
1192 3483 1313 3530 omues

84 3567 289 3632 sacerdotes
304 3569 417 3633 solitis
439 3571 667 3634 uehementer
686 3571 1001 3636 exercitationibus
1023 3573 1197 3652 occupati.
1220 3571 1311 3653 Quo·

82 3673 191 3754 niam,
206 3675 273 3739 etsi
286 3675 592 3756 r'nsrequantrbres
606 3683 825 3742 concurrant
834 3678 1038 3758 peregrini.
1058 3696 1125 3743 uec
1144 3680 1212 3744 uisi
1231 3683 1313 3744 rari

82 3779 281 3862 admodum,
298 3783 328 3846 si
342 3785 547 3866 superiores
559 3803 672 3850 annos
683 3796 895 3867 spectemus;
909 3789 985 3850 sine
996 3787 1218 3852 accuratiore
1230 3807 1307 3869 pec·

81 3897 244 3954 catorum
260 3892 495 3974 consessione,
513 3904 631 3960 tamen
648 3899 698 3970 (ut
714 3895 773 3976 qui
789 3895 834 3958 ad
853 3911 933 3959 earn
951 3895 1056 3960 modo
1078 3895 1237 3976 plerique
1262 3915 1308 3960 ex

78 3993 273 4078 longinquo
298 4001 474 4065 uentitare
500 4004 747 4083 consuescant)
769 4004 874 4084 pauci
895 4002 1074 4068 recedunt.
1098 4003 1151 4068 Eo
1174 4013 1304 4084 autem,

76 4109 149 4166 tam
165 4103 252 4169 bene
267 4119 461 4189 sancteque
477 4127 498 4172 a
520 4113 644 4191 paucis
664 4112 767 4175 annis
788 4111 968 4175 institutae
988 4111 1305 4177 administrationis

73 4206 178 4274 huius
193 4214 272 4294 loci,
289 4215 325 4278 in
347 4217 478 4281 diuinis
499 4217 621 4282 officiis
642 4228 677 4283 et
695 4219 732 4282 in
758 4219 871 4283 sacris
895 4219 1115 4299 lectionibus
1139 4228 1245 4300 atque
1267 4221 1302 4286 iu

70 4317 194 4394 primis
210 4320 308 4384 circa
324 4340 453 4388 munus
467 4327 708 4404 poenitentiae
724 4327 831 4407 (quod
845 4335 1006 4391 nostrum
1022 4325 1096 4390 lere
1111 4327 1301 4406 collegium

72 4439 167 4488 nunc
181 4422 341 4508 sustinet)
356 4431 453 4496 lama
467 4434 687 4514 percrebuit,
710 4445 748 4498 ut
770 4452 841 4498 non
862 4451 924 4515 per
945 4432 1078 4496 ltaliae
1097 4433 1300 4498 adiacentes

69 4531 195 4611 solum,
217 4537 279 4600 sed
299 4536 344 4600 ad
364 4537 578 4603 remotiores
599 4558 737 4624 quoque
759 4543 921 4607 nationes
941 4541 1150 4623 peruaserit.
1171 4541 1206 4606 A
1228 4542 1296 4607 Mc·

69 4637 211 4706 diolano
225 4654 320 4708 certe
336 4647 428 4711 ultro
444 4647 603 4728 citroque
618 4650 729 4730 multi,
746 4650 856 4716 solius
870 4658 1015 4714 sanctae
1027 4648 1139 4714 amns
1160 4651 1296 4718 nouita-

69 4745 115 4810 tis
128 4747 298 4818 visendae
312 4753 441 4837 studio,
462 4766 673 4822 commeant.
691 4757 874 4840 Principes
891 4758 967 4824 vr'rr'
982 4775 1055 4824 non
1071 4758 1178 4842 pauci
1196 4760 1315 4836 vndi,
