3368 5528
642 532 706 592 Aa.
728 531 798 591 1556
1281 531 1337 592 533

478 615 492 644 Ι

113 692 229 740 curso:
245 677 277 740 ei
291 675 467 742 Cardenai
485 675 493 710 ¹
510 680 543 742 lo
566 696 613 741 no
631 679 755 758 queria
774 679 918 758 alargar
940 679 994 742 sin
1016 697 1083 759 que
1109 679 1139 740 ie
1162 677 1282 741 diesen
1302 680 1334 741 el

112 780 147 844 P.
163 782 240 846 Don
255 783 363 862 Leon,
381 801 449 865 que
466 801 578 865 agora
596 790 673 848 esta
688 802 731 848 en
746 784 899 849 Lisbona
915 803 1003 866 para
1019 785 1131 865 partit
1145 802 1234 866 para
1250 787 1330 849 alid.

167 887 217 952 No
241 907 289 970 ay
314 909 381 972 que
407 895 484 955 mas
509 909 547 955 se
573 891 711 955 oiresca
736 893 883 956 escriuir
909 897 928 955 d
956 892 1000 956 V.
1027 890 1065 955 P.
1087 884 1130 954 de
1146 892 1205 954 ias
1227 909 1332 955 cosas

111 995 297 1061 esenciaies
319 1002 340 1060 a
361 1009 447 1062 esta.
474 998 580 1063 Estos
599 1016 661 1062 sus
680 997 771 1080 hijos
790 999 892 1062 todos
911 1017 949 1062 se
970 998 1211 1063 encomendan
1232 1016 1275 1061 en
1298 1000 1331 1062 ia

112 1102 288 1168 bendicion
314 1123 338 1185 y
360 1117 502 1170 sanctos
527 1105 733 1169 sacrifficios
753 1125 776 1186 y
798 1107 978 1170 orationes
1004 1106 1047 1169 de
1070 1104 1116 1168 V.
1140 1103 1191 1182 P„
1214 1108 1330 1186 yansi

103 1207 151 1272 ,de
164 1212 213 1274 los
227 1210 357 1292 padres
372 1231 395 1292 y
412 1213 601 1277 hermanos
617 1211 703 1275 desa
718 1221 842 1275 sancta
858 1229 954 1276 casa.

165 1315 214 1380 De
228 1316 406 1396 Coimbra,
423 1319 479 1382 del
494 1317 689 1383 Setiembre
707 1317 782 1382 1556
797 1317 819 1381 ¹.

383 1425 527 1490 Minimo
544 1424 613 1506 hijo
630 1426 672 1489 de
687 1425 732 1489 V.
746 1425 798 1503 P„

868 1638 1065 1708 Moacaaao
1081 1637 1102 1700 ³.

162 1961 426 2042 Superscripte'o
441 1961 478 2024 in
493 1967 625 2042 quarta
635 1959 793 2040 pagina:
810 1957 832 2038 †
847 1959 892 2022 ΑΙ
902 1957 1013 2021 muito
1027 1957 1104 2021 R.d⁰
1123 1976 1165 2022 en
1182 1957 1245 2021 X.⁰
1259 1959 1321 2022 Pa·
1367 1925 1369 1932 Ι

104 2066 161 2130 dre
175 2071 205 2132 ei
221 2069 257 2132 P.
274 2069 404 2133 Mestre
425 2069 562 2148 ignatio
579 2067 761 2148 Prepdsito
783 2068 927 2145 general
948 2065 1039 2128 dela
1060 2064 1254 2146 Compaiiia
1275 2067 1318 2129 de

103 2171 210 2254 JesuS‚
226 2194 271 2240 en
286 2175 409 2239 Roma.
488 2241 492 2251 ,

158 2280 238 2345 Alia
264 2299 390 2346 manu:
412 2282 526 2366 JesuS.
548 2283 635 2346 1556.
663 2282 839 2346 Coimbra.
861 2279 1146 2361 Quadrimestres
1168 2279 1223 2344 del
1245 2297 1319 2344 mes

103 2387 141 2451 de
155 2386 240 2454 Set.e

201 2971 413 3022 Praecedentiam
423 2977 523 3030 (fratris
534 2975 686 3032 Franciaci)?
697 2975 828 3022 Manciam
836 2977 984 3022 litterarum
996 2977 1078 3020 latina
1089 2975 1174 3018 veraio
1184 2977 1202 3019 i.

660 3192 736 3310 nis

146 3483 287 3553 Summa
303 3487 369 3553 Dei
389 3487 469 3570 Opt.
488 3487 582 3553 Max.
603 3489 719 3568 gratia
742 3507 785 3554 ac
807 3505 907 3552 amor
933 3489 1048 3567 magis
1070 3489 1255 3568 magisque
1276 3489 1311 3552 in

97 3595 215 3659 nostris
230 3595 357 3660 animis
373 3611 558 3676 augeatur.
576 3595 702 3660 Amen.

145 3699 250 3766 Multa
266 3713 359 3778 sunt,
380 3701 485 3766 Pater
504 3703 730 3784 amplissime,
752 3702 814 3767 tibi
833 3703 1020 3766 scribenda
1041 3701 1191 3777 iliorum,
1217 3718 1308 3783 quae

93 3802 227 3873 Creator
242 3810 300 3873 iile
316 3809 419 3873 huius
436 3809 555 3874 mundi
570 3827 613 3873 ac
628 3808 798 3890 Princeps
809 3808 906 3874 Deus
920 3811 955 3872 in
967 3809 1035 3872 hoc
1048 3808 1211 3887 collegio,
1228 3825 1307 3871 cum

94 3915 234 3980 maximo
250 3916 407 3980 omnium
423 3917 592 3980 virtutum
611 3916 839 3996 increment0,
862 3925 1011 3997 quatuor
1032 3915 1087 3979 his
1109 3915 1311 3996 praeteritis

127 4209 133 4242 ¹
158 4211 291 4262 identitas.
302 4213 454 4258 Lusitaniae
465 4212 596 4268 Princeps.
608 4211 746 4258 Eboreaaia
756 4211 866 4267 collegii
878 4212 1006 4256 conditor.

123 4281 133 4312 ¹
157 4283 245 4331 Verba
258 4285 324 4330 haec
339 4284 381 4330 De
396 4283 526 4338 cambra,
546 4285 590 4330 dei
605 4285 754 4330 settembre
767 4286 834 4330 1556
849 4284 949 4329 addidit
966 4295 1056 4330 manaa
1071 4283 1179 4338 antiqua
1194 4288 1221 4328 et
1238 4289 1310 4326 certo

95 4360 196 4401 romana.

125 4424 135 4456 ⁸
158 4427 206 4476 Sic.
219 4433 274 4472 iam
284 4428 335 4479 iaie,
344 4434 399 4472 tam
410 4427 435 4473 in
446 4429 565 4474 versione
576 4429 660 4473 latina
670 4439 729 4472 mox
743 4427 911 4483 subjicienda.
923 4427 1023 4472 nomine
1039 4437 1089 4469 non
1105 4435 1237 4480 expreaao.
1248 4424 1309 4469 Exi·

93 4495 211 4545 sammua
220 4506 307 4546 uatem
318 4500 384 4545 hunc
395 4511 452 4545 eaae
463 4500 536 4546 iliam
545 4499 716 4545 Franciacum
725 4499 864 4550 Manciam.
875 4499 927 4553 qui,
938 4505 1015 4542 naida
1026 4497 1136 4552 Visonii,
1152 4495 1307 4542 Societatem

91 4563 255 4616 conimbricae
265 4571 397 4625 ingressus
408 4579 448 4616 eat
458 4579 492 4623 et,
504 4579 561 4627 post
573 4572 694 4616 emissam
704 4577 815 4628 quatuor
827 4577 947 4615 votorum
962 4569 1155 4626 professionem.
1166 4569 1191 4612 ia
1207 4565 1306 4613 Indiam

92 4640 181 4688 tandem
190 4653 258 4687 auno
269 4642 322 4687 ¹5⁶⁹
330 4643 478 4698 navigavit.
492 4643 556 4688 Vide
569 4643 682 4695 Faaaco.
696 4642 976 4697 synopsiaannalsam
988 4639 1131 4685 societatis
1141 4639 1207 4696 Jesu
1219 4640 1247 4684 dn
1258 4639 1308 4684 La·

93 4709 190 4766 silenda,
202 4715 236 4760 ad
247 4727 289 4760 aa.
301 4715 361 4766 15⁶9.
371 4727 414 4760 nn.
423 4716 493 4762 md.

125 4785 136 4820 ὅ
159 4787 332 4844 autographa
342 4789 439 4844 duplici
449 4789 518 4842 ioiio,
530 4801 570 4835 nn.
582 4791 623 4834 549
633 4795 658 4834 et
668 4789 716 4834 mo.
