3578 5534
735 535 798 592 Au.
822 534 891 594 1556
1395 533 1430 593 lsi

194 679 260 742 bus
274 697 408 754 eorum,
425 679 486 759 qui
496 677 605 742 fuisse
620 678 865 742 interfectores
880 677 1099 755 dicebantur,
1114 679 1172 742 cui
1188 695 1311 743 omnes
1323 680 1426 744 vehe-

184 794 333 848 ¹menter
347 785 566 848 obsistebant
580 795 686 864 atque
701 785 846 846 omnino
860 785 1041 863 negabant
1056 783 1092 847 id
1107 795 1281 864 oportere.
1299 785 1428 865 Quam·

195 892 319 955 obrem
339 891 543 972 praefectus
562 892 681 971 populi
703 891 887 954 mandauit
899 891 968 952 illis
980 891 1147 954 continuo
1160 891 1203 954 ab
1217 893 1304 955 urbe
1316 891 1429 957 disce·

197 999 294 1076 dere,
326 999 386 1078 qui
404 997 631 1061 libentissime
646 997 874 1076 obediebant,
898 997 992 1076 quod
1016 997 1046 1060 si
1067 997 1178 1076 fieret,
1195 999 1352 1062 omnium
1377 1017 1430 1062 re·

196 1105 273 1168 latu
296 1106 333 1168 in
357 1105 467 1168 totius
490 1105 610 1185 populi
634 1103 771 1168 cladem
798 1103 1033 1184 redundabat,
1059 1105 1293 1185 bellicumque
1313 1107 1431 1170 incen-

194 1211 294 1275 dium
315 1212 566 1276 suscitabatur:
592 1221 628 1274 at
652 1227 738 1274 uero
766 1210 811 1274 ab
836 1211 1037 1274 huiusmodi
1059 1212 1214 1291 pernicie
1229 1213 1429 1292 praefectus

194 1320 343 1398 cupiens
354 1321 451 1382 ciues
466 1335 610 1382 seruare
634 1319 842 1391 incolumes
871 1315 996 1382 Patres
1021 1319 1200 1396 convenit,
1226 1320 1354 1400 quibus
1371 1327 1430 1383 'ra-

194 1425 328 1488 tionem
343 1425 512 1488 facinoris
523 1442 595 1488 non
609 1425 685 1487 sine
700 1424 822 1487 dolore
838 1423 969 1498 retulit,
990 1423 1034 1486 de
1053 1441 1184 1504 quare
1203 1441 1284 1488 curn
1303 1424 1429 1490 Patres

190 1531 491 1615 intercessissent,
507 1531 668 1595 cumillis
683 1532 831 1594 multum
845 1529 1081 1610 profecerunt,
1096 1530 1360 1612 perfectumque
1371 1543 1426 1596 est

194 1647 236 1699 vt
255 1637 539 1717 perturbationes
564 1646 598 1700 et
627 1638 797 1700 turnultus
823 1635 891 1700 Dei
921 1636 1053 1700 auxilio
1078 1636 1303 1718 sedarentur,
1333 1640 1428 1718 quod

192 1744 372 1822 omnibus
389 1743 531 1808 Christo
546 1744 675 1823 gratia,
693 1743 758 1807 luit
774 1744 1012 1808 admirationi.

258 1850 438 1914 Accedam
452 1851 523 1914 iam
538 1851 584 1914 ad
609 1851 756 1930 reliqua,
783 1867 874 1931 quae
897 1850 983 1912 mibi
1002 1849 1170 1913 scribenti
1196 1851 1232 1914 in
1247 1852 1302 1914 his
1318 1852 1428 1916 literis

112 1937 119 1950 ’
195 1959 382 2038 proposita
397 1968 489 2036 sunt,
506 1956 598 2039 quod
624 1957 779 2020 adhunc
804 1956 898 2020 diem
923 1957 1074 2036 singulis
1089 1955 1212 2020 diebus
1232 1958 1268 2021 in
1283 1957 1350 2022 hoc
1365 1976 1429 2039 gy-

194 2065 336 2128 mnasio
361 2065 466 2129 binae
490 2065 660 2128 lectiones
674 2064 875 2143 theologiae
890 2063 1203 2144 praelegebantur,
1221 2081 1310 2144 quas
1327 2083 1429 2130 nunc

194 2169 235 2233 P.
251 2171 467 2235 Franciscus
480 2171 632 2251 Borgius
647 2171 881 2251 praetermitti
893 2171 1080 2250 praecipit,
1097 2187 1177 2233 curn
1189 2181 1223 2233 et
1234 2171 1350 2235 nullus
1364 2170 1429 2235 So-

190 2279 346 2354 cietatis,
364 2296 430 2341 nec
451 2288 630 2356 externus,
658 2277 703 2340 sit
729 2277 880 2354 auditor,
909 2285 984 2339 tum
1003 2285 1147 2357 propter
1169 2277 1351 2356 ingentem
1371 2297 1429 2342 ne·

192 2387 412 2461 cessitatem,
428 2401 498 2464 qua
512 2384 709 2462 Collegium
728 2383 910 2463 premitur;
936 2391 989 2446 est
1004 2383 1098 2445 enim
1113 2391 1243 2446 tectum
1263 2401 1429 2463 reparan-

191 2493 293 2570 dum,
309 2502 343 2554 et
358 2491 521 2555 firmandi
530 2491 693 2570 parietes,
710 2490 746 2552 in
758 2507 828 2570 qua
840 2489 999 2568 impensa
1010 2506 1082 2552 non
1092 2489 1280 2554 mediocris
1291 2507 1430 2555 summa

194 2599 371 2678 pecuniae
396 2599 626 2678 expendetur:
653 2598 689 2659 id
713 2596 847 2660 idcirco
873 2605 927 2659 est
954 2613 1085 2659 causae
1109 2598 1297 2675 quominus
1311 2615 1429 2678 prose·

194 2715 353 2786 quantur
368 2706 496 2784 studia;
512 2706 647 2768 interea
662 2713 780 2767 tamen
796 2705 854 2767 hic
868 2704 1124 2783 permanebunt
1143 2713 1295 2783 quatuor
1314 2723 1429 2769 sacer-

194 2811 300 2875 dotes
315 2813 525 2876 confessarii
541 2829 583 2875 ac
598 2811 881 2887 concionatores,
904 2811 965 2890 qui
986 2827 1064 2873 sese
1089 2811 1246 2891 quotidie
1261 2824 1429 2876 accurate

193 2928 377 2996 exercent,
394 2919 514 2982 audita
531 2926 777 2988 retractantes,
801 2917 977 2980 audienda
993 2917 1242 2996 praeuidentes
1262 2929 1369 2999 atque
1383 2921 1429 2983 ad

194 3023 442 3088 confessiones
469 3041 507 3087 se
535 3033 721 3103 parantes,
751 3024 788 3086 in
819 3023 944 3101 dubiis,
982 3024 1108 3102 quibus
1136 3023 1241 3088 Pater
1274 3037 1427 3104 praeest,

195 3130 427 3195 illustrandis.
455 3130 535 3195 Duo
557 3132 701 3211 insuper
725 3130 930 3194 sacerdotes
952 3128 1080 3194 docent
1100 3133 1373 3209 grammaticam
1386 3151 1428 3197 ea

194 3255 297 3315 cura,
314 3239 432 3301 studio
457 3248 492 3300 et
516 3235 751 3300 sollicitudine
776 3254 818 3300 ac
842 3238 1017 3315 exemplo,
1039 3245 1079 3299 vt
1099 3238 1242 3317 copiose
1267 3241 1430 3304 omnibus

193 3345 432 3408 satisfaciant.
449 3343 535 3408 Illud
550 3345 656 3407 etiam
672 3344 776 3406 silere
795 3360 867 3406 non
881 3353 1006 3423 potero
1027 3343 1121 3423 quod
1136 3356 1170 3407 et
1190 3344 1345 3426 quinque
1361 3344 1431 3408 fra·

194 3463 272 3520 tres
286 3471 306 3514 a
322 3451 418 3514 Divo
432 3451 530 3514 Luca
550 3451 755 3528 magisterio
780 3449 979 3513 liberalium
1005 3450 1136 3512 artium
1162 3461 1243 3514 sunt
1259 3452 1428 3530 insigniti,

195 3576 241 3622 ac
256 3558 518 3639 quamprimum
533 3557 602 3620 duo
617 3558 701 3619 item
716 3556 752 3619 iu
767 3573 871 3618 sacra
886 3556 1067 3635 theologia
1082 3567 1163 3620 sunt
1181 3559 1289 3621 futuri
1308 3557 1430 3622 docto·

196 3683 269 3744 res,
286 3683 436 3747 quorum
452 3666 541 3726 alter
555 3673 609 3726 est
624 3676 827 3740 extraneus;
844 3663 1003 3726 omnium
1015 3663 1188 3743 Magistro
1202 3665 1331 3743 gratia.

259 3772 359 3836 Haec
373 3781 467 3848 sunt,
484 3770 559 3834 R}ie
582 3769 698 3847 Pater,
715 3786 852 3832 summa
872 3769 1001 3848 capita,
1018 3787 1107 3849 quae
1122 3770 1207 3833 duxi
1228 3771 1428 3848 scribenda,

196 3880 368 3962 quoniam
389 3878 530 3957 singula
548 3879 693 3956 longum
714 3885 808 3938 esset
832 3875 918 3938 mihi
940 3893 1137 3939 recensere.
1164 3875 1255 3955 Quid
1275 3876 1429 3943 referam

193 3985 420 4062 industriam,
447 3985 642 4076 splertiam,
669 3982 933 4060 dexteritatem,
957 3981 1171 4062 doctrinam,
1196 3982 1428 4050 eruditionem

193 4093 310 4158 nostri
326 4090 511 4168 Praefecti,
527 4108 618 4170 quae
634 4099 757 4169 aperta
772 4099 854 4152 sunt
869 4089 1045 4152 omuibus?

258 4199 391 4264 Omnes
406 4199 463 4263 hic
479 4208 573 4262 recte
588 4198 756 4274 valemus,
774 4205 808 4258 et
828 4196 889 4259 tibi
905 4197 1140 4278 precibusque
1160 4198 1230 4261 tuis
1244 4216 1310 4263 nos
1324 4200 1429 4264 vnlcc

188 4306 498 4374 commendamus.
511 4303 613 4381 Vale,
630 4303 747 4366 Pater.

254 4413 429 4490 Gandiae‚
447 4411 591 4478 Calend.
607 4410 768 4492 Januarii
782 4427 875 4472 anno
893 4429 914 4472 a
930 4428 1017 4490 pace
1034 4412 1200 4476 vniuersa
1219 4411 1306 4478 1556.

254 4523 296 4586 Τ.
314 4521 356 4585 R.
371 4519 462 4584 lilius
476 4521 514 4583 in
528 4519 669 4582 Christo
686 4516 864 4595 indignus,

991 4733 1035 4797 A.
1054 4735 1205 4808 Lucano
