3510 5526
380 455 448 514 698·
848 453 1021 510 Aresmux
1042 467 1143 510 parua

383 601 490 664 aedes
516 599 660 678 triginta
682 599 788 676 mille,
808 609 848 661 vt
867 598 978 678 aiunt,
999 597 1128 661 aureis.
1153 596 1394 660 constituerat
1418 606 1610 677 praeterea

381 708 501 770 animo
516 724 581 770 suo
596 708 706 769 multa
722 705 791 769 alia
811 706 956 783 donare,
980 721 1085 785 quem
1107 705 1264 768 animum
1288 721 1351 784 per
1374 706 1505 767 multos
1530 703 1609 768 dies

381 833 453 878 non
477 811 653 894 patefecit,
681 822 755 875 tum
779 822 817 874 ut
842 821 940 876 certo
962 812 1055 874 illius
1075 812 1270 874 voluntatis
1291 812 1400 874 motio
1425 819 1610 874 constaret

381 921 464 1000 sibi,
491 931 565 984 tum
585 929 623 982 ut
642 919 814 998 quosdam
834 921 1032 981 consuleret
1053 918 1349 997 consanguineos.
1372 917 1546 998 Quamuis
1565 935 1609 980 eo

381 1029 496 1092 fuerat
510 1028 585 1090 zelo
600 1025 749 1088 affectus
763 1043 912 1104 semper,
929 1036 968 1088 vt
982 1026 1091 1088 nollet
1104 1025 1294 1106 quicquam
1307 1025 1396 1088 certi
1417 1041 1499 1088 curu
1523 1024 1610 1087 ciui·

380 1145 453 1198 tate
467 1135 508 1200 P.
523 1133 713 1197 Villanoua
728 1131 945 1210 decerneret,
962 1150 1006 1195 ne
1021 1134 1096 1213 ipse
1110 1133 1277 1196 exclusus
1291 1141 1464 1197 maneret.

440 1241 600 1322 Cumque
614 1257 719 1320 super
735 1239 789 1302 his
803 1250 901 1303 muta
1022 1248 1122 1302 neret
1139 1240 1160 1318 ¹,
1177 1241 1275 1304 venit
1288 1239 1428 1302 interim
1445 1237 1483 1302 P.
1496 1237 1612 1301 Fran·

382 1350 510 1426 ciscuS,
526 1348 584 1428 qui
600 1345 763 1411 Corduba
779 1347 914 1425 aberat,
931 1363 1000 1427 quo
1016 1355 1202 1426 praesente
1218 1361 1435 1426 magnopere
1446 1345 1512 1408 luit
1523 1346 1611 1408 inci-

379 1463 488 1534 tatuS,
501 1465 536 1517 et
551 1471 652 1518 suam
671 1463 823 1518 mentem
839 1454 1041 1534 explicauit.
1065 1453 1197 1516 Habuit
1218 1453 1372 1531 gratiam
1396 1451 1433 1515 P.
1462 1451 1613 1516 Franci·

380 1581 462 1626 scus
476 1563 538 1640 illi,
555 1548 625 1640 qui,
641 1578 713 1624 non
729 1561 920 1624 constituto
934 1560 1091 1640 negotio,
1108 1559 1304 1622 Montiliam
1326 1559 1392 1622 luit
1412 1559 1610 1639 profectus.

441 1668 576 1732 Interea
593 1667 719 1731 nobilis
738 1666 900 1730 dominus
921 1667 1077 1748 Joannes
1098 1667 1170 1745 egit
1189 1666 1233 1729 de
1252 1667 1308 1730 his
1328 1683 1409 1728 cum
1430 1666 1610 1744 Magistro

380 1775 498 1853 Auila,
525 1775 625 1837 cuius
651 1774 862 1838 sententiam
881 1791 1021 1854 semper
1039 1774 1181 1854 plurimi
1199 1773 1294 1852 secit,
1316 1774 1478 1854 quicum
1500 1775 1612 1853 pluri·

381 1899 477 1946 mum
491 1901 512 1945 a
528 1891 627 1944 tanto
642 1881 814 1959 Magistro
830 1881 1006 1943 excitatus
1020 1879 1154 1959 fuisset,
1171 1897 1242 1942 non
1256 1881 1370 1959 potuit
1383 1879 1504 1944 iacere
1518 1881 1609 1960 quin

379 1989 658 2068 chirographum
673 1987 785 2064 daret,
803 2005 873 2066 quo
888 2004 926 2049 se
942 1987 1048 2049 aedes
1063 1987 1228 2050 daturum
1243 1987 1343 2049 uobis
1358 1987 1610 2068 pollicebatur,

383 2096 572 2160 dummodo
588 2095 715 2158 ciuitas
727 2096 872 2157 annales
885 2094 1056 2174 quosdam
1068 2093 1226 2157 redditus
1237 2095 1282 2156 ab
1294 2111 1336 2156 eo
1348 2093 1517 2175 demeret,
1531 2097 1611 2174 qui·

381 2204 448 2266 bus
463 2202 612 2280 singulis
627 2202 730 2264 annis
742 2211 886 2280 propter
900 2200 1006 2264 aedes
1022 2202 1066 2262 ad
1081 2200 1288 2264 soluendum
1308 2201 1501 2264 adstrictus
1515 2215 1609 2265 erat.

381 2309 521 2373 Etcum
537 2325 616 2371 eum
637 2316 734 2370 certa
758 2307 906 2386 pecunia
928 2308 1087 2370 nonnulli
1106 2307 1261 2370 ciuitatis
1278 2307 1540 2388 gubernatores
1561 2312 1607 2372 ab

381 2417 449 2480 illis
460 2416 653 2479 redditibus
662 2412 1180 2493 liberassent,Praetor’etiam
1189 2431 1226 2478 se
1235 2414 1281 2476 ad
1291 2415 1445 2495 idipsum
1456 2414 1612 2479 adstrin-

383 2525 504 2601 xisset,
520 2541 591 2586 non
607 2521 780 2585 dubitauit
796 2521 831 2584 id
846 2521 978 2583 facere:
995 2537 1063 2600 qua
1079 2521 1221 2599 quidem
1236 2521 1271 2584 in
1287 2539 1325 2584 re
1344 2522 1534 2600 plurimum
1560 2525 1613 2586 iu·

382 2631 433 2692 uit
449 2645 525 2718 uos
542 2646 647 2709 quem
662 2628 767 2692 Pater
782 2627 972 2690 Villanoua
986 2627 1022 2689 in
1038 2627 1277 2705 spiritualibus
1288 2639 1498 2692 exercuerat
1510 2625 1531 2690 ³.
1547 2628 1612 2692 Vi·

381 2735 516 2815 gilabat
533 2737 673 2798 interim
689 2736 851 2798 dominus
866 2734 1031 2816 JoanneS,
1050 2742 1083 2796 et
1098 2744 1234 2798 tantam
1249 2734 1315 2798 Dei
1336 2737 1481 2800 maximi
1505 2737 1612 2800 mise·

385 2843 576 2906 ricordiam
592 2842 817 2920 suspiciebat,
834 2859 914 2904 cum
928 2840 1078 2904 vidisset
1100 2841 1136 2904 in
1162 2841 1234 2904 suis
1259 2841 1405 2906 aedibus
1430 2843 1546 2907 Deum
1575 2847 1611 2908 in

385 2950 540 3013 futurum
565 2965 642 3012 esse
666 2949 892 3026 laudandum,
921 2965 1024 3028 quem
1051 2959 1156 3011 antea
1184 2948 1353 3028 improbis
1382 2950 1484 3029 uiriS,
1514 2951 1612 3014 ludis

385 3067 491 3137 atque
507 3057 585 3120 aliis
599 3055 721 3120 mundi
736 3055 908 3118 illecebris
924 3056 1088 3118 eiecerat.
1107 3053 1241 3118 Verum
1256 3064 1355 3118 tanta
1367 3066 1422 3119 est
1433 3055 1499 3120 Dei
1511 3058 1611 3122 boni-

383 3173 451 3242 tas,
467 3174 507 3226 vt
521 3163 557 3226 in
572 3162 669 3240 lociS,
686 3163 732 3224 ad
748 3161 927 3224 hominum
942 3161 1149 3224 memoriam
1163 3161 1369 3241 aedificatis,
1394 3180 1520 3243 passus
1536 3164 1610 3227 sue·

381 3270 427 3332 rit
442 3287 480 3332 se
494 3269 642 3332 laudari.

444 3374 514 3440 Sed
529 3384 568 3437 vt
583 3375 625 3438 de
641 3376 785 3439 aedibus
802 3377 929 3454 dicam,
952 3387 1115 3456 poterunt
1137 3378 1277 3457 quidem
1297 3378 1333 3440 in
1355 3379 1407 3442 eis
1427 3379 1610 3443 aedificari

388 3483 564 3546 celebrata
591 3484 751 3562 collegia.
775 3481 882 3546 Dedit
904 3493 1087 3563 praeterea
1109 3482 1272 3547 dominus
1295 3484 1450 3567 Joannes
1472 3503 1610 3562 aream,

387 3590 444 3652 ubi
459 3600 624 3670 poterunt
637 3589 883 3653 Cordubenses
898 3607 963 3652 sua
983 3591 1171 3670 gymnasia
1192 3591 1418 3654 constituere.
1440 3591 1609 3656 Decreuit

383 3697 527 3776 insuper
542 3698 710 3760 sacellum
725 3696 862 3774 erigere
878 3697 981 3759 simul
993 3713 1073 3760 cum
1086 3714 1170 3760 arca
1186 3707 1220 3760 et
1232 3698 1378 3761 clathris
1390 3699 1519 3776 ferreis
1536 3700 1609 3763 hoc

423 3971 430 4002 ¹
446 3973 449 3978 '
461 3973 562 4015 Attrita
574 3979 613 4014 est
625 3972 675 4024 llic,
686 3983 737 4024 qua
745 3978 820 4024 parte
832 3973 930 4025 plicata
939 3972 998 4015 olim
1008 3972 1064 4024 luit,
1072 3971 1165 4015 charta
1172 3979 1197 4015 et
1206 3973 1388 4018 desiderantur
1401 3977 1537 4018 verborum
1554 3975 1612 4018 ira·

382 4048 496 4096 gmeuta,
508 4053 614 4097 quaene
625 4043 764 4087 divinando
774 4043 876 4096 quidem
884 4042 990 4086 reticere
1001 4045 1127 4087 valemus.

423 4113 433 4145 ¹
462 4114 533 4157 Voce
544 4116 593 4158 hac
601 4117 714 4168 praetor
725 4115 907 4168 intelligendus
917 4115 959 4158 hic
970 4117 1041 4158 venit
1053 4115 1157 4160 Consilii
1169 4117 1412 4174 civitatlsPraeses,
1421 4119 1518 4174 hispan'
1575 4121 1612 4154 ¹¹·

383 4181 468 4229 ιἀὶιὶι.
478 4185 545 4228 Vide
556 4195 641 4240 supra.
651 4186 809 4240 praesertim
819 4194 837 4228 t.
850 4195 875 4239 u,
886 4196 946 4240 pag.
956 4186 1004 4238 61⁶,
1015 4197 1103 4230 annot.
1114 4188 1134 4229 l.

422 4256 433 4287 ³
461 4257 562 4310 Duplex
571 4259 647 4312 hujus
657 4257 801 4300 sententiae
813 4269 903 4300 sensus
914 4269 969 4301 esse
981 4265 1073 4312 potest,
1085 4258 1152 4304 Nam
1161 4261 1204 4303 vel
1214 4261 1353 4315 respondet
1364 4263 1396 4306 ils
1405 4261 1540 4317 hlspaulcls
1549 4273 1612 4304 ver·

382 4332 430 4376 bis:
441 4340 474 4372 en
482 4329 507 4371 ὶο
518 4329 579 4372 ικαὶ
589 4330 640 4380 (vel
648 4335 720 4383 para
730 4329 755 4371 ὶο
765 4329 836 4382 ικαὶ)
847 4340 893 4372 nos
903 4330 991 4384 uyudd
1003 4330 1095 4374 macho
1103 4340 1153 4383 que
1164 4331 1189 4374 el
1199 4331 1228 4375 P.
1246 4331 1438 4378 Villarruevule
1450 4333 1526 4378 habia
1535 4333 1612 4376 dudo

382 4401 579 4458 lospr'ercirios,
588 4401 631 4442 vel
641 4401 689 4444 bis:
701 4411 734 4444 en
744 4400 771 4452 lo
779 4401 841 4445 ικαὶ
851 4402 902 4450 (vel
909 4406 980 4454 pura
996 4401 1021 4443 ὶο
1032 4401 1103 4454 ικαὶ)
1113 4413 1160 4446 nos
1176 4403 1264 4458 ayudd
1282 4403 1376 4448 κικιὶιο
1386 4417 1448 4459 κκα,
1461 4407 1477 4448 d
1489 4406 1564 4459 quien
1582 4405 1611 4446 el

382 4473 412 4518 P.
428 4471 587 4516 Villamrevu
598 4470 678 4514 habia
689 4472 759 4515 dado
769 4472 808 4514 los
819 4471 964 4526 efercr'tu'os.
976 4471 1002 4516 Sl
1013 4472 1130 4526 primum,
1141 4483 1202 4517 tunc
1211 4485 1285 4528 quem
1293 4474 1321 4518 P.
1333 4474 1489 4521 Vlllanuevn
1497 4475 1520 4518 iu
1528 4474 1611 4525 spiri·

382 4545 496 4588 tualibus
506 4549 666 4596 exercuerat,
682 4551 721 4586 est
733 4544 786 4598 lpse
799 4543 915 4598 Praetor;
927 4544 948 4586 ri
958 4545 1106 4592 secundum.
1116 4545 1190 4588 alius.
1200 4543 1266 4590 Uter
1275 4555 1363 4590 tutem
1373 4547 1465 4592 horum
1474 4545 1609 4600 eligendus

381 4616 426 4666 sit,
441 4615 499 4658 dum
510 4615 647 4668 hispanum
656 4615 803 4658 litterarum
819 4607 964 4671 exemplum
974 4615 1146 4670 desideratur,
1162 4618 1296 4662 nescimus.
1312 4617 1402 4668 Latini
1416 4601 1513 4674 quiden
1526 4615 1608 4670 buius

383 4687 496 4742 exempli
507 4687 626 4743 syntaxis
635 4686 746 4729 secundo
756 4685 843 4740 potius
852 4685 925 4731 lavet
935 4689 1110 4743 quamprimo.
