3410 5528
382 537 437 596 374
768 529 940 592 erruaae
958 544 1229 599 ouaomuasraas

384 683 525 748 citatus.
540 683 591 747 Ea
606 697 692 746 uero
706 686 884 762 perorata,
901 695 1024 742 omnes
1038 677 1112 742 sere
1128 677 1227 742 ciues
1241 679 1334 758 patri
1357 675 1600 741 adolescentuli

384 790 665 871 gratulabantur.
682 789 742 869 qui
756 795 840 851 tunc
855 785 991 862 aderat,
1008 785 1102 866 quod
1112 784 1258 849 haberet
1269 783 1380 848 filium
1392 784 1456 848 tali
1467 783 1599 864 ingenio

384 897 594 978 praeditum.
610 895 724 959 Huius
739 894 909 959 orationis
924 910 1053 957 nomen
1067 908 1131 974 per
1151 900 1263 956 totam
1285 892 1409 956 urbem
1428 891 1600 954 emanauit

385 1005 473 1070 adeo
487 1013 526 1068 ut
541 1002 698 1067 nonnulli
712 1001 781 1066 uiri
794 1001 941 1080 nobileS,
957 999 1173 1080 poenitentia
1188 998 1284 1062 ducti
1307 998 1402 1080 quod
1421 997 1516 1062 illam
1535 1014 1600 1062 non

385 1109 595 1191 audiuerint,
612 1127 633 1173 a
648 1109 749 1173 nobis
764 1107 946 1188 exemplar
961 1107 1108 1170 summis
1121 1105 1287 1186 precibus
1302 1105 1537 1186 postularent:
1557 1104 1600 1167 in·

385 1226 439 1282 ter
454 1234 542 1300 quos
557 1216 621 1280 luit
641 1215 810 1295 Princeps
828 1213 941 1278 Doria
961 1217 983 1293 ¹,
1005 1214 1076 1293 qui,
1102 1213 1250 1282 simulac
1274 1211 1409 1276 audiuit
1429 1228 1510 1276 earn
1529 1227 1601 1274 esse

386 1324 545 1388 habitam
570 1323 777 1400 orationem,
799 1329 936 1403 patrem
957 1319 1220 1394 adolescentuli,
1243 1319 1302 1400 qui
1323 1318 1507 1400 sanguinis
1526 1335 1601 1382 con·

385 1432 562 1496 iunctione
577 1439 630 1494 est
645 1430 694 1494 illi
708 1431 905 1509 copulatuS,
923 1428 1123 1508 accersiuit,
1140 1445 1247 1508 seque
1267 1434 1464 1508 praesente,
1481 1426 1602 1490 oratio·

385 1557 465 1604 nem
479 1538 624 1603 recitari
636 1537 750 1618 iussit,
765 1554 856 1617 quae
871 1536 1060 1617 plurimum
1073 1535 1123 1598 illi
1138 1535 1281 1614 placuit.
1299 1533 1397 1598 Haec
1409 1551 1467 1597 res
1479 1532 1602 1598 ciuium

385 1647 523 1710 animos
543 1645 669 1710 mirum
688 1643 724 1708 in
746 1644 888 1708 modum
909 1643 1091 1706 excitauit.
1115 1641 1206 1706 Nam
1228 1641 1381 1723 plurimi,
1408 1641 1467 1723 qui
1493 1639 1602 1704 adhuc

384 1751 481 1817 dubii
494 1760 596 1815 erant
610 1751 834 1815 mitterentne
847 1750 979 1813 liberos
997 1767 1082 1814 suos
1104 1748 1150 1812 ad
1169 1765 1246 1828 noS,
1269 1748 1494 1812 cunctatione
1514 1747 1602 1811 omni

369 1860 556 1947 deposita,
572 1859 673 1922 nobis
692 1857 770 1921 illos
785 1857 1024 1936 tradiderunt,
1046 1857 1111 1937 qui
1130 1873 1201 1920 non
1223 1875 1272 1918 ax
1289 1855 1524 1936 pauperihus,
1545 1853 1603 1916 sed

384 1985 432 2030 ex
450 1965 669 2048 pn‘manhus
695 1965 794 2028 urbis
818 1969 936 2030 erant.
963 1965 1178 2028 Benedictus
1204 1963 1253 2028 sr't
1277 1961 1470 2040 Donnnns,
1490 1980 1514 2024 a
1538 1977 1601 2042 quo

384 2074 468 2137 haec
482 2073 601 2138 omm'a
615 2078 789 2154 tanquam
803 2091 821 2135 e
828 2073 937 2151 sonte
946 2071 1103 2152 perenni
1118 2071 1316 2150 affluenter
1331 2074 1511 2134 emanant.

444 2179 511 2244 Die
525 2180 739 2278 sanctissimi
754 2179 922 2260 Corporis
937 2178 1068 2242 Christi
1088 2195 1153 2258 pro
1173 2177 1306 2242 loribus
1326 2176 1475 2257 Collegii
1495 2175 1603 2240 nostri

384 2295 626 2354 constructum
639 2287 705 2351 tuit
724 2288 836 2350 altare
851 2286 1040 2365 quoddam,
1057 2285 1151 2366 quod
1171 2286 1252 2348 illac
1275 2285 1428 2348 transire
1452 2282 1603 2348 Sanctis·

384 2396 511 2460 simum
526 2393 794 2459 Sacramentum
809 2394 910 2471 solet,
927 2401 1008 2456 ante
1025 2393 1124 2457 cuius
1135 2409 1319 2456 accessum
1331 2391 1494 2472 dispositi
1505 2399 1604 2454 erant

382 2502 650 2584 quatuordecim
678 2501 790 2582 pueri,
820 2503 1028 2580 angelorum
1054 2509 1202 2580 agentes
1226 2515 1428 2581 personam,
1455 2514 1603 2580 quorum

382 2610 514 2690 singuli
528 2609 743 2673 carminibus
758 2609 1021 2673 sanctissimum
1043 2606 1175 2672 Christi
1194 2605 1334 2689 Corpus
1356 2607 1450 2670 laeto
1472 2622 1535 2669 ore
1554 2621 1604 2668 sa·

382 2722 550 2793 lutarunt,
567 2717 679 2780 donec
694 2725 902 2797 peruentum
917 2725 1011 2778 esset
1025 2715 1071 2778 ad
1085 2715 1210 2790 altare,
1226 2714 1284 2778 ubi
1300 2723 1372 2778 tres
1392 2713 1463 2792 alii,
1484 2729 1604 2777 coram

381 2825 606 2890 sanctissimo
623 2821 866 2902 Sacramento,
882 2829 916 2885 et
930 2821 1190 2886 Illustrissr'mo
1206 2822 1306 2885 Duce
1325 2820 1348 2897 ⁸,
1371 2829 1405 2884 et
1424 2819 1604 2885 Cardinali

381 2932 506 3012 Cigala
526 2930 549 3010 ⁸,
570 2932 759 3012 Episcopo,
780 2929 1000 3010 caeterisque
1020 2929 1118 3009 uiriS,
1142 2928 1408 3010 quinquaginta
1422 2928 1510 3006 sere
1529 2942 1603 2990 aar·

380 3039 478 3102 mina
493 3039 704 3102 recitarunt.
726 3038 755 3101 T
753 3021 820 3101 um‘
827 3035 1000 3117 temporis
1014 3033 1027 3067 ⁴
1040 3035 1184 3116 quidam
1195 3053 1283 3117 puer
1294 3052 1417 3099 omnes
1427 3033 1601 3111 inuitauit,

380 3155 418 3209 ut
432 3145 634 3226 frequentes
649 3145 879 3208 conuenirent
894 3143 1017 3212 eodem
1032 3141 1109 3222 ipso
1130 3143 1196 3219 die,
1214 3143 1456 3224 pomeridiano
1472 3150 1604 3222 tempo·

379 3269 430 3330 re,
447 3253 483 3316 in
498 3253 685 3316 ecclesiam
701 3252 939 3317 cathedralem
954 3253 1001 3316 ad
1015 3251 1229 3317 audiendam
1240 3251 1346 3314 aliam
1358 3249 1569 3329 orationem,
1585 3265 1605 3310 a

382 3347 536 3440 quodam
561 3369 682 3423 nostro
705 3359 919 3423 scholastico
943 3359 1152 3439 habendam,
1178 3357 1271 3439 quod
1295 3375 1366 3422 non
1390 3356 1606 3422 mediocrem

382 3467 450 3531 illis
466 3467 581 3530 attulit
603 3466 792 3531 laetitiam:
814 3467 1009 3530 declarauit
1028 3465 1097 3530 hoc
1117 3464 1314 3542 multitudo,
1337 3481 1428 3544 quae
1450 3473 1531 3546 post
1551 3480 1605 3527 ue·

380 3573 689 3656 spertinaspreces
698 3573 863 3636 interluit.
877 3573 968 3636 Nam
979 3573 1044 3636 etsi
1057 3572 1238 3650 lassitudo,
1252 3589 1322 3652 qua
1331 3570 1492 3652 oppressi
1505 3579 1605 3634 erant

380 3699 426 3745 ex
446 3683 554 3760 longo
569 3681 705 3759 itinere,
727 3697 808 3743 cum
828 3697 957 3760 corpus
977 3679 1192 3743 dominicum
1212 3679 1478 3757 comitarentur,
1503 3677 1606 3758 impe

380 3789 535 3854 dimento
550 3788 666 3852 lutura
682 3788 867 3852 uidebatur
887 3787 1075 3868 quominus
1097 3787 1340 3865 conuenirent,
1362 3794 1461 3849 tanta
1483 3784 1605 3849 nihilo·

381 3896 499 3960 minus
513 3895 704 3975 cupiditate
719 3895 919 3975 flagrabant
935 3895 1106 3959 orationis
1121 3894 1329 3971 audiendae,
1341 3905 1379 3957 ut
1391 3891 1603 3957 desiderium

381 4003 672 4082 defatigationem
687 4003 923 4084 superauerit:
939 4002 1060 4065 habita
1076 4019 1162 4080 ergo
1178 4001 1241 4066 luit
1261 4001 1375 4066 oratio
1395 4001 1438 4064 de
1458 3999 1603 4065 sanctis·

380 4111 470 4174 simo
485 4109 731 4174 Eucharistiae
746 4117 982 4188 sacramento,
999 4108 1056 4173 cui
1067 4108 1233 4189 frequens
1246 4106 1397 4174 Senatus
1411 4125 1493 4172 cum
1504 4107 1604 4172 Duce

381 4217 549 4284 interfuit.

421 4497 429 4530 ⁴
459 4497 679 4543 AndreaaDorlu.

421 4573 433 4606 ¹
459 4573 568 4615 astante
578 4569 657 4614 Duce.
668 4570 808 4616 Poaarrcuo.
820 4570 869 4615 llic
879 4571 938 4616 Dux
948 4578 1006 4618 erat
1017 4571 1179 4628 Augustinus
1189 4571 1312 4618 Pinellua.
1327 4569 1474 4624 Rivaaomu,
1485 4569 1609 4622 Descrip-

380 4644 439 4686 cion
450 4643 588 4693 historica,
598 4644 657 4694 etc„
667 4642 700 4686 de
712 4643 828 4697 Genava,
838 4655 896 4698 cap.
904 4655 967 4689 xxv.

420 4714 433 4747 ⁸
458 4713 570 4767 Joannee
580 4713 700 4768 Baptista
712 4714 811 4761 cicala.

420 4786 433 4820 ⁸
458 4789 519 4845 post
529 4785 645 4836 cartulae
657 4785 779 4838 recitata,
792 4785 933 4835 Pouuuout.
