3410 5528
585 547 649 608 Au.
672 546 742 608 1556
1222 543 1277 602 315

64 693 129 758 Nec
142 698 275 775 mirum,
293 713 373 760 cum
388 695 544 777 quotidie
560 713 597 760 re
611 695 689 777 ipsa
704 695 935 775 comperiant,
951 710 1058 774 quam
1077 691 1187 756 multa
1205 691 1277 754 ioe-

65 803 217 868 licissima
241 803 396 884 ingenia,
423 820 599 884 quamque
623 803 779 867 omnium
807 801 883 865 siue
909 800 1175 880 disciplinarum
1201 800 1277 863 siue

66 909 220 975 virtutum
234 912 453 975 ornamentis
468 910 636 992 insignita
647 910 728 974 hinc
743 917 940 989 emergant,
952 909 1194 990 prodeantque
1207 923 1276 970 non

64 1017 220 1083 mediocri
240 1017 401 1100 prolecto
424 1017 652 1099 Reipublicae
676 1016 874 1096 commodo,
902 1033 1054 1097 quorum
1075 1014 1133 1078 illa
1158 1012 1277 1078 hume·

63 1123 107 1188 ris
119 1142 185 1191 non
198 1143 281 1190 raro
301 1126 470 1190 inclinata
490 1125 671 1204 recumbit,
696 1123 786 1188 adeo
809 1132 849 1187 vt
866 1124 929 1187 vix
950 1123 1103 1203 aliquem
1123 1121 1277 1203 reperire

63 1233 114 1309 sit,
130 1235 185 1314 qni
203 1234 276 1298 suis
295 1233 416 1297 liberis
434 1234 545 1314 probe
563 1240 790 1314 prospectum
810 1248 888 1296 esse
903 1239 1012 1313 putet,
1035 1230 1071 1293 ni
1086 1229 1165 1293 illos
1180 1229 1277 1309 prius

61 1341 237 1421 gymnasio
264 1349 389 1404 nostro
416 1339 672 1421 mancipandos
700 1348 824 1403 curet:
858 1347 995 1402 tantum
1023 1353 1150 1401 nomen
1183 1336 1277 1417 apud

62 1465 172 1513 omnes
194 1451 306 1513 bonos
324 1447 501 1512 indelessa
521 1447 762 1530 professorum
783 1445 964 1528 diligentia
985 1463 1028 1509 ac
1048 1445 1160 1510 solers
1178 1443 1276 1508 indu-

64 1556 142 1619 stria
155 1556 387 1638 comparauit.
800 1604 801 1607 ,

114 1663 223 1744 Quam
236 1662 379 1746 quidem
392 1662 518 1727 Patres
531 1662 645 1726 nostri
664 1661 700 1727 in
719 1662 833 1726 sacris
852 1660 1094 1740 concionibus,
1121 1657 1276 1724 lectioni-

61 1771 129 1852 buS,
153 1771 431 1837 confessionibus
456 1787 498 1834 ac
523 1753 830 1835 sacramentorum
855 1767 1176 1844 administratione,
1204 1784 1276 1830 non

62 1879 247 1960 adaequant
270 1877 394 1955 modo,
421 1895 546 1943 verum
572 1886 606 1941 et
631 1885 875 1960 praecurrunt:
905 1893 1008 1941 nemo
1035 1884 1174 1938 tantum
1198 1891 1276 1955 pro·

63 1985 150 2063 priae
169 1985 362 2051 industriae
380 1985 518 2067 tribuit,
546 1993 585 2048 vt
605 2001 677 2048 non
696 1985 822 2048 horum
837 1983 966 2049 iudicio
991 1991 1097 2063 atque
1123 1981 1275 2047 authori-

63 2092 119 2154 tati
132 2093 275 2158 libenter
289 2109 368 2157 sese
383 2093 558 2158 subiiciat:
571 2107 660 2174 quos
671 2100 706 2156 et
716 2092 1021 2156 dominicanorum
1032 2090 1140 2171 prior,
1155 2088 1277 2169 magni

65 2199 147 2279 apud
161 2217 281 2266 omnes
295 2200 412 2264 meriti
425 2201 493 2279 vir,
514 2201 715 2282 caeterique
734 2199 909 2282 permulti,
929 2199 989 2280 qui
1010 2197 1147 2261 consilii
1167 2213 1276 2260 causa

63 2303 204 2371 inrebus
218 2308 418 2372 animarum
438 2325 561 2372 curam
581 2306 877 2372 concernentibus
892 2305 960 2371 huc
976 2313 1178 2382 accurrunt,
1195 2321 1276 2368 con·

63 2413 212 2479 sulendos
236 2415 304 2480 sibi
322 2431 545 2496 summopere
564 2422 742 2497 putarunt.
766 2413 810 2478 Et
834 2430 947 2495 nuper
970 2413 1115 2494 quidam
1134 2429 1178 2476 ea
1198 2412 1276 2491 ipsa

62 2517 98 2582 de
108 2538 210 2586 caasa
221 2521 460 2604 quadraginta
471 2523 675 2586 milliarium
686 2515 810 2586 itinere
821 2521 890 2585 huc
902 2520 1094 2601 perductus
1105 2527 1276 2583 est:cum·

63 2643 120 2706 que
130 2637 205 2710 post
215 2630 369 2694 reditum
379 2629 416 2694 in
426 2645 528 2694 suum
543 2629 712 2712 oppidum
726 2629 821 2693 dubii
836 2627 1003 2710 quiddam
1017 2645 1060 2691 ea
1074 2627 1110 2691 in
1124 2643 1164 2690 re
1179 2641 1276 2690 scru-

62 2737 168 2812 pulum
188 2737 308 2802 animo
327 2737 517 2818 ingereret,
539 2739 667 2802 iterum
687 2755 705 2800 e
725 2746 798 2800 tam
818 2745 953 2800 remoto
972 2737 1051 2799 loco
1069 2731 1185 2798 redire
1204 2751 1276 2797 non

62 2843 161 2921 piguit
178 2845 223 2909 ad
242 2852 397 2923 nostroS,
418 2861 488 2926 quo
510 2845 709 2910 haesitandi
730 2861 839 2908 causa
865 2843 979 2907 omnis
1004 2842 1155 2905 abesset.
1184 2839 1276 2919 Quid

62 2959 167 3014 autem
183 2951 241 3016 hic
259 2951 299 3015 P.
323 2951 363 3015 T.
386 2968 661 3017 commemorem
679 2943 846 3016 nobilium
865 2960 1120 3028 matronarum,
1143 2957 1218 3012 tam
1240 2948 1276 3011 in

62 3057 245 3123 confitendo
256 3075 365 3140 quam
373 3077 515 3124 sacram
525 3059 787 3124 Eucharistiam
798 3058 968 3124 sumendo
976 3055 1276 3122 feruentissimum

62 3164 214 3230 studium?
233 3165 326 3246 Quid
347 3166 566 3248 frequentem
586 3167 684 3230 illam
705 3167 750 3230 ad
772 3166 961 3231 conciones
983 3173 1017 3229 et
1032 3164 1079 3228 ad
1093 3181 1216 3228 sacras
1230 3165 1276 3227 le·

61 3271 184 3338 ctiones
204 3275 492 3339 concurrentium
514 3276 716 3339 cateruam?
737 3274 828 3355 Quid
847 3275 884 3338 in
909 3283 982 3340 tam
1007 3273 1148 3338 diuerso
1168 3271 1277 3336 homi·

62 3395 135 3443 num
157 3397 288 3461 genere
311 3383 536 3462 maximeque
561 3383 764 3464 promiscuo
789 3400 877 3446 sexu
896 3381 957 3462 (ne
978 3382 1021 3445 de
1043 3382 1140 3444 vitae
1161 3378 1279 3444 condi·

61 3484 144 3550 tione
161 3487 300 3554 interim
319 3489 402 3570 quid
423 3490 564 3568 addam)
589 3489 800 3572 stupendam
818 3489 912 3554 idem
932 3489 1169 3568 sentientium,
1186 3486 1279 3551 idem

61 3591 270 3678 imitantium,
286 3597 381 3662 idem
395 3598 545 3680 denique
560 3599 742 3679 agentium
756 3595 997 3675 concordiam,
1015 3595 1279 3676 aequalitatem·

61 3716 119 3780 qne
131 3706 349 3769 recenseam?
368 3703 568 3786 Religiosos
589 3707 732 3770 omnino
747 3705 856 3786 dicas,
874 3704 905 3768 si
920 3704 985 3768 sub
999 3720 1070 3792 yno
1084 3710 1179 3766 tecto
1195 3717 1278 3766 con·

61 3807 254 3877 linerentur:
271 3829 497 3894 quamquam,
513 3815 571 3877 vel
584 3813 674 3877 citra
685 3821 828 3892 tectum,
845 3811 974 3876 mentis
984 3811 1021 3874 in
1031 3807 1148 3873 Deum
1164 3811 1276 3874 eleua-

61 3915 144 3982 tione
157 3918 242 4001 ipsis
257 3919 422 4000 operibus
437 3920 524 3984 satis
540 3928 725 3997 testantur,
742 3918 825 3983 dum
838 3919 888 3982 illi
904 3931 1029 3999 sponte
1044 3934 1109 3980 sua
1119 3915 1255 3980 faciunt
1269 3915 1276 3947 ¹

61 4024 98 4088 ad
111 4044 200 4107 quae
214 4028 373 4109 plerique
388 4027 489 4091 inuiti
504 4027 763 4109 quodammodo
779 4026 1016 4107 impelluntur.

110 4131 226 4217 Neque
242 4152 329 4199 vero
344 4151 474 4216 operae
488 4135 641 4217 pretium
655 4134 743 4199 mihi
765 4135 881 4198 visum
901 4143 954 4197 est
978 4133 1131 4214 aliquam
1155 4132 1213 4196 hic
1235 4132 1279 4196 de

62 4238 127 4306 Deo
140 4241 266 4306 dicatis
282 4241 482 4322 virginibus
497 4243 710 4306 mentionem
725 4241 882 4322 iniicere;
898 4257 982 4304 nam
993 4238 1160 4322 quicquid
1173 4240 1277 4304 huius
1348 4253 1352 4260 ·

60 4359 114 4428 est,
129 4367 200 4415 non
214 4349 335 4415 dubito
350 4348 388 4414 P.
404 4347 517 4413 Tuam
532 4365 577 4412 ex
592 4348 833 4429 superioribus
846 4348 974 4412 litteris
989 4347 1077 4411 satis
1099 4352 1276 4428 superque

63 4457 277 4524 intellexisse.

115 4567 166 4631 Ex
191 4566 394 4647 coniugatis
418 4565 501 4629 libet
524 4565 668 4629 vnicum
691 4564 758 4628 hoc
783 4566 984 4644 exemplum
1009 4571 1192 4639 attexere,
1216 4562 1278 4626 tibi

96 4812 102 4844 ¹
128 4809 161 4854 ad
171 4809 223 4854 Det
232 4811 349 4863 gloriam
358 4811 384 4853 et
390 4791 575 4864 proximorum
585 4808 719 4852 aarutum
727 4809 826 4852 aldldlr
837 4809 877 4852 tric
888 4807 1017 4852 Polancus
1026 4807 1052 4850 in
1060 4805 1143 4863 primo
1152 4805 1278 4860 exemplo.
