3436 5526
367 529 421 588 614
756 530 926 589 Lirtaaas
945 545 1215 600 ooaoaiussraus

368 675 469 738 cuius
483 677 558 754 ipse
574 676 784 739 constitutus
799 687 852 740 est
869 675 1010 756 Rector,
1024 669 1465 760 patientur‚'auspicabitur
1475 676 1567 741 Euan·

369 782 500 859 getium
514 781 709 845 secundum
724 783 953 847 Matthaeum.

428 887 516 966 Ego,
544 887 683 952 fauente
705 889 868 968 Domino,
891 908 970 954 eum
990 891 1045 954 his
1065 892 1201 955 duobus
1221 893 1327 956 etiam
1347 893 1383 955 in
1407 891 1571 955 Baceaiau·

370 1010 467 1057 reum
488 1005 681 1074 promotus,
704 1007 782 1076 post
802 997 1036 1077 Epiphaniam
1057 1000 1182 1062 librum
1204 998 1353 1062 Genesis
1380 997 1386 1028 ¹
1409 999 1442 1061 in
1463 996 1574 1060 scholis

369 1099 629 1180 Theologorum
654 1104 830 1166 exordiar.
858 1102 926 1167 Det
953 1103 1125 1168 Dominus
1150 1106 1334 1168 conatibus
1364 1104 1490 1168 nostris
1512 1119 1576 1182 pro·

370 1223 512 1286 sperum
526 1225 741 1272 successum.
758 1209 833 1272 Has
854 1209 1022 1273 lectiones
1042 1229 1131 1291 opus
1151 1222 1204 1273 est
1220 1222 1257 1275 ut
1272 1229 1337 1274 nos
1353 1222 1426 1274 tres
1441 1201 1576 1272 assuma-

371 1331 459 1392 muS,
476 1315 569 1394 quod
585 1315 619 1378 id
635 1313 780 1380 Senatui
800 1319 940 1396 plaeere
960 1319 1134 1395 nouimus
1157 1319 1216 1398 qui
1236 1317 1386 1398 idipsum
1408 1324 1428 1379 a'
1448 1317 1539 1380 nobis
1552 1315 1578 1376 id

369 1422 572 1502 postulauit.
590 1421 707 1502 Quare
723 1439 786 1504 pro
802 1423 919 1486 futuro
939 1423 1096 1502 collegio
1114 1435 1261 1505 vterque
1277 1424 1515 1488 Theodoricus
1534 1441 1581 1485 ex·

370 1528 577 1608 pectabitur‚
594 1528 757 1593 Canisius
772 1531 937 1594 nimirum
953 1541 986 1594 et
1003 1515 1306 1596 Amsteiredamus
1321 1531 1343 1608 ³,
1362 1533 1421 1611 qui
1442 1531 1582 1595 Philoso-

370 1635 490 1716 phiam
515 1637 740 1715 profiteatur;
769 1637 843 1700 fieri
869 1639 962 1700 enim
987 1639 1128 1718 nequit.
1155 1649 1193 1700 ut
1223 1639 1360 1719 utrique
1385 1649 1420 1700 et
1444 1637 1582 1700 Philoso-

371 1741 495 1821 phicae
521 1753 554 1805 et
580 1742 819 1822 Theologieae
841 1747 981 1808 lectioni
1003 1746 1130 1825 aliquis
1153 1757 1312 1816 nostrum
1331 1763 1397 1826 par
1416 1757 1469 1808 est
1489 1743 1500 1774 ³
1518 1761 1584 1806 esse

370 1856 487 1929 queat.
505 1849 629 1912 Orauit
647 1849 688 1912 V.
707 1850 793 1912 Ram
810 1849 901 1913 ΗΜ
929 1851 966 1913 P.
989 1851 1196 1914 Leonardus
1216 1853 1456 1932 superioribus
1475 1850 1583 1924 literis,

370 1965 408 2019 ut
422 1957 487 2020 hos
502 1957 589 2020 duos
605 1957 650 2019 ad
665 1975 729 2020 nos
746 1959 872 2034 mittat,
891 1959 1095 2038 profuturos
1110 1959 1292 2032 Coloniae,
1309 1960 1416 2021 immo
1433 1959 1496 2022 toti
1516 1957 1587 2020 inie-

370 2063 455 2127 riori
470 2044 693 2138 Germaniae,
711 2083 781 2127 non
797 2066 831 2127 itt
847 2067 1059 2128 lectionibus
1075 2067 1191 2144 modo,
1210 2083 1333 2129 uerum
1347 2066 1383 2129 in
1400 2067 1478 2128 aliis
1493 2081 1584 2146 quum

369 2170 539 2251 plurimis.
575 2168 804 2235 Conducendi
835 2173 936 2236 nobis
962 2185 1063 2236 erunt
1090 2173 1135 2236 ad
1164 2185 1303 2254 tempus
1331 2171 1585 2252 praeceptores,

370 2277 430 2358 qui
444 2278 509 2340 has
523 2279 709 2341 facultates
725 2280 967 2358 profiteantur,
985 2281 1096 2344 donec
1116 2281 1163 2343 ilii
1185 2281 1357 2344 uenerint.
1381 2279 1537 2360 Cumque
1556 2277 1588 2340 hi

370 2384 540 2462 uenerint,
559 2385 675 2448 studia
691 2386 789 2448 iuxta
804 2403 937 2450 morem
954 2387 1151 2450 Romanum
1168 2389 1402 2451 instituemus

429 2490 610 2570 Rogamus
631 2503 814 2571 praeterea
839 2493 879 2552 V.
905 2491 945 2556 R.
970 2503 1007 2556 ut
1030 2495 1188 2557 uenturis
1208 2495 1276 2556 iilis
1297 2493 1380 2572 (sic)
1403 2494 1519 2558 iubeat
1536 2491 1586 2554 aii·

369 2606 454 2678 quot
469 2596 630 2677 dialogos
644 2599 806 2678 Magistri
822 2599 986 2663 Andreae
1002 2600 1119 2663 Frusii
1135 2601 1308 2676 conferre,
1322 2618 1409 2681 quos
1421 2600 1477 2664 hic
1489 2603 1585 2664 inter·

369 2704 452 2767 dum
466 2705 613 2768 studiosi
628 2705 857 2769 Colonienses
873 2707 1011 2786 publice
1027 2707 1226 2786 exhibeant,
1245 2725 1313 2770 non
1330 2709 1424 2770 enim
1439 2719 1519 2772 sunt
1537 2707 1586 2770 hic

369 2812 462 2890 apud
478 2829 544 2876 nos
557 2811 673 2876 Frusii
688 2814 760 2891 uili,
776 2815 835 2894 qui
851 2815 977 2876 similia
992 2816 1127 2894 possint
1143 2815 1307 2878 condere.
1430 2795 1436 2806 ⁶

429 2917 529 2998 Quod
551 2929 669 2982 autent
688 2921 731 2982 ad
751 2930 893 2982 nostros
913 2922 1054 2998 attinet,
1077 2920 1198 2985 decern
1218 2933 1252 2984 et
1272 2939 1399 2984 nouem
1421 2923 1538 2985 sumus
1557 2920 1586 2982 in

370 3025 436 3088 hac
452 3027 568 3104 dome,
585 3028 703 3106 plures
718 3029 837 3105 futuri,
855 3028 921 3091 nisi
938 3029 1003 3090 loci
1021 3031 1185 3108 angustia
1199 3029 1411 3108 prohiberet.
1426 3027 1518 3092 Inter
1530 3028 1587 3090 hos

369 3150 459 3196 unus
474 3133 542 3196 hoc
557 3151 677 3196 mense
699 3153 736 3197 se
757 3135 924 3198 Societati
946 3136 1100 3210 tradidit,
1126 3123 1263 3198 iuuenis
1284 3136 1438 3214 optimae
1459 3134 1586 3206 indolis,

370 3241 566 3321 Gregorius
578 3243 719 3304 nomine
732 3240 754 3320 ⁸,
768 3243 804 3305 21
820 3244 962 3306 circiter
975 3261 1159 3321 annorum,
1174 3243 1239 3306 hoc
1252 3243 1445 3307 Februario
1458 3245 1493 3307 in
1504 3241 1588 3306 Arti-

369 3348 433 3410 bus
447 3351 720 3428 promouendus
738 3349 851 3428 Hune,
871 3367 951 3412 cum
967 3366 1034 3428 ego
1054 3351 1090 3412 in
1106 3351 1256 3430 patriam
1277 3350 1530 3430 proficiscerer,
1550 3363 1586 3409 ne

367 3457 466 3518 locus
481 3457 572 3518 ullus
586 3467 784 3520 remaneret
800 3474 944 3533 uacuus,
964 3455 999 3519 P.
1018 3456 1222 3520 Leonardus
1239 3457 1380 3520 admisit
1403 3466 1440 3519 ut
1460 3458 1494 3519 in
1518 3470 1586 3518 meo

369 3563 530 3628 cubiculo
547 3563 725 3626 Exercitia
742 3565 885 3643 faceret,
903 3565 1029 3644 quibus
1051 3575 1132 3627 ante
1153 3563 1303 3626 reditum
1327 3581 1442 3628 meum
1464 3563 1587 3626 absolu·

369 3671 424 3747 tis,
442 3672 625 3733 nobiscum
643 3673 783 3734 mansit.
801 3689 841 3734 ac
858 3672 1015 3752 quotidie
1030 3672 1208 3750 inpietate
1225 3672 1348 3751 suique
1360 3670 1586 3751 resignatione

370 3779 498 3841 mirum
528 3779 561 3840 in
593 3778 736 3840 modum
763 3776 923 3857 proficit,
954 3789 991 3840 ut
1021 3779 1297 3857 pulcherrimum
1325 3782 1520 3858 exemplum
1547 3774 1586 3836 sit

370 3886 541 3948 omnibus.
567 3885 872 3948 Promovebuntur
892 3903 971 3947 eum
993 3887 1051 3948 iiio
1074 3903 1118 3948 ex
1138 3886 1269 3948 nostris
1290 3885 1360 3949 duo
1376 3887 1434 3949 aiii
1455 3880 1586 3964 ingenui

369 3993 623 4056 adolescentes.
652 3993 786 4054 Verum
812 3995 971 4073 sequenti
999 4011 1092 4055 anno
1118 3995 1153 4056 in
1178 4003 1299 4056 nostro
1325 3993 1480 4074 Collegio
1507 3989 1585 4052 aiios

371 4101 569 4163 creabimus
585 4101 788 4177 magistros,
813 4101 932 4162 diuina
956 4119 1033 4180 ope,
1056 4100 1248 4164 Henricum
1262 4113 1425 4164 nostrum
1445 4100 1584 4163 Dionna·

413 4342 419 4372 ¹
451 4342 783 4396 geneseosapudiiarsz-n.
1586 4379 1592 4384 .

411 4415 422 4444 ⁹
450 4413 623 4456 Theodoricus
636 4415 784 4464 Geeraeits,
796 4427 839 4457 seu
850 4415 969 4459 Gerardi.
982 4423 1057 4457 natus
1068 4416 1092 4458 in
1104 4401 1165 4458 urbe
1179 4416 1354 4468 amsterdam,
1364 4429 1438 4470 quem
1447 4417 1573 4459 tamennon

371 4485 429 4528 dum
441 4485 466 4528 in
477 4495 577 4529 aestate
589 4488 719 4540 sequentis
731 4487 789 4530 anni
802 4487 948 4530 obtinuerat
962 4487 987 4530 Ρ.
999 4487 1157 4530 Leonardus.
1170 4487 1236 4530 Vide
1247 4487 1362 4540 Hausisti,
1374 4487 1484 4542 oswii.

406 4557 422 4598 β
451 4557 500 4610 Sic3
514 4559 556 4600 sed
571 4557 696 4602 redundat
707 4559 754 4602 hoc
766 4562 814 4608 est,
825 4569 871 4601 nee
883 4559 1037 4602 exscribitur
1048 4571 1062 4602 a
1075 4559 1187 4604 Hersen.

411 4625 423 4657 ⁴
451 4630 554 4672 “Sermo
565 4643 621 4672 esse
633 4631 735 4674 videtui·
747 4632 777 4673 de
796 4631 922 4684 Gregorio
937 4630 1038 4680 (Fabio)
1054 4632 1212 4684 Dionatenst.
1226 4635 1268 4687 qui
1284 4631 1428 4676 Februario
1440 4639 1516 4676 mense
1529 4619 1580 4668 ¹1¹³?

372 4702 424 4746 1557
439 4701 594 4750 Lircnte'ori,
611 4702 746 4746 Decembri
764 4714 826 4744 vero
843 4703 957 4755 ejusdem
972 4704 1031 4746 nnni
1053 4703 1180 4757 Magistri
1197 4705 1226 4746 in
1243 4705 1349 4747 artabus
1365 4705 1470 4758 gradum
1486 4693 1579 4744 obtinuit

372 4773 583 4823 <Decanatsbuch
594 4773 639 4820 iv,
651 4774 692 4816 iol.
704 4775 751 4826 266,
763 4774 833 4826 209)...
845 4773 889 4822 Io..
900 4774 974 4824 ibid,
984 4787 1044 4828 pag.
1057 4775 1238 4826 ¹281..annot.2.
