3368 5528
634 519 698 578 ΑΝ.
725 517 795 580 1556
977 523 981 532 ’
1273 520 1328 582 557

161 665 292 746 Queste
307 683 407 743 sono,
421 667 547 746 Padre,
563 667 596 731 le
611 683 694 730 cose
713 666 749 729 in
764 666 902 730 breuita
922 666 987 730 che
1010 683 1050 730 ce
1066 666 1184 730 hanno
1205 682 1326 730 accas-

105 785 178 838 cate
192 775 308 856 questi
322 784 465 856 quattro
480 774 541 854 gia
554 775 690 856 passati
709 774 808 852 mesi,
825 774 1005 855 operando
1027 775 1063 837 in
1082 774 1141 837 noi
1161 773 1195 836 la
1214 774 1322 838 bonta

106 881 138 944 di
151 879 217 944 Dio
232 891 355 946 nostro
370 880 532 961 signore.
549 880 593 944 V.
611 877 652 944 R.
674 879 711 945 P.
734 869 993 944 raccomindar
1012 881 1041 944 si
1062 880 1168 960 degni
1188 890 1279 946 tutto
1300 881 1324 944 il

106 999 221 1052 nostro
237 989 403 1070 ossequio
418 998 453 1051 et
469 986 621 1068 trauagii
634 1006 653 1050 a
666 986 735 1050 Dio
748 985 789 1051 N.
807 985 855 1064 S..
874 987 974 1051 accio
989 987 1024 1051 di
1036 989 1143 1067 quelli
1155 989 1206 1050 sia
1219 988 1326 1065 glori·

105 1093 214 1173 ficato,
231 1104 266 1159 et
280 1113 344 1176 per
363 1095 423 1159 noi
443 1094 728 1159 continuamente
749 1094 949 1174 supplicare
971 1095 1004 1157 ia
1026 1111 1090 1157 sua
1111 1093 1230 1158 diuina
1253 1093 1324 1158 Ma·

105 1201 187 1266 iesti
200 1202 235 1266 ci
250 1200 443 1266 fauorisca.

159 1306 205 1372 Di
219 1307 393 1389 Palermo‚
411 1309 505 1374 a11i5
519 1307 552 1370 d’
567 1307 715 1373 Ottobre
737 1308 824 1371 1556.

158 1413 224 1480 Per
239 1415 489 1480 commissione
504 1415 560 1479 dei
574 1414 616 1479 N.
633 1413 675 1478 R.
692 1412 730 1477 P.
747 1413 828 1478 Don
840 1412 961 1479 Paulo.

158 1519 258 1588 Delia
286 1521 328 1588 R.
359 1522 396 1587 P.
427 1522 473 1607 V.
503 1523 657 1601 indegno
684 1523 719 1585 in
745 1521 854 1594 Giesu
879 1521 943 1586 Χ.ο
968 1522 1137 1602 figliuolo,
1163 1535 1198 1587 et
1220 1523 1322 1588 inutil

105 1643 221 1708 seruo,
927 1659 930 1666 .

790 1845 941 1910 ANGELo
963 1844 1163 1912 Poiucmo.

159 2165 425 2248 Superscriptio
439 2166 477 2229 in
493 2171 624 2246 quarta
635 2166 797 2246 pagina:
812 2165 836 2248 †
850 2167 897 2232 Al
912 2170 1019 2232 molto
1036 2167 1110 2232 R.d⁰
1129 2169 1165 2233 in
1182 2169 1244 2234 Χ.0
1258 2169 1323 2234 Pa·

104 2273 161 2338 dre
173 2275 197 2337 il
212 2273 250 2338 P.
267 2273 331 2338 M.⁰
348 2272 519 2338 Giacomo
539 2274 695 2354 Laynez,
720 2273 866 2338 Vicario
880 2278 1047 2354 generale
1062 2277 1153 2340 della
1173 2276 1322 2358 Compa-

103 2381 181 2459 guia
195 2381 239 2446 de
254 2380 375 2446 Giesii.
391 2381 425 2444 A
439 2380 562 2445 Roma.

157 2489 241 2552 Alia
268 2505 397 2552 manu:
423 2487 537 2571 Jesus.
571 2488 658 2553 1556.
690 2489 864 2555 Palermo.
894 2490 1161 2570 Quadrimestre
1190 2491 1273 2558 delii
1302 2494 1323 2556 5

104 2595 133 2658 d'
149 2595 306 2661 Ottobre.
416 2656 418 2661 .
