3436 5526
359 485 418 547 668
833 491 1009 550 Aeeenorx
1028 505 1130 550 terum

362 635 395 697 le
416 634 631 699 conscientie
649 635 684 700 di
708 637 846 716 grande
862 653 1001 700 somma
1017 635 1052 699 di
1068 637 1194 701 danari
1212 635 1246 699 di
1266 636 1386 714 altrui,
1408 651 1445 700 et
1465 647 1585 719 questo

362 740 549 805 haneuano
564 741 653 807 fatto
667 761 731 824 per
745 743 877 807 diuersi
893 743 999 820 modi,
1021 761 1083 824 per
1104 760 1209 807 usure
1229 761 1250 806 o
1270 745 1423 808 contrati
1443 745 1533 824 falsi
1550 755 1580 808 et

362 848 559 912 hauendosi
574 849 775 914 confessato
800 858 835 914 et
853 851 1010 930 pentitisi
1030 850 1066 913 di
1086 851 1224 931 peccati
1243 851 1331 930 suoi,
1352 851 1575 932 prometendo

362 973 496 1020 ancora
512 956 549 1019 di
564 956 633 1019 mni
648 957 708 1037 piu
720 974 784 1037 per
798 957 901 1020 modo
917 958 1043 1021 alcuno
1058 959 1159 1021 voier
1171 956 1226 1021 sar
1237 959 1349 1021 simile
1361 975 1455 1036 cose,
1469 969 1579 1040 porto·

360 1079 428 1126 ron
442 1063 524 1126 tutti
539 1064 562 1127 li
577 1063 714 1140 danari,
731 1065 796 1127 che
811 1081 920 1127 erano
931 1081 1054 1145 presso
1066 1075 1195 1146 quatro
1210 1075 1312 1128 cento
1324 1066 1424 1129 scudi
1436 1066 1472 1129 in
1483 1075 1580 1144 tutto,

362 1185 383 1231 a
395 1187 472 1234 nro.
485 1170 607 1250 padre,
621 1171 721 1234 accio
733 1171 757 1232 ii
768 1171 975 1235 restituisse:
985 1188 1043 1234 rna
1055 1187 1120 1234 sua
1134 1170 1194 1234 Rs
1205 1171 1424 1248 scusnndosi‚
1438 1171 1580 1236 dicendo

361 1276 428 1339 che
444 1277 583 1340 haueua
596 1278 677 1340 altri
687 1277 937 1358 impedimenti,
951 1293 1091 1358 negauu
1104 1277 1140 1341 di
1154 1289 1253 1358 poter
1266 1279 1320 1341 iar·
1332 1291 1455 1359 questa
1468 1297 1582 1361 opem:

361 1401 419 1446 rna
435 1383 504 1447 essi
520 1384 589 1447 dal'
607 1388 697 1448 altra
712 1395 811 1465 parte
826 1403 892 1448 con
907 1385 1020 1448 simile
1032 1385 1210 1465 preghieri
1222 1387 1256 1449 lo
1268 1386 1451 1466 piegorn0,
1466 1397 1501 1450 et
1512 1390 1584 1450 cusi

361 1508 427 1554 sua
442 1489 504 1554 R.²
520 1491 628 1571 piglio
640 1492 673 1554 la
684 1510 771 1555 eura
783 1489 839 1555 del
850 1493 1041 1570 restituire;
1057 1493 1104 1556 dil
1117 1492 1181 1556 che
1193 1492 1235 1556 N.
1249 1491 1283 1557 S.
1296 1491 1333 1556 su
1347 1493 1441 1557 assai
1453 1494 1581 1558 servito

361 1597 428 1661 del‘
445 1614 517 1660 vna
533 1610 565 1660 et
582 1597 602 1660 l'
617 1599 706 1661 altra
722 1609 834 1678 purte¹
853 1598 1019 1662 restando
1036 1601 1144 1662 molto
1160 1599 1323 1664 edificari.

422 1703 519 1772 Oltre
543 1705 578 1768 di
599 1713 724 1785 questo
741 1703 782 1768 N.
800 1704 839 1767 P.
861 1721 965 1786 posse
979 1707 1014 1767 la
1033 1712 1093 1768 εδ·
1114 1722 1202 1786 pace
1222 1717 1277 1770 tra
1298 1707 1381 1770 duoi
1401 1707 1583 1784 homini‚li

362 1812 457 1891 quali
471 1829 534 1892 per
548 1811 647 1874 molti
669 1811 836 1875 anninon
859 1811 889 1875 si
905 1813 1068 1876 haueano
1087 1814 1238 1892 perlem,
1258 1823 1294 1877 et
1315 1815 1402 1878 hora
1418 1814 1588 1878 lassando·

361 1927 450 1982 tutte
463 1919 496 1980 le
511 1918 602 1981 male
618 1917 792 1993 affetione‚
810 1919 941 1981 vinono
956 1919 992 1981 in
1009 1935 1097 1999 paee
1113 1929 1146 1982 et
1163 1919 1412 2000 quietamente.

421 2025 515 2090 Poco
528 2025 623 2105 dipoi
632 2027 666 2088 lu
679 2025 812 2104 pascha
823 2025 865 2087 de
878 2025 1116 2088 resurretione
1126 2043 1175 2088 vn
1183 2035 1280 2090 certo
1292 2027 1445 2106 giounne
1457 2028 1590 2108 giudeo-

361 2134 406 2197 da
421 2131 571 2213 Reggio‚
588 2133 623 2196 di
634 2133 750 2195 buonn
767 2149 917 2196 creanza
932 2142 966 2195 et
982 2133 1144 2210 costumi,
1157 2150 1216 2196 ma
1238 2133 1273 2196 di
1284 2135 1423 2213 magior
1442 2153 1584 2215 speran-

360 2257 414 2320 za,
429 2257 492 2304 era
508 2255 638 2324 musso,¹
652 2239 713 2318 gio
739 2239 819 2302 duoi
836 2239 920 2302 unni
934 2256 1036 2319 sono,
1052 2233 1110 2303 nel
1123 2240 1240 2304 animo
1256 2259 1277 2303 a
1296 2239 1384 2304 sarsi
1404 2242 1582 2306 cristiano:

360 2364 432 2410 non
454 2345 593 2408 dimeno
618 2346 643 2407 li
658 2345 803 2425 inganni
819 2345 874 2408 del
890 2345 1053 2409 demonio
1071 2355 1105 2408 et
1129 2347 1161 2408 le
1177 2347 1284 2426 polite
1299 2349 1419 2426 parole
1440 2348 1478 2410 di
1493 2347 1586 2412 serui

360 2454 439 2518 suoi
454 2453 639 2516 haueuano
654 2461 847 2516 trattenuto
863 2470 926 2533 per
940 2452 1055 2516 insino
1070 2471 1091 2515 a
1106 2469 1233 2533 questo
1247 2462 1364 2534 tempo
1380 2455 1403 2516 ii
1418 2465 1589 2518 contento

360 2561 416 2624 del
430 2561 548 2623 animo
564 2577 640 2624 suo:
657 2577 714 2623 ma
735 2577 815 2622 esso
840 2559 1057 2640 sprezznndo
1084 2561 1115 2622 le
1140 2561 1384 2640 superstitioni
1402 2571 1437 2624 et
1462 2563 1586 2625 ombre

360 2668 413 2731 de’
429 2667 551 2748 gindei
565 2677 599 2731 et
610 2667 826 2730 abraciando
838 2667 898 2747 piu
909 2675 1137 2730 stretamente
1148 2667 1233 2746 ogni
1244 2667 1370 2746 giorno
1381 2671 1415 2731 la
1431 2674 1494 2732 st*
1507 2668 1584 2732 sede

360 2775 395 2839 di
415 2773 499 2858 Jesu
513 2774 619 2855 Xp0.‚
636 2774 783 2837 lasciatu
798 2774 843 2837 da
860 2784 959 2854 purte
975 2775 1009 2838 la
1034 2775 1161 2854 putria,
1183 2775 1234 2854 gli
1260 2776 1409 2855 parenti,
1430 2776 1538 2839 amici
1551 2785 1585 2838 et

358 2883 440 2946 tutti
455 2882 479 2945 li
493 2882 574 2944 beni
593 2881 735 2956 terreni,
751 2880 805 2944 de’
829 2882 924 2961 quali
946 2883 979 2943 n'
998 2881 1138 2944 haueua
1151 2881 1290 2960 grande
1310 2881 1532 2960 abnndanzn,
1548 2901 1585 2946 se

359 3007 403 3053 ne
418 3005 534 3052 venne
549 3005 571 3051 a
585 2989 757 3066 Bologna,
772 2996 805 3050 et
821 2985 937 3050 subito
953 2986 1045 3050 ando
1060 3004 1081 3049 a
1094 2989 1310 3067 presentarsi
1321 3005 1342 3051 a
1354 2987 1583 3068 Monsignore

359 3095 516 3174 Vicario‚
533 3094 743 3158 similmente
757 3092 1035 3158 domandandoli
1046 3093 1068 3157 1’
1083 3111 1177 3174 aqua
1188 3094 1245 3158 dei
1255 3094 1440 3172 batesim03
1454 3095 1478 3158 il
1489 3097 1582 3177 quet,

358 3203 475 3267 subito
490 3203 555 3266 che
570 3203 592 3264 l’
607 3201 718 3265 hebbe
734 3203 901 3282 alquanto
919 3201 1132 3280 esaminato,
1147 3202 1168 3265 1·
1189 3202 1268 3265 dete
1284 3219 1304 3264 a
1319 3201 1361 3266 N.
1378 3201 1494 3266 Padre
1509 3203 1591 3268 ecio

358 3312 391 3374 io
407 3309 636 3374 amnestrassi
649 3309 728 3372 nele
743 3325 826 3372 cose
847 3308 891 3372 de
912 3310 945 3370 la
966 3314 1028 3370 set
1043 3307 1133 3372 fede.
1155 3307 1196 3372 N.
1221 3309 1342 3390 padre,
1370 3309 1586 3390 pigliandolo

358 3418 394 3480 in
409 3435 494 3482 casa
518 3418 626 3480 molto
651 3416 932 3495 gratiosamente
958 3427 994 3478 et
1019 3432 1087 3479 eon
1102 3415 1188 3496 ogni
1212 3415 1592 3494 charite‚1‘esnmino-

358 3541 492 3588 ancora
517 3525 566 3587 lui
590 3525 698 3588 molto
724 3531 965 3602 stretamente;
991 3531 1025 3585 et
1052 3539 1124 3586 non
1148 3522 1356 3586 ritrounudo
1377 3524 1413 3586 in
1432 3525 1482 3587 lui
1500 3540 1585 3588 cosa

358 3649 492 3695 nesuna
508 3629 593 3694 finta
608 3636 652 3693 ne
668 3630 843 3705 simulata,
865 3645 923 3690 ma
942 3629 1027 3708 ogni
1050 3645 1133 3691 cosa
1149 3646 1238 3709 pura
1257 3647 1277 3691 e
1296 3640 1391 3708 neta,
1412 3631 1432 3693 l’
1446 3631 1585 3696 ritenne

357 3740 394 3802 in
419 3755 515 3817 casa3
542 3747 576 3800 et
599 3741 674 3800 cusi
699 3737 724 3799 li
748 3735 950 3798 nutrissimo
973 3736 1139 3816 corporei
1163 3745 1198 3798 et
1222 3730 1502 3815 spiritunlm'ente
1522 3753 1584 3818 per

357 3846 472 3910 insino
487 3846 521 3907 al
535 3843 662 3922 giorno
677 3844 734 3906 nel
750 3842 851 3922 quale
866 3842 980 3905 douea
996 3841 1184 3920 banzensi,
1199 3843 1223 3905 il
1238 3845 1320 3923 qual
1332 3859 1393 3907 ern
1405 3842 1483 3906 dele
1495 3845 1590 3908 feste·

356 3952 412 4015 del
427 3961 642 4032 pentecoste.
663 3948 728 4012 Nel
748 3959 865 4029 tempo
884 3949 949 4012 che
962 3957 1055 4014 stese
1070 3967 1138 4012 con
1155 3949 1237 4012 nuoi
1256 3949 1333 4013 iece
1351 3950 1488 4030 grande
1504 3967 1584 4031 pro·

356 4058 431 4122 fitto
445 4060 526 4122 nela
541 4067 642 4120 santa
664 4055 741 4120 fede
758 4065 793 4118 et
807 4056 885 4118 nele
910 4055 1007 4118 virtu
1029 4064 1063 4118 et
1089 4057 1255 4133 costumi,
1278 4073 1362 4120 cosa
1378 4067 1475 4121 certo
1489 4058 1536 4122 de
1551 4060 1585 4120 ia

356 4165 458 4245 quale
473 4165 571 4228 molti
587 4181 624 4225 se
639 4181 682 4226 ne
698 4162 1014 4239 merauigliauano.
1033 4161 1150 4225 Pnrue
1164 4180 1295 4226 ancora
1309 4163 1427 4227 buono
1442 4181 1463 4226 a
1481 4164 1585 4227 molti

355 4271 514 4335 huomini
528 4270 563 4333 di
578 4270 712 4350 qualite
727 4267 792 4331 che
813 4269 843 4330 si
863 4267 1042 4332 incessero
1065 4268 1286 4350 processioni
1306 4270 1341 4332 in
1356 4271 1533 4350 allegreza
1550 4281 1585 4334 et

354 4377 484 4442 trionfo
499 4378 535 4440 di
550 4387 673 4458 questa
688 4377 806 4440 anima
821 4376 993 4438 benedetn
1009 4375 1255 4456 guadngnata,
1267 4376 1300 4439 le
1316 4377 1413 4457 quali
1425 4377 1449 4440 l’
1466 4395 1589 4442 acom-

354 4503 574 4566 pagnassero
591 4502 654 4565 per
669 4485 783 4548 insino
798 4485 833 4546 al
848 4489 906 4546 s.t⁰
921 4483 1152 4560 batesim031a
1166 4485 1346 4564 qualcosa
1361 4483 1398 4547 fu
1411 4483 1498 4548 satta
1515 4503 1583 4548 con

353 4593 462 4656 molta
477 4591 698 4654 edificatione
713 4590 769 4652 del
785 4592 914 4670 populo
928 4600 964 4653 et
979 4600 1187 4653 eontenteza
1207 4588 1242 4652 di
1261 4592 1378 4671 quelle
1396 4592 1529 4666 animm
1547 4601 1584 4654 et

352 4697 502 4762 essendo
517 4697 571 4760 fra
587 4699 668 4760 tutti
683 4697 766 4760 duoi
776 4696 801 4758 li
816 4695 916 4775 padri
931 4697 1054 4773 nostri,
1069 4695 1145 4759 cioe
1162 4696 1207 4760 da
1219 4714 1290 4760 vna
1304 4705 1403 4776 parte
1414 4694 1587 4760 hauendo
