3472 5528
406 558 460 616 294
790 559 960 622 errnaas
980 575 1250 632 ouanatussruus

407 713 464 768 tus
478 707 524 770 sit
538 722 705 772 numerus
720 709 964 775 accedentium
979 709 1024 774 ad
1044 709 1257 775 dominicam
1277 724 1438 774 mensam
1459 707 1496 772 in
1517 707 1625 789 capel·

407 815 441 878 la
456 821 591 878 nostra.
607 812 703 879 Vere
717 817 866 882 mutatio
881 818 1050 882 dexterae
1064 818 1205 883 Excelsi
1220 825 1291 882 est:
1307 817 1385 882 heri
1401 817 1464 881 vix
1483 831 1575 880 vnus
1593 816 1625 880 in

408 938 473 985 nos
498 939 543 986 ue
567 924 689 987 oculos
712 925 854 1005 quidem
876 935 1084 990 conuertere
1103 925 1271 991 audebat:
1293 925 1365 990 iam
1387 923 1492 988 hodie
1513 925 1626 1006 plures

409 1046 516 1111 quam
529 1039 635 1095 antea
650 1031 751 1096 nobis
767 1033 817 1097 vti
837 1031 1039 1098 desiderant
1059 1033 1291 1099 familiariter.
1313 1031 1352 1098 In
1372 1032 1527 1114 quodam
1543 1030 1626 1114 jubi-

408 1140 499 1219 laeo,
515 1139 561 1202 ad
575 1137 680 1203 finem
695 1140 941 1220 praecedentis
956 1141 1039 1206 anni
1054 1157 1235 1223 concesso,
1253 1149 1375 1205 tantus
1389 1137 1627 1205 iuitnumerus

409 1246 665 1326 accedentium,
681 1255 720 1310 vt
734 1246 794 1311 diu
808 1257 984 1330 noctuque
1006 1265 1216 1329 cogeremur
1234 1247 1478 1314 consessiones
1496 1247 1626 1325 audita

409 1371 475 1417 nec
490 1352 612 1417 datum
627 1362 680 1419 est
696 1363 794 1419 tanto
809 1371 955 1421 numero
970 1354 1193 1422 satisfacere:
1209 1356 1353 1421 tandem
1367 1373 1439 1420 non
1454 1355 1628 1437 potuimus

410 1478 481 1527 non
499 1477 631 1526 vocare
651 1470 818 1527 externos
841 1465 1012 1544 quosdam
1034 1463 1250 1538 sacerdotes,
1276 1464 1337 1545 qui
1363 1463 1419 1528 die
1443 1462 1628 1540 dominico,

411 1587 491 1634 cum
510 1585 614 1634 sacra
629 1569 830 1635 communio
844 1571 1015 1635 sumenda
1031 1570 1107 1650 suit,
1129 1588 1194 1636 nos
1214 1571 1251 1635 in
1272 1571 1460 1636 audiendis
1480 1569 1630 1634 reconci-

411 1677 615 1744 liationibus
630 1679 803 1742 iuuarent.
826 1677 891 1742 His
910 1678 1016 1743 etiam
1036 1679 1159 1743 diebus
1178 1679 1365 1744 habuimus
1389 1695 1452 1760 pro
1475 1677 1630 1742 christia·

410 1802 537 1849 norum
552 1785 751 1868 principum
766 1785 957 1850 obtinenda
972 1803 1061 1868 pace
1072 1785 1267 1867 jubilaeum
1289 1789 1366 1868 (pro
1389 1783 1491 1865 cujus
1513 1799 1630 1850 conse·

412 1892 553 1957 cutione
568 1892 633 1956 suit
649 1893 755 1957 etiam
770 1909 956 1958 necessum
971 1893 1155 1974 confiteri),
1172 1903 1277 1974 atque
1292 1893 1328 1956 in
1350 1909 1482 1974 magno
1500 1892 1548 1957 ad
1570 1909 1632 1956 nos

411 2018 558 2065 numero
574 2001 769 2066 consessuri
792 2001 1155 2082 communicaturique
1177 2017 1378 2065 accessere:
1403 2001 1471 2064 hoc
1492 1997 1631 2082 quidem

411 2108 513 2172 uobis
528 2125 592 2190 pro
607 2106 794 2173 manifesto
810 2118 874 2187 est,
891 2119 929 2173 vt
945 2125 1010 2190 pro
1026 2107 1250 2180 sacerdotum
1269 2124 1417 2172 numero
1437 2109 1542 2188 longe
1562 2109 1632 2188 plu·

413 2215 533 2280 resin
559 2214 722 2297 jubilaeis
751 2225 786 2279 et
814 2218 849 2280 in
877 2215 1151 2297 quadragesima
1178 2215 1327 2297 aliisque
1354 2213 1491 2281 sestiuis
1512 2214 1634 2279 diebus

318 2408 323 2417 Ι
412 2322 598 2387 audiamus
627 2322 878 2398 consessiones.
909 2340 1015 2404 quam
1044 2324 1079 2387 in
1108 2321 1258 2387 caeteris
1286 2323 1446 2387 ecclesiis
1473 2322 1574 2386 vrbis
1601 2331 1633 2384 et

411 2429 649 2495 monasteriis.
685 2430 770 2495 Post
804 2431 994 2495 aduentum
1023 2441 1183 2494 nostrum
1211 2429 1433 2512 praedictum
1464 2429 1635 2511 plurimas

411 2538 613 2603 audiuimus
634 2539 832 2620 generales
856 2547 890 2602 et
913 2538 1002 2602 alias
1023 2539 1215 2603 multorum
1234 2539 1305 2619 (qui
1328 2537 1373 2602 ad
1394 2553 1461 2602 nos
1482 2536 1637 2601 nondum

362 2644 367 2653 '
412 2645 651 2726 accesserant)
667 2645 1009 2726 consessiones;·qua
1026 2645 1060 2709 in
1076 2661 1114 2709 rc
1130 2662 1200 2710 uon
1211 2645 1426 2710 mediocrem
1437 2643 1591 2709 fructum
1603 2643 1636 2706 in

413 2755 655 2835 proximorum
670 2753 897 2817 conscientiis
912 2753 1048 2834 experti
1063 2768 1201 2818 sumus:
1216 2761 1369 2835 quantus
1380 2761 1498 2817 autem
1510 2751 1554 2816 sit
1568 2753 1636 2827 ille,

413 2861 513 2926 nouit
529 2861 569 2939 is,
588 2861 648 2941 qui
667 2859 753 2924 nihil
772 2860 930 2941 ignorat:
952 2876 1056 2941 quem
1080 2877 1150 2924 non
1171 2861 1269 2940 latet,
1292 2869 1378 2941 quot
1401 2859 1639 2924 conscientiae

413 2969 516 3049 (quae
531 2968 660 3032 misere
675 2967 894 3046 corruerant)
911 2977 1098 3049 reparatae
1113 2977 1206 3049 sunt,
1223 2977 1309 3050 quot
1331 2977 1478 3049 peccata
1497 2967 1639 3049 publica
1716 2947 1717 3002 ἶ

412 3084 609 3156 cessarunt,
626 3085 712 3157 quot
727 3077 866 3140 animae
882 3093 903 3138 a
918 3074 1096 3140 Sathanac
1110 3076 1288 3156 unguibus
1304 3083 1445 3156 ereptae
1460 3083 1562 3140 sunt:
1581 3076 1640 3138 ha·

414 3200 491 3247 rum
507 3184 694 3247 nonnullas
708 3200 773 3264 pro
789 3193 885 3248 certo
900 3183 1032 3248 scimus
1047 3183 1083 3246 in
1098 3184 1191 3247 bono
1212 3193 1385 3264 perstare.
1407 3182 1504 3248 Dal·
1520 3180 1637 3266 JesuS,

413 3292 458 3355 ad
474 3289 575 3356 cuius
589 3289 741 3370 gloriam
756 3292 874 3355 omnia
890 3289 986 3371 liunt,
1004 3289 1063 3354 det
1082 3291 1351 3371 incrementum,
1372 3291 1464 3355 sicut
1485 3300 1520 3356 et
1539 3290 1639 3355 auxi·

415 3399 499 3464 lium
515 3406 549 3462 et
563 3399 660 3478 vires
674 3399 850 3480 praestitit
864 3407 902 3462 ut
917 3399 1005 3464 haec
1021 3399 1228 3479 inciperent.

470 3505 539 3571 Sed
553 3523 619 3570 uec
638 3522 761 3570 eorum
782 3506 1002 3588 spiritualem
1023 3503 1221 3586 profectum
1242 3505 1381 3570 silentio
1404 3505 1641 3587 pertransibo,

411 3631 499 3696 quos
520 3613 748 3696 frequentius,
772 3612 919 3694 singulis
941 3613 1107 3679 videlicet
1128 3613 1318 3695 mensibus,
1343 3612 1642 3695 quintodecimo,

411 3731 516 3803 atque
530 3729 659 3786 octauo
675 3738 813 3803 quoque
829 3721 895 3794 die,
912 3739 977 3803 pro
993 3722 1162 3803 cuiusque
1177 3720 1407 3802 dispositione
1422 3729 1456 3784 et
1472 3729 1568 3784 statu
1585 3737 1639 3783 sa·

411 3825 599 3893 crosancto
615 3846 705 3910 pane
719 3829 818 3909 pasci
835 3829 993 3893 sinimus:
1009 3829 1034 3892 ii
1054 3829 1148 3894 enim
1170 3829 1271 3909 (quos
1291 3827 1398 3893 credo
1421 3829 1500 3909 plus
1521 3828 1640 3892 minus

412 3955 559 4000 numero
580 3943 720 4001 centum
741 3935 831 4014 esse)
854 3939 903 4001 ita
925 3935 1064 4001 fortiter
1089 3935 1317 4018 hilariterque
1345 3947 1577 4016 perseueraut
1610 3933 1644 3997 in

412 4044 526 4124 boniS,
543 4043 717 4108 maximas
733 4053 857 4108 contra
872 4063 910 4108 se
925 4033 1200 4109 obtrectationes
1216 4043 1533 4124 indeuotorumque
1550 4057 1645 4106 mur·

414 4151 632 4217 murationes
646 4169 717 4214 non
731 4160 908 4231 curantes,
928 4160 964 4215 vt
978 4151 1015 4216 in
1029 4150 1117 4233 ipsis
1131 4149 1274 4215 Domini
1295 4150 1457 4232 spiritum
1479 4166 1560 4213 cum
1587 4149 1645 4212 do·

414 4276 539 4324 norum
561 4257 765 4322 coelestium
787 4257 1106 4323 communicatione
1128 4275 1199 4322 non
1219 4257 1373 4339 qualibet
1393 4257 1557 4322 habitare
1574 4273 1646 4320 non

413 4365 623 4431 dubitemus.
639 4365 717 4430 Hoc
732 4365 873 4447 quidem
889 4375 922 4430 et
937 4367 1028 4430 inter
1051 4366 1120 4430 alia
1143 4365 1218 4430 iure
1241 4364 1441 4430 mirandum
1467 4373 1531 4444 est,
1558 4381 1647 4428 non·

414 4475 528 4538 nullos
541 4473 683 4539 infimae
697 4473 910 4538 conditionis
925 4473 1085 4538 homines
1100 4482 1134 4538 et
1150 4473 1313 4538 mulieres
1329 4473 1380 4552 (vt
1404 4481 1520 4538 status
1541 4489 1648 4554 supe·

416 4581 521 4646 rioris
536 4593 697 4647 caeteros
712 4581 862 4661 taceam)
884 4582 934 4646 ita
957 4583 1065 4647 sortes
1089 4582 1124 4646 in
1146 4580 1258 4646 nostri
1278 4579 1489 4645 defensione
1508 4597 1530 4644 a
1551 4579 1647 4644 testi·

416 4669 543 4754 moniis
557 4687 656 4754 salsis
671 4699 705 4754 et
719 4687 883 4754 conuitiis
898 4689 1058 4771 (quorum
1074 4689 1225 4770 plurima
1236 4705 1300 4770 pet
1311 4687 1492 4754 hominum
1507 4705 1568 4754 ora
1581 4705 1647 4752 vo·

417 4779 576 4872 litabant)
606 4794 801 4878 perstitisse
831 4795 963 4860 inuenti
994 4806 1086 4876 sunt,
1117 4805 1221 4877 atque
1251 4795 1286 4860 in
1316 4795 1467 4877 receptis
1497 4813 1517 4860 a
1544 4795 1648 4858 nobis
