3410 5528
359 533 414 598 stt
741 531 914 592 Librum
932 543 1204 600 outnntussrans

359 695 439 744 rum
462 679 580 761 spatio
601 678 720 744 distuli
743 657 1089 760 peregrinationibus
1114 675 1318 740 distractus.
1346 673 1450 752 Vale,
1477 672 1579 738 Pater

360 785 691 864 obseruandissime‚
707 785 820 850 nostri
834 801 968 851 memor
984 784 1019 848 iu
1034 781 1218 848 sacrificiis
1233 791 1267 846 et
1282 781 1513 846 orationihus.

419 894 707 976 Antepenultimo
721 891 805 958 Maii
822 891 908 956 1556.
927 891 1077 970 Biliomi,
1095 891 1129 954 in
1146 889 1341 955 Aruernia.

420 1001 570 1083 Imperio
585 1001 625 1066 Ρ.
640 999 849 1081 Hieronymi
870 997 997 1063 Bassii.

520 1107 615 1172 Rau
637 1106 674 1172 Ρ.
692 1116 774 1172 tuae
788 1107 955 1187 indignus
971 1105 1075 1183 filiuS,

964 1318 1150 1384 Roasatus
1171 1317 1427 1384 Cntvssotuus.

422 1639 689 1724 Superscn'ptt'o
700 1642 739 1706 in
750 1647 859 1706 sexta
865 1639 1021 1722 pagina:
1032 1638 1108 1704 ΒΜ
1119 1639 1156 1704 in
1165 1639 1309 1704 Christo
1321 1636 1419 1702 Patri
1432 1635 1582 1702 Domino

362 1750 501 1832 Ignatio
514 1750 558 1815 de
572 1749 708 1832 Loyola
724 1747 930 1830 Praeposito
944 1747 1104 1828 generali
1125 1743 1314 1810 Societatis
1328 1743 1424 1828 Jesu.
1442 1743 1582 1808 Rornae.

422 1855 507 1922 Alta
521 1873 645 1922 manu:
658 1855 762 1940 Jesus
779 1853 866 1918 1556.
884 1853 1057 1919 Biliomio.
1070 1850 1407 1936 Quadrimestres29
1418 1849 1548 1925 Maii.†

532 2439 646 2488 Eaedem
656 2441 762 2488 Roberti
773 2439 919 2500 Cleytsonll
929 2442 1033 2488 litterae
1044 2451 1060 2486 ι
1070 2439 1099 2484 l’.
1110 2439 1223 2487 Polanco
1233 2441 1387 2487 emendatae
1399 2441 1417 2486 ¹.

422 2711 498 2776 Pax
513 2711 571 2775 X!

423 2818 523 2900 Quae
542 2819 782 2901 superioribus
806 2819 917 2884 literis
942 2821 1133 2886 menstruis
1146 2821 1280 2900 fusius
1302 2819 1587 2901 perscripsimus,

362 2927 567 3010 compendio
579 2925 680 2994 hisce
694 2927 1028 3008 quadrimestribus,
1043 2945 1066 2992 a
1081 2927 1261 2993 Januario
1276 2927 1529 3009 auspicaturi,
1544 2945 1589 2992 ex

362 3035 582 3100 obedientiae
606 3035 828 3116 praescripto
853 3035 1072 3116 colligemus.
1099 3035 1137 3100 P.
1164 3035 1405 3117 Hieronymus
1427 3033 1589 3113 Beatus,

361 3141 757 3223 rogatusaconsulibus
768 3142 1077 3222 Issiodorensibus,
1087 3143 1264 3223 integram
1274 3142 1588 3225 quadragesimam

362 3251 592 3315 ecclesiastae
607 3249 720 3314 officio
737 3250 830 3331 apud
845 3267 908 3314 eos
922 3249 1063 3314 iunctus
1082 3258 1153 3329 est,
1168 3266 1249 3314 cum
1269 3258 1368 3316 tanta
1388 3248 1591 3314 auditorum

363 3360 398 3414 et
413 3349 530 3430 gratia
546 3358 580 3414 et
595 3349 805 3430 frequentia,
821 3358 955 3431 quanta
971 3348 1066 3412 eain
1081 3349 1167 3414 vrbe
1185 3349 1230 3412 ab
1250 3364 1424 3415 annorum
1443 3347 1591 3429 triginta

363 3455 504 3539 [spatio]
521 3456 572 3534 (vt
586 3455 661 3537 ipse
676 3456 794 3520 eiusce
808 3455 927 3521 famae
947 3457 1048 3521 testis
1068 3455 1188 3532 extiti)
1204 3455 1377 3522 hactenus
1398 3455 1589 3520 obseruata

362 3563 440 3640 tuit,
455 3581 521 3628 nec
537 3562 670 3646 absque
685 3563 802 3644 opimo
816 3563 1017 3628 animarum
1033 3563 1145 3628 lucro.

423 3669 511 3750 His,
527 3669 639 3752 quiin
653 3669 829 3752 hospitali
844 3669 1122 3734 claromontano
1133 3676 1236 3750 suat,
1246 3685 1313 3736 ceu
1324 3670 1478 3753 prudens
1489 3689 1592 3738 oeco-

364 3793 510 3855 nomuS‚
539 3786 612 3842 turn
634 3777 784 3860 spiritali
808 3787 883 3843 tum
907 3793 1082 3858 corporeo
1107 3776 1292 3860 obsequio,
1318 3794 1464 3860 operam
1490 3796 1593 3845 suam

364 3884 567 3967 impendere
581 3883 678 3949 haud
691 3893 820 3949 cessat.
838 3883 885 3948 In
895 3883 1139 3966 compluribus
1157 3883 1242 3948 aliis
1255 3882 1345 3950 iocis
1359 3885 1489 3950 vt'tt'tus
1510 3903 1592 3954 con·

363 3992 539 4068 cionatuS.
555 3989 688 4056 Christi
703 3993 836 4056 cultum
851 3992 949 4056 auxit
965 3991 1002 4056 in
1016 3992 1145 4056 animis
1158 3994 1360 4060 multorum:
1373 3997 1591 4061 sacramenti

367 4099 605 4182 poenitentiae
628 4099 823 4164 ministerio
843 4099 1186 4164 claromontensibus
1207 4098 1303 4164 haud
1324 4099 1447 4181 paucis
1466 4102 1595 4168 salutis

368 4206 566 4272 antidotum
581 4207 759 4288 praebuit:
777 4206 885 4284 idem,
907 4203 1050 4272 Domini
1070 4205 1240 4272 officiarii
1259 4206 1441 4289 precibus,
1462 4210 1593 4274 oratio·

366 4315 498 4380 nemin
518 4313 656 4395 synodo
681 4313 905 4379 sacerdotum
930 4315 1097 4378 hesterno
1123 4313 1179 4379 die
1203 4312 1430 4380 claromonte
1454 4314 1593 4382 hahuit.

364 4421 499 4488 Humili
525 4420 698 4486 modestia
722 4437 766 4485 ac
795 4421 968 4502 singulari
994 4419 1126 4502 pietate
1151 4419 1333 4486 hominum
1356 4419 1496 4488 animos
1523 4423 1594 4488 sibi

406 4701 416 4736 ¹
444 4701 541 4754 Verba.
552 4701 632 4757 ipsius
643 4701 748 4748 Polancl
758 4713 836 4748 mauu
846 4707 965 4756 exarata.
977 4701 1079 4746 italicis
1087 4702 1285 4748 characteribus
1300 4701 1462 4748 exhibentur.
1471 4700 1595 4762 neuqua.

365 4784 432 4830 quae
442 4775 484 4819 hle
495 4772 596 4826 temni.
604 4784 621 4819 a
631 4773 745 4820 Polanco
755 4774 858 4820 inerunt
868 4773 1025 4820 cancellata.
