3368 5528
640 514 704 576 Aa.
727 513 821 576 1556‘
1275 513 1331 575 575

103 653 357 726 consulendum
383 651 462 726 e'sse
483 661 660 741 duximus,
685 678 835 744 quornm
856 663 969 725 maior
990 661 1025 725 id
1044 661 1239 726 necessitas
1257 661 1329 725 exi-

103 783 200 848 gere,
226 766 356 849 quique
381 769 568 835 certiorem
594 759 860 850 uberioremque
884 768 1023 833 fructus
1045 767 1328 849 expectationem

104 873 265 954 polliceri
279 872 496 940 uiderentur.
983 877 985 882 ’

163 979 322 1046 Primum
336 981 456 1064 itaque
471 1001 493 1046 a
508 982 688 1048 Macereto
702 983 713 1018 ¹
729 981 925 1047 Picentium
940 982 1115 1063 auspicati
1129 983 1327 1066 metropoli,

105 1106 145 1152 eo
166 1097 240 1154 tres
258 1087 409 1170 protecti
429 1107 473 1154 ex
494 1091 638 1172 nostrie,
660 1100 801 1172 praeter
823 1089 963 1156 habitas
985 1105 1109 1154 sacras
1132 1089 1328 1171 contiones,
1367 1073 1373 1084 ’

105 1204 246 1275 praeter
271 1195 453 1261 doctrinae
478 1196 694 1263 christianae
720 1213 785 1278 pro
810 1211 908 1260 more
933 1194 1122 1260 Societatis
1146 1197 1327 1276 lectiones,

104 1312 246 1383 praeter
270 1303 411 1368 auditas
435 1303 655 1369 infirmorum
679 1304 930 1386 firmorumque
953 1305 1083 1368 multas
1104 1302 1148 1367 de
1172 1305 1329 1386 peccatis

104 1409 357 1492 consessiones,
383 1411 579 1493 composita
603 1420 685 1476 sunt
709 1413 801 1476 inter
820 1405 1007 1476 seditiosos
1026 1411 1223 1475 inueterata
1245 1428 1330 1476 non·

103 1517 200 1581 nulla
215 1499 374 1598 dissidia,
389 1527 595 1600 reparatum
608 1517 844 1583 diuersorium
858 1535 1065 1600 pauperum,
1082 1520 1157 1582 siue
1176 1519 1329 1583 xenodo-

104 1625 235 1702 chium,
251 1642 316 1707 per
329 1626 504 1690 incuriam
518 1627 702 1691 ruinosum
717 1636 751 1690 et
766 1628 946 1690 occlusum
963 1626 1033 1690 iam
1049 1625 1185 1706 pridem
1205 1643 1330 1707 aegro·

105 1732 161 1812 tis;
175 1732 373 1798 instaurata
384 1741 419 1798 et
431 1743 558 1797 coacta
568 1733 684 1797 denuo
856 1731 918 1796 ¹13.
932 1732 1144 1813 Hieronymi
1155 1735 1330 1814 quaedam

104 1840 271 1914 societas,
287 1857 396 1922 quant
410 1839 588 1922 principes
603 1840 758 1905 ciuitatis
773 1840 866 1905 illius
880 1841 978 1904 ciues
992 1841 1062 1904 iam
1083 1840 1183 1916 olim,
1200 1841 1247 1905 ad
1262 1859 1330 1906 ma·

104 1963 216 2027 gnum
231 1947 345 2011 totius
355 1946 587 2028 paupertatis
602 1947 680 2010 siue
694 1948 858 2030 corporis
869 1948 946 2010 siue
960 1946 1217 2011 anr'mr'salutt's
1231 1966 1330 2029 prae·

104 2055 247 2131 sidium,
268 2053 431 2135 inierant,
452 2056 584 2120 sensim
605 2073 690 2120 uero
709 2047 860 2119 dissolui
875 2071 918 2119 ac
938 2055 1055 2118 dirimi
1075 2055 1328 2133 sustinuerant,

104 2163 187 2226 talis
201 2161 337 2226 scilicet
351 2163 501 2227 alicuius
516 2162 561 2227 ad
575 2179 655 2227 eam
668 2163 882 2227 seruandam
897 2161 1057 2226 authoris
1071 2163 1231 2242 penuria,
1247 2148 1329 2243 qua·

104 2270 190 2333 lium
209 2287 252 2334 ea
266 2268 381 2334 iuerat
396 2270 612 2335 authoritate
625 2269 788 2334 conflata.
807 2268 875 2349 Qui
896 2270 1004 2350 igitur
1024 2270 1058 2334 in
1074 2279 1173 2334 tanto
1189 2270 1331 2352 pietatis

103 2393 213 2458 opere
223 2385 258 2442 et
269 2377 336 2441 sibi
347 2385 382 2442 et
392 2379 554 2460 pereunti
566 2378 728 2460 proximo
739 2377 939 2454 cessabant,
950 2393 1080 2456 magno
1096 2377 1131 2441 id
1146 2393 1252 2455 nunc,
1265 2394 1330 2458 pro

102 2495 310 2549 nostrorum
323 2485 556 2568 praescripto,
577 2485 759 2566 religionis
778 2475 1102 2566 ardore'repetunt,
1120 2493 1233 2549 statas
1247 2471 1330 2564 quoss

104 2593 191 2656 tidie
212 2597 337 2656 sacras
351 2609 477 2673 preces
491 2594 537 2658 ad
552 2609 749 2674 campanae
768 2593 909 2674 signum
930 2592 1165 2674 frequentant,
1181 2591 1330 2672 singulis

104 2699 304 2780 quibusque
322 2700 504 2765 mensibus
517 2708 769 2764 sacrosanctae
788 2716 933 2765 mensae
952 2700 1118 2765 conuiuia
1138 2700 1329 2780 celebrant,

105 2805 383 2872 munificentiam
397 2817 503 2888 atque
518 2823 658 2872 omnem
670 2809 835 2889 pietatem
847 2817 882 2871 et
893 2807 1175 2873 misericordiam
1186 2807 1330 2888 egregie

104 2919 325 2980 exercentes.

166 3022 368 3089 Inualuerat
382 3041 448 3105 pro
463 3025 642 3088 communi
656 3024 778 3089 ltaliae
793 3025 996 3088 calamitate
1014 3025 1137 3088 durior
1157 3023 1205 3088 ibi
1223 3039 1331 3088 anno·

104 3148 172 3197 na:
189 3142 266 3196 erat
281 3148 475 3213 pauperum
490 3142 525 3196 et
539 3133 812 3212 aegrotantium,
829 3133 905 3196 sine
917 3133 1164 3214 opulentorum
1176 3133 1246 3196 ulla
1258 3133 1330 3196 lere

104 3257 173 3320 ope
188 3241 245 3303 uel
264 3239 432 3320 subsidio,
452 3255 584 3320 magna
603 3240 800 3306 multitudo.
822 3239 894 3304 lllis
911 3257 997 3304 uero
1016 3240 1242 3321 postmodum
1261 3256 1332 3304 non

104 3347 261 3428 benigne
275 3349 390 3413 solum
403 3357 439 3411 et
453 3347 644 3412 liberaliter
659 3365 702 3413 ea
716 3349 870 3412 societas
884 3347 1093 3430 opitulatur;
1109 3363 1234 3412 verum
1249 3347 1330 3427 ipsa

104 3455 225 3518 omnis
239 3471 313 3519 una
327 3455 452 3546 eadem
472 3456 533 3518 illa
554 3453 689 3536 opera³
709 3473 731 3519 a
746 3455 877 3522 nostris
891 3455 1069 3536 descripta
1085 3473 1127 3520 ac
1142 3454 1330 3519 distributa

104 3562 239 3626 cr'rritas
253 3564 288 3626 in
304 3572 424 3642 partes
438 3570 530 3641 tres;
546 3562 650 3626 binae
665 3579 709 3626 ex
724 3563 873 3643 singulis
884 3571 1079 3644 matronae,
1091 3578 1223 3642 genere
1235 3561 1330 3626 nobi·

104 3672 171 3749 les,
198 3679 316 3734 aetate
339 3668 506 3750 grandes,
534 3679 568 3733 et
592 3669 774 3748 religionis
796 3669 948 3733 eximiae
963 3671 1096 3733 electae
1115 3678 1209 3749 sunt,
1225 3685 1328 3750 quae,

105 3777 329 3842 contributas
339 3795 385 3841 ex
395 3793 459 3840 sua
471 3791 611 3857 quaque
622 3776 715 3839 tribu
729 3777 985 3857 eleemosynas,
997 3777 1071 3840 suis
1082 3794 1127 3840 ex
1138 3793 1252 3858 aequo
1265 3776 1331 3841 sibi

105 3884 287 3948 attributis
300 3885 434 3964 egenis,
450 3894 485 3948 et
500 3886 557 3948 uel
571 3883 669 3948 senio
684 3875 741 3948 uel
756 3884 879 3947 morbo
891 3883 1152 3964 languentibus,
1165 3900 1232 3964 pro
1242 3883 1331 3947 indi·

106 3992 230 4072 gentia
253 3992 423 4073 cuiusque
448 3955 715 4072 dispartienthr.
736 3991 835 4054 Haec
857 4000 976 4056 autem
998 3990 1118 4056 omnia
1139 3989 1331 4056 Rectorum

105 4101 186 4164 siue
200 4099 363 4164 Priorum
376 4098 530 4164 deitatis
544 4107 626 4163 sunt
644 4099 857 4164 authoritate
877 4108 912 4164 et
930 4099 1190 4164 studiosissima
1209 4098 1331 4164 uolun-

104 4217 180 4272 tate
195 4207 416 4273 confirmata.

167 4312 389 4380 Submiserat
404 4314 540 4380 interea
555 4315 596 4396 is,
613 4316 673 4397 qui
686 4331 825 4397 semper
839 4315 876 4380 in
896 4316 1050 4380 hominis
1067 4315 1260 4398 perniciem
1282 4317 1334 4382 ui·

146 4561 156 4600 t
229 4574 235 4588 ·
389 4590 396 4605 .

146 4633 159 4670 ⁸
185 4560 425 4688 {lammam
437 4633 593 4678 vocabulum
603 4633 768 4678 emendatum
778 4639 808 4706 et
820 4633 924 4678 tandem
941 4633 1121 4690 cancellatum,
1136 4636 1204 4690 quod
1220 4635 1272 4690 legl
1282 4611 1337 4681 non

103 4713 228 4836 ”iduato
237 4791 254 4826 a
265 4790 329 4824 voce
339 4789 446 4833 verum,
454 4778 520 4834 quod
532 4779 593 4835 qula
601 4780 709 4824 obscure
720 4778 795 4826 ulmis
809 4779 969 4834 dictumest,
983 4779 1096 4826 mutavit
1110 4786 1182 4826 recte
1191 4767 1324 4828 ¹l’olancus
