3472 5528
567 569 569 572 ·
669 543 733 602 Au.
755 543 825 602 1556
1289 539 1352 600 'aot

128 689 247 752 omnia
262 688 549 768 negotiagrauia
565 684 834 768 deferebantur,-
846 701 951 769 quern
966 688 1002 751 in
1018 688 1123 751 rebus
1138 687 1355 750 dubiisscon-

127 796 307 869 sulebant.
329 797 514 860 sumebant
535 797 766 874 aduocatum,
787 795 1234 874 constituebantiudicem,
1251 811 1355 874 quem

129 903 308 966 habebant
323 903 472 983 denique
492 904 647 970 omnium
668 903 1018 982 exercitatissimum,
1035 901 1252 982 proindeque
1274 901 1355 964 dex-

129 1009 314 1074 terrimum
333 1011 369 1074 in
384 1010 439 1088 iis,
453 1028 542 1090 quae
558 1013 604 1076 ad
619 1013 730 1091 ipsius
744 1011 950 1075 facultatem
963 1010 1198 1092 pertinebant:
1215 1018 1250 1072 et
1264 1008 1357 1090 quod

129 1127 185 1182 est
205 1117 290 1181 alri's
305 1118 610 1200 anteponendum,
632 1129 708 1182 erat
730 1119 766 1182 in
786 1118 890 1182 rebus
909 1117 1101 1182 christiane
1115 1133 1157 1180 ac
1170 1133 1262 1184 sana
1277 1133 1358 1180 cum

130 1226 347 1290 conscientia
370 1227 567 1290 tractandis
591 1225 689 1290 velut
711 1226 889 1307 specimen
910 1225 1089 1304 quoddam
1108 1229 1143 1288 at
1164 1225 1357 1304 exemplam

129 1331 259 1414 quippe
272 1333 333 1413 qui
352 1332 469 1398 solam
490 1334 676 1398 ueritatem
696 1334 878 1398 tutandam
898 1333 1111 1412 susciperet,
1132 1339 1167 1394 et
1182 1330 1227 1395 ad
1246 1348 1285 1394 se
1304 1331 1360 1394 sui

130 1439 339 1504 consulendi
359 1440 476 1520 gratia
499 1441 765 1516 accedentibus,
786 1440 870 1521 quid
889 1440 1058 1504 haberent
1079 1438 1251 1517 iustitiae,
1276 1438 1360 1517 quid
1450 1503 1454 1512 ,

130 1547 267 1627 iniusti,
284 1548 418 1629 absque
433 1548 503 1612 ullo
517 1548 599 1612 fuco
614 1548 823 1613 declararet.
944 1575 949 1606 t

192 1653 329 1719 Ductor
342 1654 451 1719 etiam
465 1656 566 1733 alius,
582 1655 811 1719 concionator
826 1655 987 1734 eximius
1005 1647 1168 1734 receptus
1183 1662 1247 1732 est,
1260 1653 1361 1716 cuius

130 1779 259 1827 nomen
273 1779 338 1842 per
353 1761 558 1826 vniuersam
572 1761 747 1826 Castaliae
762 1761 983 1842 prouinciam
993 1770 1068 1824 tam
1081 1760 1152 1824 late
1166 1759 1360 1840 spargeba-

129 1875 259 1949 tur,·ut
275 1869 380 1951 pauci
397 1869 588 1934 admodum
602 1877 731 1946 essent,
749 1869 809 1950 qui
823 1871 880 1933 uel
894 1869 937 1932 de
951 1867 1182 1932 concionibus
1195 1867 1287 1942 eius,
1305 1868 1361 1930 uel

131 1977 177 2040 de
194 1979 290 2041 uitae
316 1977 551 2040 sanctimonia
569 1993 639 2040 non
661 1976 857 2069 audissent:
878 1977 908 2040 is
933 1975 1052 2040 statim
1077 1984 1182 2055 atque
1208 1992 1229 2037 a
1255 1973 1361 2038 Patre

133 2083 324 2148 Villanoua
342 2083 408 2147 suit
422 2081 608 2162 admissus,
624 2082 797 2147 Murciam
813 2100 894 2146 curn
908 2083 1013 2146 Patre
1028 2081 1072 2144 D.
1085 2081 1222 2145 Mirone
1234 2081 1362 2144 missus

131 2201 198 2270 est,
215 2191 378 2271 idemque
393 2208 513 2254 secum
530 2191 653 2255 detulit
668 2209 748 2256 cum
763 2191 844 2254 inde
859 2190 1079 2263 Valentiam,
1096 2189 1155 2253 ubi
1171 2189 1362 2252 conciones

131 2299 221 2376 eius,
236 2316 327 2379 quas
341 2298 543 2378 frequenter
558 2297 680 2377 habet,
697 2297 825 2362 mirum
840 2299 874 2362 in
891 2296 1033 2360 modum
1048 2304 1174 2375 gratae
1187 2304 1280 2359 sunt.
1343 2321 1345 2328 s

193 2405 334 2469 Tertius
348 2405 413 2470 suit
428 2403 635 2470 adolescens
648 2405 803 2484 quidam,
817 2421 942 2484 anuos,
956 2405 992 2468 ni
1003 2403 1117 2481 fallor,
1131 2407 1240 2467 natus:
1250 2402 1362 2482 uigin-

132 2513 161 2576 ti
173 2514 281 2592 duos,
297 2513 356 2592 qui
371 2529 435 2576 sex
449 2527 563 2576 annos
578 2513 765 2604 continuos
780 2513 967 2592 collegium
986 2521 1145 2577 nostrum
1161 2512 1359 2592 frequenta·

133 2629 255 2694 uerat,
281 2627 464 2700 totumque
489 2635 535 2692 se¹
552 2619 698 2684 dederat
722 2620 934 2700 recipiendis
954 2619 1188 2683 sacramentis
1214 2617 1363 2698 aliisque

133 2729 202 2810 piis
218 2727 395 2809 operibus.
410 2726 542 2799 Fuerat
559 2727 589 2790 is
603 2728 740 2806 collega
759 2727 936 2806 trilinguis
950 2727 1079 2790 multos
1094 2743 1223 2805 annos,
1240 2734 1275 2788 et
1289 2733 1363 2788 tan-

134 2847 211 2900 turn
225 2835 261 2898 in
275 2834 406 2914 linguis
426 2833 666 2912 addiscendis,
683 2834 719 2898 in
737 2850 870 2913 graeca
888 2834 1130 2915 potissimum,
1148 2832 1363 2913 profecerat,

133 2955 173 3008 ut
187 2944 236 3018 ei,
253 2942 285 3006 si
306 2959 379 3006 non
400 2942 533 3024 primas
554 2959 619 3006 nec
641 2941 831 3020 secundas,
853 2951 949 3006 certe
969 2941 1012 3005 iis
1037 2940 1220 3042 prqxima's
1243 2945 1364 3020 partes

134 3052 227 3114 inter
242 3049 501 3128 adolescentes
518 3048 577 3128 qui
592 3049 677 3112 dant
699 3065 843 3129 operam
865 3047 991 3112 studiis
1006 3047 1287 3126 humanioribus
1303 3047 1365 3110 tri·

133 3159 256 3223 buant:
274 3156 424 3234 adhaec
444 3154 597 3234 accedit,
613 3155 707 3236 quod
721 3155 809 3222 duos
831 3171 944 3218 annos
965 3150 1129 3218 liberales
1151 3163 1247 3218 artes
1269 3153 1365 3216 audi·

135 3265 240 3330 uerit.
1084 3253 1087 3258 ’

196 3372 352 3452 Quartus
368 3371 450 3435 huie
465 3371 637 3436 successit
651 3370 869 3448 adolescens,
885 3368 1030 3433 eaa'mir's
1045 3379 1079 3432 et
1094 3368 1244 3432 vt'rtutr‘s
1257 3377 1292 3432 et
1307 3385 1366 3432 na·

135 3491 238 3543 turae
251 3478 352 3542 bonis
368 3497 389 3542 a
404 3475 481 3568 Deo
496 3476 664 3556 donatus,
680 3476 781 3541 cuius
802 3477 896 3541 uitae
910 3475 1058 3540 mutatio
1078 3493 1099 3538 a
1114 3476 1234 3539 multis
1248 3474 1365 3540 docto·

126 3587 235 3652 -ribus
248 3603 292 3649 ac
313 3584 537 3649 scholasticis
558 3593 613 3648 est
633 3584 899 3659 animaduersa;
925 3584 1126 3648 absolueret
1146 3582 1217 3646 iam
1237 3582 1366 3646 artium

136 3711 292 3758 cursum.
318 3691 430 3758 Nobis
451 3691 614 3774 equidem
635 3693 741 3756 talem
764 3692 806 3755 de
831 3709 869 3756 se
895 3690 1039 3772 praebet
1062 3706 1179 3770 spem,
1203 3699 1242 3752 ut
1261 3688 1366 3752 conli-

137 3801 236 3866 denti
250 3800 370 3874 animo
386 3798 574 3864 credamus
587 3815 658 3862 non
673 3799 786 3863 solum
801 3815 874 3862 non
888 3799 1137 3879 decepturum,
1154 3813 1259 3877 quam
1274 3812 1368 3859 com·
1479 3857 1482 3866 ,

137 3917 310 3988 mouerat,
327 3907 625 3988 expectationem,
642 3907 704 3971 sed
719 3923 850 3986 magna
865 3925 910 3969 ex
924 3914 1026 3986 parte
1042 3905 1229 3968 uicturum.

197 4015 301 4080 Hunc
317 4016 387 4081 duo
402 4015 478 4079 eius
493 4015 724 4095 condiscipuli
739 4016 827 4078 bene
843 4013 937 4077 docti
952 4021 1034 4076 sunt
1049 4011 1200 4092 sequuti.

198 4123 283 4187 Post
298 4122 472 4187 hostilem
486 4123 665 4186 contendit
681 4122 809 4186 obnixe
823 4121 992 4184 sacerdos
1006 4119 1161 4200 quidam,
1178 4123 1212 4181 et
1227 4117 1369 4181 tandem

139 4231 275 4295 diutino
292 4231 336 4294 de
350 4229 481 4294 uirtute
496 4230 587 4307 eius,
610 4229 736 4294 litteris
751 4246 793 4291 ac
816 4227 1100 4309 perseuerantia,
1122 4225 1218 4289 sacto
1234 4225 1369 4305 experi-

131 4347 270 4416 mento,
297 4336 393 4418 quod
417 4345 603 4416 tantopere
627 4336 856 4416 concupierat
876 4344 929 4398 est
949 4343 1144 4398 assecutus.
1172 4333 1208 4396 ls
1231 4332 1268 4396 in
1293 4332 1369 4396 iure

140 4446 312 4508 canonico
324 4445 581 4508 baccalaureus
592 4453 656 4522 est,
670 4445 706 4509 in
716 4445 850 4507 artibus
861 4443 1070 4518 licentiatus,
1081 4449 1261 4522 postremo
1273 4439 1369 4503 theo·

143 4555 262 4633 logus,
278 4553 339 4633 qui
353 4552 492 4625 maluit,
509 4551 628 4623 diuino
645 4551 791 4614 consilio
807 4551 977 4627 monitus,
994 4548 1110 4613 nudus
1123 4547 1256 4611 nudum
1271 4546 1370 4627 sequi

143 4661 335 4736 Christum,
353 4677 458 4742 quam
473 4660 617 4740 diuitiis,
634 4658 760 4740 quibus
776 4657 994 4738 abundabat,
1012 4673 1053 4718 ac
1069 4655 1250 4720 homiuum
1268 4655 1369 4718 aesti-

143 4767 295 4832 matione
310 4767 455 4849 perfrui.
