3382 5528
641 536 706 594 Au.
727 535 798 596 1556
1282 535 1337 597 423

107 679 242 760 itinere,
260 681 387 760 quibus
401 683 647 761 occurrebant,
664 683 708 746 de
722 692 951 764 peccatorum
966 683 1180 764 poenitentia
1203 691 1237 745 et
1251 699 1335 745 ven-

106 797 183 849 turo
206 789 328 852 seculo
350 788 592 868 admonentes
616 789 651 853 in
674 789 996 871 opportunitatibus
1021 789 1158 870 experti
1178 787 1334 852 diuinam

108 894 383 973 prouidentiam,
405 896 494 960 etin
514 896 731 961 abundantia
751 906 913 961 sanctam
931 907 1139 961 exercentes
1159 896 1335 959 abstinen-

106 1001 205 1064 tiam:
221 1001 497 1081 efflagitantibus
518 1011 637 1067 autem
656 1004 829 1067 instanter
848 1004 985 1068 ciuibus
1000 1013 1034 1067 et
1053 1001 1250 1085 oppidaniS,
1268 1003 1334 1067 cle·

107 1108 188 1172 ricis
202 1109 423 1174 secularibus
437 1120 471 1174 et
485 1111 673 1190 religiosis
686 1111 840 1175 habuere
856 1111 1056 1189 conciones
1070 1109 1253 1174 affectibus
1265 1110 1335 1190 ple-

109 1233 188 1294 nas,
204 1217 242 1278 in
258 1217 417 1280 ecclesiis
435 1218 645 1295 maioribus,
662 1219 698 1282 in
712 1218 969 1282 monachorum
982 1227 1017 1281 et
1040 1217 1247 1298 monialium
1261 1234 1335 1281 mo·

108 1322 291 1402 nasteriiS,
317 1333 352 1388 et
376 1325 566 1403 quamdam
591 1324 627 1388 in
652 1325 805 1405 quodam
830 1326 1040 1390 clericorum
1065 1325 1236 1405 capitu10,
1263 1341 1333 1404 qua

110 1431 199 1494 inter
214 1431 426 1495 dissidentes
441 1432 590 1496 clericos
605 1450 676 1514 pax
691 1450 713 1496 a
727 1431 879 1496 Domino
899 1432 1094 1514 composita
1109 1441 1173 1495 est.
1195 1431 1336 1496 Institu-

110 1549 164 1601 tae
178 1537 437 1616 fraternitates,
453 1538 655 1619 indictaque
674 1538 806 1604 frustra
821 1538 1018 1602 iurantibus
1039 1556 1173 1618 poena,
1196 1536 1334 1618 publice

109 1645 330 1708 acclamante
341 1654 611 1725 praecone,tam
622 1657 916 1724 praesentaneum
928 1645 1121 1709 remedium
1132 1644 1198 1708 suit
1210 1653 1334 1708 contra

110 1751 249 1815 iurandi
264 1752 428 1832 abusum,
445 1761 484 1816 vt
498 1753 558 1834 qui
577 1752 655 1818 heri
668 1751 870 1832 frequenter
884 1753 1040 1831 iurabat,
1058 1751 1162 1815 hodie
1177 1752 1334 1815 iurantes

110 1859 319 1937 corrigeret,
341 1867 376 1922 et
395 1877 483 1939 puer
504 1876 652 1940 puerum
673 1869 820 1941 propter
839 1860 1074 1924 iuramentum
1096 1859 1256 1922 criminis
1277 1875 1333 1921 ac-

109 1974 262 2028 cusaret.
277 1965 465 2030 Aleatores
479 1966 647 2046 priuatim
662 1966 848 2044 admoniti,
866 1966 926 2030 alii
940 1967 1084 2030 chartas
1105 1967 1220 2045 pictas
1242 1982 1333 2029 rum·

111 2071 247 2150 pendas
262 2070 400 2151 oflerre,
417 2071 477 2135 alii
491 2063 741 2151 poenitentiam
757 2072 931 2152 polliceri,
955 2073 1024 2135 hoc
1045 2082 1183 2137 tantum
1205 2088 1334 2152 rogan·

108 2187 176 2256 tes,
192 2196 238 2242 ne
253 2179 288 2242 in
303 2179 481 2258 publicum
494 2180 745 2260 proderentur:
763 2180 959 2261 prostitutis
980 2181 1223 2247 meretricibus
1237 2184 1333 2250 sacta

109 2296 162 2350 est
177 2286 276 2367 optio
291 2302 312 2348 a
326 2287 457 2349 nostris
476 2285 655 2364 PatribuS,
677 2297 711 2350 et
732 2306 753 2350 a
774 2286 947 2352 iudicibus
967 2289 1192 2369 confirmata,
1214 2299 1254 2354 vt
1275 2294 1335 2356 vel

107 2394 294 2458 exularent
311 2393 370 2456 vel
387 2393 619 2473 poeniterent.
640 2393 760 2458 Nostri
778 2395 919 2474 quidem
940 2395 1191 2476 poenitentiam
1211 2399 1334 2463 suade·

109 2501 204 2574 bant;
221 2499 356 2564 iudices
371 2509 501 2575 autem,
517 2501 554 2564 ni
568 2500 604 2564 id
617 2501 787 2578 facerent,
804 2503 947 2566 exilium
961 2512 1097 2568 certum
1112 2514 1145 2567 et
1161 2522 1333 2585 corpora-

107 2606 175 2669 lem
189 2623 341 2686 poenam
361 2608 484 2671 minati
501 2605 619 2688 [sunt].

169 2713 302 2778 Omitto
324 2714 493 2795 profanos
513 2715 636 2794 libroS,
662 2733 762 2797 quos,
779 2735 800 2778 a
816 2734 1005 2796 puerorum
1027 2718 1157 2782 scholis
1176 2720 1334 2783 suauiter

100 2820 256 2885 eductos
269 2821 305 2884 in
324 2821 598 2900 xenodochium,
622 2824 734 2886 nostri
755 2821 880 2888 Patres
894 2841 975 2889 cum
997 2825 1171 2904 aliquibus
1191 2826 1334 2906 oppida·

109 2927 180 3006 nis,
202 2927 454 2991 ecclesiasticis
475 2937 509 2991 et
530 2929 765 3006 secularibus,
793 2931 918 2994 deuote
943 2940 1086 2994 orantes
1111 2932 1332 3012 rumpebant,

109 3033 339 3098 admonentes
360 3035 500 3098 interim
520 3043 558 3098 vt
581 3045 700 3100 castos
721 3037 788 3100 sibi
811 3037 918 3101 libros
937 3045 1147 3101 coemerent.
1171 3038 1258 3102 illud
1280 3048 1334 3102 ta-

110 3156 190 3203 men
205 3139 345 3204 silentio
360 3158 431 3205 non
446 3143 661 3223 praeteribo;
678 3142 772 3224 quod
783 3193 789 3219 ,
800 3125 802 3132 ¹
813 3161 893 3207 cum
908 3142 1069 3207 viderent
1088 3153 1231 3208 nostros
1252 3161 1335 3225 pau·

110 3247 253 3325 peribus
268 3247 518 3327 inseruientes,
535 3249 764 3314 imitabantur
779 3251 872 3314 illico
895 3250 1198 3332 prouidebantque
1219 3253 1287 3332 ipsi
1301 3262 1336 3315 et

110 3354 350 3418 inseruiebant
364 3355 443 3418 illis.

170 3459 432 3541 Persequuntur
452 3479 518 3525 nos
532 3463 592 3542 qui
613 3465 743 3542 solent,
767 3465 909 3544 saepius
930 3463 1024 3528 dicta
1046 3463 1257 3545 relerentes,
1280 3482 1338 3529 ca·

110 3567 395 3649 lumnianturque
411 3569 528 3650 aliqua
543 3570 670 3648 denuo,
686 3588 777 3651 quae
792 3571 963 3634 hactenus
978 3571 1250 3651 simplicioribus
1263 3574 1337 3652 pla-

112 3673 255 3753 cebant,
277 3675 520 3757 decrescitque
539 3676 657 3757 uobis,
686 3677 808 3740 sinon
831 3693 1014 3756 numeruS,
1037 3679 1164 3742 saltem
1186 3680 1337 3760 qualitas

111 3779 312 3845 auditorum
326 3791 361 3847 et
376 3783 639 3861 poenitentium.
661 3781 803 3847 Nobiles
820 3801 973 3864 namque
988 3793 1023 3847 et
1036 3785 1168 3848 literati
1189 3785 1259 3849 viri
1277 3799 1338 3849 no·

111 3887 218 3952 bilem
230 3889 478 3970 literatumque
493 3899 695 3970 sequuntur.
718 3889 866 3955 Vtinam
881 3892 927 3954 ad
949 3891 1232 3956 conseruandum
1251 3899 1286 3956 et
1301 3892 1337 3958 iu

113 3995 301 4060 virtutibus
329 3997 609 4076 promouendum
637 4005 691 4060 tot
719 3996 921 4060 auditorum
954 4015 1098 4062 suorum
1126 4008 1338 4079 nostrosque
1382 4059 1391 4078 ,

109 4101 251 4166 animos
264 4103 421 4183 gratiam
434 4103 484 4166 illi
499 4102 672 4167 Dominus
686 4103 785 4169 Deus
799 4105 1015 4169 uberrimam
1030 4106 1214 4184 largiatur.

172 4207 319 4289 Hispali,
335 4210 356 4273 6
369 4209 508 4273 kalend.
526 4209 741 4290 Septembris
756 4229 850 4274 anno
864 4211 1009 4275 Domini
1026 4211 1113 4276 1556.

173 4313 225 4380 De
239 4317 488 4382 commissione
503 4316 541 4380 P.
557 4317 730 4382 Rectoris.

269 4425 314 4489 V.
332 4423 370 4488 P.
389 4424 653 4506 indignissimus
669 4425 758 4490 filius
774 4428 807 4490 in
825 4427 978 4492 Domino
993 4426 1088 4510 Jesu,

999 4673 1021 4742 †

832 4748 991 4832 Jonuuss
1012 4750 1173 4814 Xunnea
