3368 5528
621 511 684 570 Au.
706 507 775 570 1556
1254 515 1309 578 stt

97 649 229 718 dotibus
254 651 390 718 fructus
415 654 665 720 convehendus
692 666 756 736 est,
785 655 940 731 Christo,
972 674 1111 721 summo
1137 660 1308 739 agricola,

96 774 212 838 agrum
227 760 464 826 Aruernicum
479 762 673 841 excolente.
693 763 919 844 Praepositus
939 763 984 828 D.
1004 763 1164 844 Baptista
1187 764 1310 830 dextre

97 883 134 929 ac
146 869 288 932 solerter
299 885 380 934 cum
392 869 477 933 R.⁸¹⁰
488 871 664 954 Episcopo
678 874 686 902 ¹
700 872 773 952 (qui
785 873 853 935 huc
864 871 1004 936 Lutetia
1016 873 1203 952 concessit)
1216 883 1251 937 et
1263 875 1310 938 ci·

97 973 190 1038 uibus
200 985 305 1057 atque
317 978 501 1042 canonicis
512 980 654 1060 negotia
667 980 817 1060 peragit.
830 977 1004 1043 Dominus
1016 979 1140 1044 Petrus
1153 980 1308 1060 Canalis,

97 1077 215 1146 Rector
229 1079 378 1164 C'ollegii
393 1086 516 1163 nostri,
533 1102 657 1150 curam
671 1086 737 1150 sibi
750 1086 946 1150 iniunctam
958 1085 1050 1150 fideli
1065 1103 1107 1150 ac
1123 1087 1246 1152 sedula
1262 1089 1311 1152 in·

97 1187 222 1253 dustria
237 1189 314 1255 Deo
330 1191 500 1274 nobisque
515 1193 659 1258 exoluit.
690 1179 693 1187 ¹

150 1295 246 1360 hm·
265 1297 437 1363 Dominus
451 1299 463 1329 '
478 1301 582 1363 solito
598 1317 662 1364 nos
677 1300 800 1365 fauore
816 1301 1051 1381 prosequitur,
1074 1317 1179 1381 quem
1193 1300 1310 1380 potius

96 1401 263 1468 intendere
280 1405 529 1470 beneficiorum
543 1409 682 1471 cumulo
699 1405 848 1471 videtur.
865 1406 955 1471 Nam
970 1407 1115 1470 aedibus
1129 1406 1308 1484 conducti·

95 1509 146 1572 tiis
160 1512 193 1574 in
215 1512 469 1578 habitationem
490 1511 598 1578 'nobis
616 1513 768 1591 traditis,
794 1515 1046 1595 supellectilem
1071 1514 1310 1578 necessariam

94 1617 186 1680 nobis
200 1621 478 1700 comparandam
492 1621 641 1685 curauit.
658 1621 837 1686 Amictum
852 1621 1000 1700 singulis
1015 1619 1308 1696 subministrauit,

94 1719 307 1806 frumentum,
323 1728 446 1792 vinum
462 1744 505 1792 ac
519 1727 691 1792 ducentas
705 1727 819 1791 libras
833 1725 844 1758 ³
862 1727 970 1791 victui
991 1728 1213 1792 necessarias
1229 1744 1310 1808 sup·

94 1831 264 1912 peditauit.
280 1834 469 1899 Pollicetur
484 1833 605 1899 decem
624 1835 829 1900 francorum
848 1835 956 1900 millia
975 1834 1124 1914 Collegii
1146 1835 1309 1900 aedificio

95 1942 291 2036 extruendo,
307 1950 447 2022 praeter
463 1942 619 2034 redditus
634 1959 788 2019 annuoS,
810 1959 901 2022 quos
923 1941 966 2004 ad
988 1941 1209 2022 quingentas
1228 1959 1310 2006 sex·

95 2046 250 2112 cantasu'e
262 2047 401 2112 irbras‘
415 2049 591 2130 pollicitus
602 2058 655 2112 est
667 2059 749 2113 ante
761 2065 903 2113 annum.
918 2048 1074 2113 Calicem
1087 2061 1308 2128 argenteum,

95 2171 168 2219 cum
186 2157 336 2220 caeteris
356 2157 573 2222 ornamentis
588 2157 763 2220 sacrificiu
789 2157 1012 2234 necessariis
1029 2156 1128 2220 nobis
1144 2157 1310 2220 submini-

94 2263 211 2327 strauit
224 2262 484 2328 liberalissime.
501 2253 595 2328 Sane
611 2264 801 2328 liberaliter
817 2280 855 2328 se
870 2263 962 2343 gerit
976 2279 1062 2344 erga
1079 2281 1156 2342 nos,
1171 2281 1234 2344 pro
1246 2281 1310 2328 sua

93 2367 314 2450 humanitate,
330 2390 437 2454 quam
452 2389 563 2453 nuper
578 2371 736 2436 exhibuit
751 2388 838 2450 erga
858 2389 925 2450 me,
946 2372 1126 2451 paululum
1142 2371 1309 2436 valetudi·

93 2483 234 2559 narium,
250 2481 334 2545 dum
349 2497 433 2544 mox
452 2497 507 2544 me
529 2479 742 2559 Euscopiam
763 2479 809 2543 ad
830 2495 869 2543 se
888 2479 1077 2542 accersiuit
1098 2479 1311 2542 valetudinis

93 2587 349 2667 recuperandae
370 2589 499 2668 gratia.
516 2586 620 2652 ΚΜ
634 2586 775 2650 Patrem
796 2598 958 2650 nostrum
972 2586 1067 2650 haud
1088 2604 1182 2665 raro,
1206 2597 1243 2650 vt
1267 2587 1310 2651 de

93 2694 236 2772 negotiis
250 2711 331 2758 curn
346 2712 388 2758 eo
403 2695 574 2774 conserat,
592 2694 689 2758 adse
706 2694 828 2757 venire
842 2694 948 2756 iubet.
964 2693 1068 2758 Faxit
1084 2693 1246 2757 Christus
1273 2705 1310 2758 vt

94 2795 156 2862 R.‘¹¹
181 2799 297 2866 Patris
311 2802 424 2866 nostri
439 2801 578 2882 Ignatii,
596 2800 716 2866 iamin
731 2802 868 2864 coelum
888 2800 1029 2878 sublati,
1050 2799 1229 2881 suffragiis
1252 2819 1309 2865 ne·

93 2908 183 2983 gotia
198 2911 316 2974 omnia
331 2919 618 2990 promoueantur.

146 3015 246 3092 Vale,
273 3016 379 3082 Pater
403 3016 743 3096 obseruandissime,
773 3016 886 3080 nostri
911 3033 1044 3080 memor
1073 3014 1167 3096 apud
1195 3015 1310 3080 Deum

93 3139 218 3204 nosque
240 3124 416 3188 uniuersis
437 3121 598 3187 Patribus
624 3123 861 3204 fratribusque
883 3122 1149 3187 commendatos
1169 3123 1308 3187 habeto.

147 3231 294 3311 Biliomi,
311 3230 467 3296 secundo
482 3230 647 3296 Octobris
662 3231 750 3294 1556.

144 3336 293 3420 Imperio
309 3336 505 3419 Praepositi
521 3339 634 3404 nostri
648 3337 686 3402 P.
703 3337 895 3418 Baptistae.

429 3443 522 3511 R.‘¹⁸e
541 3444 580 3509 Ρ.
597 3455 679 3510 tuae
695 3446 859 3509 minimus
875 3445 911 3508 in
927 3444 1068 3509 Christo
1083 3443 1188 3523 filius,

624 3661 811 3726 Roaaarus
825 3660 1077 3725 Cnnvssomus.

144 3879 410 3962 Superscrrptio
425 3881 463 3944 in
479 3886 610 3962 quarta
620 3879 774 3961 pagina.
792 3877 869 3958 R.do
895 3879 930 3940 in
946 3876 1088 3942 Christo
1103 3876 1199 3940 Patri
1215 3875 1306 3941 Dno.

91 3984 209 4066 Joanni
223 3988 392 4063 Polanc0‚
408 3987 505 4052 Patri
519 4005 599 4052 meo
614 3985 947 4051 obseruandissimo.
964 3984 1110 4047 Romae.
1166 4026 1167 4032 κ

47 4123 52 4140 ·
144 4096 226 4160 Atia
241 4114 366 4160 manu:
376 4095 406 4160 3.
422 4096 522 4180 Jhus.
539 4094 625 4158 1556.
639 4094 789 4157 Biliomi.
803 4091 1087 4173 Quadrimestres
1099 4092 1119 4152 2
1130 4090 1307 4154 Octobris.

140 4204 190 4268 'Et
204 4204 291 4269 alt'a:
308 4203 517 4268 Emendata.

152 4311 349 4392 Vestigium
364 4310 494 4390 sigilli.
588 4307 593 4318 '

128 4554 136 4586 ⁸
161 4555 418 4603 Guilelmodnl’rat.
697 4615 699 4618 .

125 4629 136 4661 ¹
160 4627 453 4686 pommusaprscopm.
466 4629 607 4674 tornacus.

125 4701 136 4734 ³
158 4701 361 4761 praesumto.

125 4776 137 4809 ⁴
161 4779 323 4834 quingentos
332 4777 506 4820 sexcentosve
510 4773 631 4829 francos.
644 4770 681 4816 lo.
