3436 5526
699 521 763 579 Aa.
786 521 855 578 1556
1337 518 1394 575 507

151 666 276 744 tendo,
295 666 548 729 humanitatem
564 667 599 730 in
612 666 847 744 admonendO,
861 665 1040 744 laudabat;
1054 675 1100 742 et,
1111 665 1267 728 maximo
1280 667 1386 727 onere

150 771 328 851 deposito,
344 791 382 835 se
398 773 561 836 foelicem
578 775 786 853 beatumque
802 771 1043 852 profitebatur.
1061 771 1195 834 Nobilis
1215 772 1390 851 quaedam

151 879 311 942 hebraea
326 890 361 941 et
376 881 654 960 opulentissima,
670 893 818 960 accepto
834 879 889 942 his
904 878 1026 942 diebus
1040 895 1144 941 sacro
1163 879 1390 957 baptismate,

152 987 290 1049 nostris
304 984 467 1049 Patribus
486 985 649 1050 confessa
665 997 730 1064 est;
747 1003 837 1065 quae
854 1002 939 1049 sane
960 1002 1016 1048 res
1037 1001 1107 1048 non
1122 1001 1271 1064 paruam
1291 986 1325 1047 in
1344 986 1389 1047 ci·

152 1093 254 1156 uium
271 1092 300 1156 F
302 1093 552 1157 errariensium
571 1093 698 1157 animis
714 1093 757 1156 de
777 1093 879 1156 nobis
900 1092 1184 1172 expectationem
1204 1091 1387 1170 ingenera-

152 1199 218 1264 uit:
236 1208 394 1280 praestet
419 1198 594 1262 Dominus
619 1213 656 1262 ut
679 1201 711 1262 ei
737 1218 801 1280 pro
824 1199 917 1262 uirili
944 1199 1234 1278 respondeamus.
1261 1197 1392 1261 Frater

153 1306 320 1386 quidam,
346 1307 400 1369 ira
425 1315 460 1368 et
481 1305 600 1369 furore
626 1307 839 1382 concitatus,
869 1306 1012 1368 omnino
1038 1321 1197 1368 sororem
1224 1305 1390 1368 occidere

152 1413 365 1492 destinarat;
383 1431 403 1475 a
423 1412 527 1476 Patre
542 1423 663 1476 nostro
679 1413 754 1475 eius
770 1413 919 1491 impetus
939 1428 1140 1490 repressuS,
1163 1429 1244 1475 cum
1265 1429 1392 1474 sorore

152 1522 188 1582 in
205 1520 405 1582 amicitiam
419 1521 534 1584 rediit.

213 1625 307 1690 Cum
321 1627 432 1690 frater
447 1645 492 1690 ex
507 1628 637 1690 nostris
652 1630 859 1691 concionem
875 1629 1033 1702 haberet,
1057 1627 1201 1707 quidam
1224 1625 1389 1689 concubi·

153 1735 293 1811 nariuS,
320 1735 440 1797 dolore
462 1744 689 1814 peccatorum
716 1745 959 1815 compunctus,
987 1734 1169 1796 confessus
1188 1742 1240 1796 est
1256 1735 1392 1796 nostris·

154 1841 330 1920 patribus,
348 1841 407 1921 qui
422 1843 531 1904 multa
546 1843 616 1904 alia
628 1843 773 1904 uulnera
786 1859 858 1904 non
869 1841 1014 1904 minoris
1026 1840 1172 1921 periculi
1184 1839 1327 1919 detexit,
1341 1841 1388 1902 ad·

153 1949 412 2027 melioremque
427 1946 565 2026 frugem
581 1965 619 2010 se
633 1948 776 2027 recepit.
795 1947 851 2010 Ab
867 1948 1061 2027 eodemque
1083 1947 1192 2010 fratre
1211 1947 1386 2009 hebraeus

154 2055 304 2136 quidam
330 2053 375 2116 ad
399 2055 631 2118 christianam
655 2054 758 2118 fidem
786 2071 958 2118 accensus
977 2065 1042 2130 est,
1071 2055 1130 2134 qui
1150 2054 1309 2133 apprime
1329 2053 1385 2116 he·

153 2163 289 2225 braeas
301 2162 498 2241 latinaeque
509 2162 630 2224 literas
642 2162 757 2237 callet;
771 2163 821 2240 (ut
833 2161 1029 2241 speramus)
1043 2172 1199 2224 nostram
1213 2161 1386 2240 ingredie·

154 2278 214 2331 tur
229 2267 456 2346 Societatem,
479 2286 558 2331 curn
583 2269 774 2349 praecipue
795 2278 935 2331 nostros
958 2269 1184 2331 uehementer
1200 2268 1335 2348 diligat,
1352 2279 1386 2332 ct

153 2375 315 2455 saepiuS,
333 2375 375 2437 de
391 2361 561 2438 institutis
580 2375 782 2455 regulisque
803 2377 933 2438 nostris
955 2375 1202 2452 collocuturus
1225 2392 1290 2437 nos
1305 2392 1390 2437 con·

154 2483 293 2546 ueniat.

222 2589 325 2652 Alter
340 2589 451 2652 frater
470 2589 525 2652 his
540 2590 664 2652 diebus
678 2591 880 2670 praeteritis
896 2590 1140 2654 meretricibus
1153 2589 1386 2669 praedicauit,

154 2715 251 2778 quae
266 2697 423 2760 maxima
438 2698 632 2759 attentione
646 2697 742 2760 illum
757 2697 956 2760 audiebant.
974 2697 1061 2777 Quis
1079 2699 1195 2760 ualeat
1216 2704 1389 2776 quantum

153 2803 316 2868 fuderint
337 2804 590 2866 lachrimarum
610 2804 757 2868 referre?
779 2807 838 2884 qui
860 2807 1023 2884 planctus
1043 2804 1155 2868 auditi
1175 2805 1245 2866 sint
1267 2820 1387 2865 recen·

153 2911 254 2976 sere?
266 2910 387 2990 Itaque
402 2910 572 2974 tredecim
587 2909 733 2975 firmiter
750 2921 948 2975 statuerunt
963 2913 1074 2976 uitam
1090 2911 1322 2992 deprauatam
1337 2910 1386 2973 in·

155 3019 414 3100 quinatamque
425 3017 569 3096 flagitiis
582 3019 791 3098 relinquere,
801 3019 922 3082 etDeo
934 3018 1127 3082 adhaerere
1139 3017 1388 3097 Christumque

155 3127 210 3205 (ut
223 3125 338 3205 inquit
349 3124 553 3204 Apostolus)
566 3125 711 3188 induere
722 3135 993 3206 proposuerunt.
1009 3126 1103 3190 Idem
1115 3125 1270 3205 quadam
1280 3125 1388 3188 etiarn

156 3233 217 3296 die
234 3232 270 3294 in
285 3229 507 3294 xenodochio
522 3233 687 3312 quodam,
709 3235 826 3312 amplo
847 3233 945 3310 satis,
971 3233 1203 3297 concionatus
1224 3242 1288 3306 est,
1312 3249 1386 3311 per·

156 3338 344 3417 suasitque
361 3339 531 3414 curatori,
553 3349 589 3402 ut
612 3340 761 3418 singulis
783 3339 1074 3418 hebdomadibus,
1099 3339 1246 3402 infirmis
1260 3339 1388 3402 doctri-

155 3463 244 3510 nam
261 3445 494 3508 christianam
511 3448 745 3525 praelegeret:
762 3446 856 3527 quod
876 3466 914 3510 se
934 3449 1109 3511 facturum
1125 3447 1297 3527 promisit,
1318 3447 1384 3509 ius·

157 3554 278 3632 sitque
294 3563 332 3614 ut
346 3552 401 3614 bis
417 3553 451 3614 in
467 3553 690 3616 hebdomada
712 3554 855 3617 litaniae
874 3555 1027 3618 maiores
1044 3557 1329 3632 decantarentur;
1346 3571 1388 3617 ac

157 3661 283 3741 palam
297 3658 445 3722 infirmis
460 3660 559 3738 dixit,
577 3670 614 3723 ut
630 3662 689 3740 qui
705 3663 833 3724 uellent
845 3662 881 3724 in
896 3661 1116 3724 xenodochio
1133 3679 1327 3736 remanere,
1344 3661 1394 3723 ad

158 3765 400 3830 confessionis
415 3777 677 3830 sacramentum
692 3785 770 3830 sese
783 3779 1048 3849 praepararent.

223 3871 317 3934 Hinc
333 3873 440 3936 etiam
459 3872 610 3937 fratrum
629 3875 786 3938 charitas
806 3888 913 3955 patet,
937 3877 1031 3956 quod
1048 3894 1128 3939 cum
1144 3885 1284 3953 exeunt,
1302 3876 1390 3938 blas·

157 3981 373 4062 phemantes
404 3979 513 4059 (quod
543 3999 628 4044 sane
655 3993 843 4062 peccatum
868 3984 1021 4046 maxime
1048 3984 1146 4048 hisce
1171 3985 1206 4046 in
1232 3983 1390 4063 partibus

158 4085 274 4172 uiget)
288 4085 485 4166 increpant;
502 4106 574 4164 eoa,
592 4089 651 4169 qui
674 4091 795 4168 legunt
814 4090 922 4153 libros
936 4107 1007 4153 non
1026 4091 1113 4154 satis
1132 4091 1311 4168 honestOS,
1329 4100 1390 4153 aut

157 4193 209 4258 ad
229 4193 437 4272 religionem
462 4195 691 4258 christianam
716 4214 787 4259 non
812 4197 1047 4276 pertinentes
1075 4197 1268 4277 corrigunt;
1295 4197 1389 4277 quod

157 4315 270 4380 quam
295 4301 470 4379 patienter
495 4299 621 4380 ferant,
643 4303 746 4366 unius
772 4305 933 4384 exemplo
959 4305 1150 4367 coniectari
1176 4316 1306 4384 potest,
1331 4306 1391 4384 qui

157 4405 296 4480 statim,
315 4405 517 4470 admonitus
543 4407 698 4486 afratre,
725 4410 852 4473 librum
872 4411 1054 4474 interram
1076 4411 1234 4490 proiecit,
1251 4429 1321 4474 non
1337 4411 1391 4474 ira

157 4521 288 4577 contra
304 4511 451 4576 fratrem
466 4525 675 4593 commotus,
691 4516 755 4579 sed
769 4516 910 4580 diuinae
921 4519 1056 4596 gloriae
1069 4535 1190 4580 amore
1202 4517 1386 4581 adductus.

159 4617 256 4683 Nam
271 4629 396 4698 postea
411 4619 513 4683 fratri
528 4638 684 4685 summas
698 4623 770 4702 egit
785 4623 931 4701 gratias,

228 4723 299 4787 Nec
318 4725 403 4789 illud
427 4729 778 4806 praetermittendum
803 4747 881 4792 csse
906 4729 999 4806 duxi,
1028 4729 1222 4810 quodcum
1246 4733 1392 4813 quidam
