3436 5526
498 501 667 573 nonaum
685 529 718 572 nt
735 528 824 573 rouo
841 528 989 573 secunao
1304 511 1361 572 637

113 657 224 740 pileo
243 663 261 720 ¹.
279 657 458 739 Deinceps
472 671 637 739 coeptum
652 668 705 723 est
720 661 756 724 in
770 659 903 724 scholis
916 659 1024 723 latine
1037 675 1237 740 graecoque
1251 658 1358 721 inter-

122 765 279 846 pretari,
297 778 403 846 atque
420 763 519 829 ‘artes
534 775 569 829 et
585 767 800 846 theologiam
815 765 839 846 ¹,
856 775 894 830 ut
909 767 1045 830 solebat
1059 775 1165 829 antea
1174 765 1276 845 sieri,
1297 783 1359 828 ex·

116 870 270 952 plicare
298 869 322 934 ³.
351 871 459 936 Venit
483 883 564 954 post
588 873 724 954 aliquot
750 874 825 937 dies
853 873 1110 937 illustrissimus
1137 872 1194 935 ille
1209 872 1236 949 ⁴,
1259 871 1359 935 cuius

122 979 278 1042 memini
303 979 481 1060 superius;
503 980 612 1059 venit,
639 980 795 1061 inquam,
826 981 872 1044 ad
899 988 1059 1044 nostrum
1087 979 1358 1042 meritissimum

121 1085 276 1150 Patrem
290 1086 486 1168 Baptistam
501 1103 582 1151 cum
598 1104 735 1152 summo
751 1087 916 1151 audiendi
929 1088 1093 1151 liberales
1107 1096 1202 1150 artes
1222 1084 1358 1149 deside·

121 1193 199 1256 rio.
216 1191 387 1273 Concepit
402 1193 543 1274 quidem
558 1209 725 1273 magnam
741 1193 846 1257 Pater
861 1194 950 1257 tanti
965 1192 1129 1257 desiderii
1144 1192 1357 1273 expectatio·

122 1316 227 1378 nem,
252 1299 498 1380 delegauitque
519 1318 642 1366 curam
663 1301 929 1381 interpretandi
947 1301 1008 1364 vni
1030 1318 1075 1364 ex
1095 1299 1275 1379 iratribus
1299 1300 1358 1380 qui

120 1422 291 1469 canones
312 1415 347 1469 et
370 1406 568 1471 rudimenta
591 1406 725 1486 logices
746 1407 996 1471 illustrissimo
1015 1406 1195 1488 praelecto
1217 1424 1260 1470 ac
1282 1405 1358 1468 eius

121 1512 398 1576 illustrissinn's
408 1513 589 1592 iratribus,
599 1531 736 1578 necnon
749 1515 923 1595 aliquibus
932 1514 1115 1594 religionis
1126 1511 1357 1577 Commenda-

122 1619 271 1683 toribus
296 1621 460 1701 explicat.
485 1620 599 1700 Quam
621 1637 753 1700 magna
775 1631 809 1686 et
833 1621 1009 1685 mirabilia
1034 1630 1116 1685 sunt
1142 1636 1251 1700 opera
1276 1617 1356 1682 Dei!

124 1727 277 1788 Pastas
291 1725 461 1806 paulatim
475 1733 510 1790 et
520 1727 748 1807 refocillatus
764 1728 776 1760 ⁸
790 1729 846 1791 vir
860 1726 1128 1806 illustrissimus
1144 1727 1181 1790 in
1192 1727 1358 1790 dormito·

122 1833 185 1896 rio
203 1832 404 1897 cubiculum
419 1851 440 1898 a
455 1832 560 1898 Patre
575 1835 709 1915 petiuit,
726 1835 844 1915 inquo
860 1844 979 1915 posset
994 1851 1032 1897 se
1054 1833 1206 1897 interdiu
1227 1833 1357 1913 recipe·

124 1955 182 2015 re,
208 1938 351 2018 illicque
371 1939 562 2036 diligenter
577 1941 689 2004 literis
710 1941 795 2004 dare
818 1957 975 2021 operam.
999 1940 1100 2004 Bone
1113 1938 1227 2018 Deus;
1251 1957 1358 2019 quam

123 2048 284 2124 elegans
299 2047 441 2110 occasio
456 2046 595 2110 colendi
610 2047 807 2111 Christum!
822 2047 927 2110 Nunc
944 2065 1023 2110 eum
1045 2047 1081 2110 in
1096 2047 1256 2110 cubiculo
1278 2061 1358 2107 cum

119 2151 250 2214 musis
267 2167 444 2238 cerneres,
462 2154 508 2216 nd
524 2155 712 2234 prandium
727 2165 762 2217 et
784 2153 902 2217 solum
924 2153 969 2217 ad
994 2170 1142 2217 coenam
1166 2152 1356 2233 proficisci·
1444 2167 1448 2176 ·

127 2271 205 2337 tur,
231 2255 475 2339 reliquumque
490 2259 592 2323 aliud
606 2266 746 2341 tempus
760 2261 798 2322 in
813 2260 969 2324 callicula
985 2260 1149 2323 reclusus
1167 2257 1318 2322 insumit
1331 2256 1355 2321 ⁶.

122 2365 184 2428 Illi
205 2365 384 2428 silentium
405 2367 533 2446 placet,
554 2366 614 2429 illi
632 2369 772 2447 collegii
797 2369 895 2449 quies
917 2377 970 2432 est
989 2367 1152 2445 iucunda,
1176 2374 1282 2447 grata
1302 2370 1358 2427 est

122 2471 292 2534 omniurn
307 2471 458 2536 fratrum
473 2475 702 2551 consuetudo,
719 2483 754 2538 et
768 2475 958 2554 praecipue
977 2473 1092 2538 Patris
1111 2473 1235 2552 nostri,
1257 2474 1357 2536 cuius

122 2577 273 2658 quidem
290 2579 544 2643 consuetudine
559 2580 764 2659 delectatur,
782 2590 816 2644 et
831 2581 1058 2645 concionibus
1073 2596 1266 2659 suspensus
1280 2579 1357 2640 rad-

118 2685 233 2747 ditur
261 2683 283 2746 '.
316 2682 579 2767 Saepenumero
599 2699 702 2752 nocte
725 2707 767 2752 ac
787 2688 845 2752 die
868 2687 912 2751 ad
935 2686 1077 2752 Patrem
1098 2685 1355 2767 proficiscatur,

121 2787 216 2852 cui*
231 2807 298 2853 sua
312 2793 455 2870 negotia
472 2794 596 2874 aperit,
613 2793 743 2858 fratres
757 2803 863 2858 uocat
876 2812 918 2858 ac
929 2803 1007 2860 orat
1024 2805 1061 2857 ut
1072 2795 1129 2856 sui
1139 2794 1174 2857 in
1191 2793 1357 2857 orationi·

121 2897 196 2960 bus
212 2897 454 2961 recordentur.
473 2899 548 2990 Iam
567 2901 732 2980 puluinos
746 2901 782 2964 in
797 2902 927 2981 templo
942 2901 1075 2964 sericos
1089 2900 1263 2980 repudiat,
1285 2901 1358 2963 iam

118 3019 293 3082 gemmas
308 3013 342 3065 et
356 3005 480 3068 clauos
495 3021 624 3070 aureos
639 3008 842 3086 contemnit,
858 3007 929 3070 iam
944 3007 1150 3070 uenationes
1162 3020 1196 3069 et
1211 3023 1357 3071 concur·

118 3127 190 3174 sus
206 3125 380 3188 equorum
394 3112 630 3192 paruipendit,
647 3116 827 3194 multaque
842 3115 911 3177 alia
926 3114 1029 3192 signa
1046 3113 1211 3191 ostendit,
1227 3130 1273 3176 ex
1284 3113 1357 3193 qui·

119 3218 205 3293 bus,
239 3231 346 3293 quam
366 3217 427 3296 pie
451 3234 493 3280 ac
517 3225 638 3282 sancte
666 3218 678 3250 ⁹
706 3219 802 3283 Deus
832 3221 868 3283 in
897 3238 939 3283 eo
967 3229 1147 3300 operetur,
1179 3221 1258 3282 licet
1286 3220 1358 3282 col·

122 3323 256 3402 ligere.
341 3377 343 3381 ,
710 3407 713 3414 Δ

188 3427 285 3492 Audi
301 3429 370 3492 iam
386 3448 518 3510 quaeso
534 3433 708 3496 attentius
722 3433 805 3514 quid
819 3434 870 3497 illi
885 3433 1123 3514 superioribus
1137 3431 1260 3496 diebus
1274 3449 1357 3496 con·

118 3533 272 3615 tigerit:
288 3532 376 3598 Cum
390 3537 513 3601 fuisset
528 3539 709 3620 proiectus
723 3541 826 3603 simul
841 3557 921 3602 cum
938 3537 1037 3602 Duce
1053 3557 1094 3601 ac
1110 3556 1241 3618 magno
1260 3539 1354 3619 equi·

119 3652 206 3704 tum
222 3643 375 3718 agmine,
392 3644 493 3706 nobt's
508 3647 648 3724 qualem
669 3664 740 3708 uon
761 3645 987 3724 insalutatis,
1009 3646 1053 3709 ad
1076 3645 1253 3725 quoddam
1275 3663 1356 3708 con·

119 3749 196 3812 fine
212 3747 393 3828 oppidum,
410 3752 519 3815 animi
535 3752 586 3830 (vt
601 3753 766 3830 arbitror)
787 3751 1020 3831 refocillandi
1036 3753 1164 3830 gratia,
1182 3750 1277 3830 prou
1297 3751 1356 3813 da·

117 3854 201 3932 lor,
217 3854 254 3916 in
269 3870 351 3918 arce
366 3855 460 3920 illius
475 3858 596 3938 oppidi
611 3859 646 3922 in
662 3869 794 3922 terram
808 3859 924 3922 subito
939 3859 1077 3936 cecidit,
1094 3857 1161 3920 heu
1176 3858 1261 3937 quid
1282 3858 1356 3920 dixi

162 4025 172 4058 ¹
205 4024 232 4064 el
242 4022 276 4065 de
288 4023 366 4076 plebe
380 4025 507 4079 plurimi.
520 4026 673 4080 ungranus
683 4027 924 4070 lacenalaurearus
934 4027 977 4070 uel
988 4027 1235 4081 magnarumque
1250 4037 1282 4068 ex
1292 4027 1355 4082 sra-

113 4095 216 4138 lrlbus
224 4096 342 4147 promati
349 4099 422 4140 sunl.
434 4096 576 4141 Polaticus.

159 4165 173 4197 ¹
203 4165 304 4208 artlum
314 4172 340 4208 et
352 4167 499 4223 theologiae
509 4170 610 4214 studia.
620 4169 657 4213 ln.

160 4235 174 4270 Ι
204 4237 327 4280 tractari.
338 4237 376 4280 ln.

157 4308 172 4340 Α
202 4305 468 4362 illepraeseclus.ln.

157 4377 173 4411 ⁸
203 4375 322 4421 Allectus
331 4381 458 4433 paulatini
468 4383 625 4436 spiritualis
632 4385 712 4438 pacis
719 4383 870 4428 dulcedine.
881 4383 917 4428 ln.
973 4393 976 4402 “

156 4446 171 4482 ⁸
202 4455 312 4564 serrtlper
322 4451 348 4494 ln
362 4454 479 4498 cubiculo
493 4465 522 4498 se
537 4457 664 4500 continet:
678 4456 710 4500 nd
721 4457 856 4512 prandium
870 4466 896 4500 et
912 4457 944 4501 ad
954 4469 1060 4522 coenem
1076 4460 1163 4506 solum
1178 4460 1351 4516 proficiscitur

110 4525 242 4566 deinum.
267 4533 291 4565 n.

158 4593 172 4626 ἱ
202 4594 290 4637 veluti
298 4606 435 4650 suspensus
445 4600 559 4643 tenetur.
572 4598 609 4644 lo.

159 4663 175 4700 ⁸
203 4667 379 4718 venil,ci.ln.

159 4735 173 4769 ⁰
203 4736 269 4792 quiri
279 4738 403 4783 interius.
414 4739 451 4784 la.
