3578 5534
759 499 823 559 Au.
847 501 931 580 155o
1418 499 1452 558 61

287 643 479 709 Constituit
493 645 600 708 etiam
614 644 746 708 Rector
761 657 799 709 ut
814 645 921 724 dorni,
938 647 1031 708 inter
1046 646 1269 710 coenandum
1281 655 1342 708 aut
1354 663 1457 725 pran-

227 751 392 828 dendum,
418 751 566 832 quisque
591 753 816 816 sacerdotum
838 751 1002 816 conficiat
1024 753 1180 832 aliquam
1202 754 1391 816 lectionem
1412 753 1455 814 de

226 858 332 922 rebus
346 858 488 936 diuiniS,
505 860 575 921 hoc
589 869 654 936 est,
677 859 720 922 de
741 860 860 922 causis
880 869 914 922 et
936 859 1135 923 animarum
1157 859 1409 922 controuersiis
1432 857 1453 922 ¹.

225 963 363 1030 Deinde
378 965 578 1046 disputatur
593 975 628 1029 et
642 965 818 1029 excutitur
835 967 953 1046 aliqua
969 982 1094 1042 causa,
1111 967 1186 1029 siue
1202 966 1332 1044 mauis,
1350 983 1454 1029 casus

226 1071 474 1135 conscientiae.

283 1178 505 1242 Adolescens
520 1178 664 1260 quidam
678 1180 865 1256 hebraeuS,
882 1179 1111 1260 baptismatis
1129 1179 1350 1258 candidatus,
1368 1197 1388 1241 a
1401 1197 1454 1243 sa·

226 1287 432 1350 cerdotibus
447 1287 579 1350 nostris
593 1287 781 1350 instruitur
801 1296 835 1349 et
857 1285 936 1349 fidei
956 1287 1172 1350 christianae
1194 1287 1373 1367 mysteriis
1392 1288 1453 1352 ini·

223 1394 344 1472 tiatur,
361 1394 398 1456 in
413 1393 733 1472 Quadragesimam
749 1394 906 1456 salutare
922 1394 1107 1456 lauacrum
1124 1394 1342 1457 obtenturus.

283 1499 321 1563 In
337 1499 488 1580 Collegii
505 1500 618 1563 nostri
633 1500 856 1563 extractione
878 1501 1063 1579 explorata
1082 1508 1137 1562 est
1156 1500 1312 1562 charitas
1331 1502 1454 1564 multo-

226 1624 304 1671 rum
320 1607 464 1683 ciuium,
481 1607 540 1686 qui
555 1607 680 1687 opibus
695 1607 768 1670 suis
783 1606 926 1670 domum
940 1606 1130 1685 fabricant,
1148 1617 1182 1670 et
1198 1607 1285 1669 alios
1305 1607 1454 1670 incitant

223 1712 269 1775 ad
285 1713 399 1776 simile
415 1712 576 1778 officium.

283 1820 400 1884 Venio
417 1820 461 1884 ad
478 1831 673 1884 extremam
689 1822 860 1902 epistolae
875 1830 1024 1901 partem,
1041 1822 1109 1885 hoc
1130 1831 1201 1899 est,
1224 1821 1269 1884 ad
1290 1819 1453 1884 Rectoris

220 1927 358 1991 fructus
382 1928 417 1990 in
444 1927 686 1991 iurisdictione
707 1927 918 1991 bononiensi
939 1928 1124 1990 lustranda
1147 1937 1344 2009 perceptos.
1372 1925 1451 2006 Epi·

219 2051 352 2115 scopus
367 2033 397 2112 ²,
419 2053 464 2097 ex
485 2052 556 2114 quo
576 2046 734 2115 tempore
756 2035 926 2114 cognouit
947 2033 1101 2108 Patrem,
1123 2052 1260 2116 semper
1276 2035 1386 2098 voluit
1402 2035 1454 2097 uti

221 2159 334 2221 opera
349 2141 454 2218 illius,
471 2151 546 2205 tum
562 2142 596 2204 in
613 2141 733 2204 multis
749 2141 827 2204 aliis
842 2142 959 2218 rebus,
976 2152 1050 2204 turn
1062 2142 1217 2204 maxime
1230 2141 1264 2206 in
1277 2141 1458 2204 lustratio·-

221 2265 267 2311 ne
282 2248 541 2328 paroeciarum,
559 2257 593 2310 et
608 2248 869 2311 examinatione
884 2249 1139 2326 parochorum:
1156 2247 1304 2327 proinde
1316 2247 1452 2310 iambis

221 2355 358 2418 creauit
374 2353 516 2418 Patrem
531 2353 761 2417 visitatorem
784 2355 923 2417 aedium
943 2372 1128 2418 sacrarum
1149 2365 1183 2418 et
1202 2354 1449 2434 parochorum,

222 2462 253 2524 is
272 2461 393 2540 igitur,
410 2461 531 2524 diuino
553 2461 695 2524 numine
714 2460 837 2539 fretuS,
861 2462 1084 2540 prouinciam
1107 2461 1334 2524 commissam
1353 2461 1449 2538 obiit,

215 2586 262 2632 ac
283 2569 465 2648 inprimis
487 2569 618 2650 templa
640 2567 771 2647 reperit
795 2577 869 2630 tum
891 2568 1048 2646 ruinosa,
1074 2577 1147 2631 tum
1167 2565 1355 2644 labefacta,
1378 2576 1451 2629 tum

216 2673 378 2738 sordium
403 2676 519 2754 plena,
547 2685 580 2736 et
602 2674 700 2737 vasis
722 2674 1009 2752 ornamentisque
1032 2674 1224 2753 expoliata,
1249 2684 1287 2737 ut
1312 2674 1452 2752 quiduis

215 2780 317 2844 aliud
332 2797 437 2861 quarn
453 2779 520 2844 Dei
535 2783 666 2860 templa
681 2781 870 2844 iudicares.
887 2778 1157 2843 Sanctissimum
1174 2779 1306 2844 Christi
1321 2797 1451 2861 corpus

214 2888 473 2950 asseruabatur
489 2889 523 2950 in
539 2887 664 2967 paucis
679 2887 851 2950 ecclesiis.
869 2887 1046 2965 Quocirca
1061 2887 1239 2950 sancitum
1251 2895 1304 2950 est
1316 2897 1355 2949 ut
1366 2895 1449 2950 tem·

213 2997 275 3074 pla
302 3003 375 3056 tum
401 2993 642 3071 reficerentur,
670 3003 745 3056 tum
770 3003 1034 3071 extruerentur,
1060 3003 1134 3055 tum
1160 3001 1388 3071 ornarentur,
1416 3004 1450 3055 et
1538 2982 1544 2994 '

211 3099 315 3162 uasis
330 3100 444 3163 sacris
461 3113 495 3162 et
512 3100 663 3162 cacteris
678 3101 784 3162 rebus
799 3099 1014 3162 necessariis
1029 3100 1341 3178 locupletarentur.

276 3203 454 3284 Quantam
470 3205 602 3268 inuenit
618 3209 654 3268 in
669 3205 915 3269 sacerdotibus
927 3205 1177 3284 ignorantiam,
1191 3215 1361 3286 quantam
1377 3222 1446 3268 rno-

211 3329 293 3374 rum
310 3312 594 3391 peruersitatem,
611 3321 781 3391 quantam
797 3311 945 3391 denique
965 3310 1198 3374 offensionum
1218 3311 1369 3392 copiam,
1386 3311 1449 3373 vix

210 3418 335 3481 uerbis
357 3419 525 3498 consequi
542 3435 694 3497 possem.
724 3418 911 3482 Caeterum
928 3417 1042 3480 Patris
1065 3427 1099 3479 et
1119 3435 1226 3496 opera
1249 3429 1283 3482 et
1299 3419 1447 3481 consilio

210 3526 315 3588 multi
338 3525 544 3588 sacerdotes
559 3525 714 3588 animum
730 3543 751 3586 a
777 3525 872 3588 uitiis
895 3536 930 3587 et
955 3524 1196 3603 voluptatibus
1211 3522 1445 3602 abduxerunt,

209 3632 306 3695 etad
322 3632 463 3711 pietatis
478 3632 594 3696 studia
608 3633 875 3711 transtulerunt;
892 3632 1025 3694 caeteri
1040 3631 1186 3712 polliciti
1202 3642 1283 3692 sunt
1299 3631 1334 3692 in
1349 3630 1445 3692 uiam

211 3757 253 3802 se
268 3740 458 3819 redituros;
482 3749 516 3802 et
537 3739 708 3814 nonnulli,
736 3741 877 3802 omissis
892 3741 986 3802 uitae
1010 3739 1206 3802 rationibus
1227 3737 1445 3815 inueteratis,

212 3846 354 3924 publice
369 3847 461 3909 inter
487 3845 772 3920 sacrificandum,
795 3847 972 3909 uberrime
996 3845 1132 3922 fleuteS,
1156 3842 1445 3906 contenderunta

210 3951 288 4015 suis
301 3954 465 4031 paroecis
481 3962 517 4014 ut
535 3963 681 4032 peccata
695 3952 918 4032 fraudesque,
942 3953 1114 4032 proximis
1130 3951 1348 4029 temporibus
1363 3967 1446 4013 con·

213 4068 349 4138 ceptaS,
365 4059 431 4121 sibi
455 4059 708 4122 condonarent.
733 4059 789 4122 Ad
813 4060 900 4122 haec
919 4059 1050 4122 Rector
1076 4060 1111 4122 in
1137 4058 1301 4138 proxima
1321 4074 1444 4120 censu·

211 4183 254 4228 ra
270 4163 293 4242 ³,
310 4183 391 4228 cum
405 4166 494 4228 satis
509 4167 729 4246 exploratam
745 4167 891 4229 haberet
905 4184 1042 4230 morum
1063 4167 1278 4246 prauitatem
1299 4176 1333 4228 et
1350 4165 1444 4227 uitae

255 4441 263 4473 ¹
292 4440 406 4494 Scilicet,
418 4440 448 4483 de
460 4441 635 4486 conscientiae
646 4442 757 4496 casibus,
767 4449 795 4486 ut
807 4443 861 4496 ipse
871 4441 973 4486 Bordon
983 4444 1075 4486 statim
1085 4443 1123 4486 ait
1134 4441 1217 4496 magis
1228 4452 1254 4484 se
1271 4442 1397 4486 communi
1407 4443 1444 4484 lo-

213 4513 305 4565 quendi
314 4513 371 4557 usui
382 4513 588 4558 accommodans.

251 4584 264 4616 ¹
290 4582 570 4639 JoannesCarnpeggi.

252 4655 264 4687 ⁵
290 4655 516 4706 Informatlonem
528 4655 643 4708 intellige
654 4656 685 4699 de
700 4663 772 4700 statu
786 4658 984 4711 parochiarum,
1001 4669 1065 4710 quas
1082 4658 1249 4712 visitaverat,
1266 4670 1281 4702 a
1298 4658 1326 4700 P.
1344 4657 1443 4701 Palmio

214 4728 358 4772 conlectam
370 4733 396 4769 et
407 4724 536 4780 Episcopo
548 4727 670 4770 oblatam.
