3510 5526
358 505 423 565 -696
834 505 1010 565 Aaronom
1028 521 1133 566 entus

370 650 570 714 sacerdotia
587 650 595 680 ¹
612 651 797 731 quaedam,
814 669 905 732 quae
916 649 987 716 filio
1003 669 1066 714 suo
1081 651 1295 725 obtinuerat,
1308 648 1480 714 Societati
1492 649 1606 712 dona·

369 766 503 820 rentur.
520 756 609 820 Cum
623 775 711 820 vero
727 758 806 838 ipsa
821 775 1045 839 nequaquam
1061 759 1250 838 collegium
1265 757 1404 835 erigere
1419 763 1529 836 atque
1539 755 1601 818 do·

368 874 446 927 tare
470 874 601 944 posset,
628 865 758 944 partim
782 865 878 944 quod
903 867 1050 929 multum
1073 865 1167 928 aeris
1195 864 1316 942 alieni,
1348 863 1478 942 partim
1504 862 1599 942 quod

364 971 459 1034 alios
479 971 625 1036 haberet
639 969 740 1050 filios,
758 973 884 1052 quibus
899 973 1088 1035 subuenire
1103 981 1253 1049 tenetur,
1274 987 1424 1050 cumque
1446 971 1599 1032 multum

369 1077 585 1140 desideraret
597 1076 664 1141 huc
676 1077 889 1142 Societatem
900 1078 1088 1157 adducere,
1102 1079 1175 1156 egit
1188 1095 1269 1141 cum
1281 1077 1425 1141 ciuitate
1439 1085 1477 1138 vt
1492 1076 1600 1138 simtu

368 1201 449 1248 cum
467 1203 508 1248 ea
525 1173 730 1248 conueniret
749 1186 785 1248 iu
805 1185 1042 1249 construendo
1062 1186 1225 1264 collegio,
1247 1185 1292 1248 ad
1314 1185 1415 1246 cuius
1436 1191 1599 1246 constru-

368 1293 521 1354 ctionem
546 1291 703 1372 pollicita
728 1301 781 1355 est
797 1293 922 1370 solum,
949 1293 1054 1373 quod,
1081 1305 1121 1355 vt
1144 1295 1253 1370 aiunt,
1276 1291 1345 1354 tria
1364 1291 1475 1354 millia
1501 1291 1598 1352 valet

366 1414 575 1475 aureorum;
602 1399 803 1478 relinquens
824 1399 960 1462 ciuitati
980 1400 1163 1480 negotium
1188 1397 1430 1462 aedificandae
1456 1395 1599 1474 domuS,

368 1504 491 1568 eadem
507 1503 659 1568 Domina
676 1517 843 1569 curatura
858 1516 897 1568 vt
911 1505 1113 1570 sacerdotia
1130 1504 1247 1568 Patris
1262 1504 1409 1568 Antonii
1424 1504 1508 1566 huic
1523 1505 1598 1566 uni·

368 1619 491 1674 rentur
515 1613 681 1690 collegio;
708 1612 944 1692 patefacitque
970 1613 1124 1677 ciuitatis
1146 1610 1383 1692 praelectibus
1405 1610 1596 1688 rationem,

367 1734 473 1797 quam
487 1717 646 1782 Societas
661 1721 696 1782 in
712 1720 872 1799 collegiis
886 1731 1015 1798 seruet,
1033 1719 1127 1798 quod
1142 1720 1211 1782 illis
1225 1719 1290 1782 fuit
1312 1729 1455 1797 gratum
1474 1718 1599 1781 admo·

368 1824 469 1902 dum;
485 1825 534 1888 ita
557 1837 596 1888 vt
618 1826 664 1888 ad
684 1825 883 1889 aedificium
904 1826 1111 1906 erigendum
1131 1826 1201 1890 sint
1224 1825 1371 1907 polliciti
1393 1825 1462 1887 tria
1484 1825 1596 1886 millia

367 1945 570 2005 aureorum;
588 1941 621 1995 et
637 1950 657 1995 a
674 1933 816 1995 domina
829 1933 1037 1996 Marchiona
1052 1933 1184 2013 petiere
1196 1934 1329 2011 literaS,
1346 1930 1474 2012 quibus
1496 1929 1597 1992 Patri

366 2037 522 2100 Antonio
542 2039 759 2118 significaret
776 2041 914 2102 veniret
934 2057 1077 2119 remque
1097 2041 1211 2119 ipsam
1234 2040 1433 2102 inchoaret:
1452 2037 1596 2116 ipsimet

367 2155 550 2224 praeterea
566 2146 612 2207 ad
626 2147 788 2209 eumdem
803 2145 945 2209 Patrem
959 2147 1081 2209 literas
1092 2145 1276 2220 dederunt,
1290 2145 1420 2208 obnixe
1431 2153 1596 2224 petentes

368 2261 405 2312 vt
428 2267 492 2314 sua
516 2251 684 2315 beneficia
708 2253 942 2331 vniuersitati‚
964 2270 1071 2332 quam
1094 2253 1231 2330 erigere
1252 2261 1408 2331 sperant,
1430 2267 1595 2313 accomo-

365 2357 451 2420 dare
466 2360 585 2423 vellet.

306 2437 315 2456 ⁶
427 2463 580 2528 Domina
601 2476 719 2528 autem
739 2465 945 2529 Marchiona
968 2466 1111 2546 scripsit
1130 2465 1175 2528 ad
1196 2464 1337 2528 Patrem
1360 2465 1595 2529 Franciscum

368 2581 407 2634 vt
423 2572 458 2634 in
474 2590 515 2634 ea
535 2589 573 2636 re
595 2573 738 2636 modum
757 2575 1000 2654 rationemque
1022 2584 1210 2637 statueret:
1234 2575 1328 2655 quod
1349 2574 1467 2636 iacere
1487 2572 1596 2636 Pater

366 2695 447 2740 cum
473 2679 700 2758 decreuisset,
728 2679 938 2761 Patremque
963 2681 1221 2744 Prouincialem
1249 2681 1260 2711 '
1286 2681 1522 2744 consuluisset
1550 2680 1594 2742 de

365 2785 445 2854 illis,
463 2787 522 2865 qui
537 2787 760 2850 mitterentur
775 2788 820 2850 ad
835 2789 1074 2868 auspicandas
1088 2789 1269 2866 lectiones
1286 2789 1338 2850 sic
1354 2788 1448 2850 enirn
1463 2787 1594 2850 ciuitas

364 2893 513 2955 simulet
526 2894 666 2958 domina
679 2895 884 2959 Marchiona
897 2894 1190 2974 efflagitauerant,
1201 2895 1421 2973 Marchiona,
1432 2896 1593 2975 inquam,

365 2999 574 3076 promittens
588 3018 626 3064 se
642 3001 807 3065 Patribus
822 3003 1024 3065 necessaria
1036 3003 1394 3080 subministratorem,
1408 3001 1521 3066 donec
1535 3003 1594 3065 be·

363 3103 570 3169 neficiorum
584 3109 774 3187 applicatio
789 3111 936 3172 ueniret.
953 3109 1041 3172 Cum
1056 3127 1142 3172 uero
1162 3107 1198 3172 P.
1222 3109 1436 3172 Franciscus
1459 3109 1494 3171 in
1516 3106 1594 3172 Sal·

365 3213 556 3276 manticam
581 3216 816 3294 peruenisset,
840 3227 876 3278 vt
895 3215 976 3278 inde
998 3217 1066 3278 huc
1085 3228 1184 3280 recta
1204 3216 1506 3297 proficisceretur,
1526 3213 1594 3278 Pa-

364 3321 428 3382 tris
442 3319 603 3399 Magistri
626 3321 761 3384 Natalis
784 3321 981 3385 obedientia
1005 3321 1015 3352 ³
1038 3341 1119 3386 eum
1140 3323 1340 3402 occupauit,
1364 3341 1434 3402 qua
1456 3323 1596 3404 praeci-

362 3425 481 3505 piebat
496 3427 715 3490 Lusitaniam
730 3430 839 3492 adire.

422 3532 522 3596 Tunc
538 3533 575 3596 P.
593 3535 806 3598 Franciscus
822 3537 914 3599 misit
930 3537 1070 3601 Patrem
1086 3539 1292 3614 Antonium,
1314 3535 1457 3600 Patrem
1479 3535 1595 3616 Magi-

362 3648 474 3703 strum
490 3641 718 3704 Benedictum
734 3641 865 3724 ‘atque
880 3643 1042 3706 Fratrem
1058 3644 1278 3708 Bernardum
1300 3641 1323 3719 ⁸,
1345 3643 1546 3707 Montiliam
1567 3643 1592 3718 ὃ,

360 3747 423 3810 vbi
437 3748 578 3810 domina
595 3748 805 3812 Marchiona
821 3751 906 3830 agit.
920 3750 1023 3814 Prius
1035 3763 1154 3814 tamen
1165 3753 1358 3831 scripserat
1370 3752 1416 3814 ad
1427 3750 1465 3814 P.
1480 3751 1508 3814 F
1510 3768 1593 3816 run·

366 3913 576 3924 ...ψ-.-.-

401 4022 409 4055 ¹
439 4023 544 4067 Rectius
553 4025 678 4072 fortassis.
688 4027 732 4068 sed
742 4027 836 4070 saltem
847 4027 1014 4081 frequentius,
1026 4029 1192 4082 appellantur
1203 4029 1386 4073 ecclesiastica
1397 4029 1536 4082 beneficis.

400 4090 413 4123 ¹
439 4094 467 4138 P.
477 4096 620 4140 Antonium
632 4099 724 4151 Araoz,
737 4099 816 4141 totius
828 4099 977 4152 Hispaniae,
988 4100 1047 4142 dum
1058 4101 1089 4143 de
1100 4101 1140 4144 bis
1150 4101 1194 4154 agl
1210 4109 1330 4155 coeptum
1344 4107 1392 4151 est,
1408 4101 1594 4155 Praepositum

362 4164 563 4210 Provincialem.

400 4235 412 4268 ⁸
440 4236 468 4281 P.
477 4238 649 4295 Hieronymus
660 4239 762 4284 Natalis
774 4241 950 4286 commissarii
961 4242 1120 4286 auctoritate
1131 4243 1155 4286 ln
1167 4242 1293 4297 Hisponis
1303 4242 1468 4296 fungebatur.

401 4310 413 4342 ⁴
441 4310 508 4354 Vide
517 4313 631 4355 Pommcr
644 4311 797 4364 chronicon,
807 4321 826 4358 t.
838 4323 874 4366 m,
886 4325 946 4367 pag.
952 4313 1001 4366 31⁶,
1012 4325 1037 4357 n.
1047 4315 1088 4358 70⁶
1097 4320 1123 4357 et
1133 4323 1222 4359 annot.
1234 4316 1252 4366 l,
1261 4323 1288 4359 et
1298 4325 1358 4370 pag.
1367 4317 1415 4366 864,
1426 4328 1453 4360 n.
1462 4315 1511 4360 758.

400 4379 412 4413 ⁸
439 4381 522 4438 Huius
533 4385 612 4427 etism
623 4395 764 4437 cognomen
773 4385 983 4438 praetermittunt
992 4387 1034 4439 qul
1044 4386 1075 4428 tle
1083 4385 1124 4430 lile
1131 4387 1268 4440 scripsere.
1277 4386 1448 4440 Sanrrvarlsz,
1457 4390 1474 4432 l.
1483 4399 1515 4440 c.,
1524 4389 1596 4438 lib.t.

357 4463 417 4508 cap.
429 4455 461 4509 ll,
472 4465 496 4497 n.
506 4456 527 4506 2,
537 4456 583 4498 sit:
592 4465 610 4508 y
623 4466 659 4496 un
669 4455 799 4498 hermano
810 4456 950 4507 coadjutor
958 4457 1079 4500 llamodo
1089 4455 1241 4500 Bernardo.

398 4523 411 4558 ⁶
437 4525 502 4570 Tum
510 4537 542 4568 ex
550 4527 599 4570 hac
607 4527 725 4580 epistola.
736 4536 828 4571 rumex
839 4529 953 4572 Potnner
963 4528 1064 4578 claron„
1073 4539 1091 4572 t.
1102 4529 1380 4582 111,pag.ata·n.7tuet
1390 4542 1453 4585 seq..
1462 4533 1597 4586 corrigen-

355 4595 451 4641 dlsunt
462 4597 625 4642 Saurrvnilez
636 4605 662 4640 et
674 4597 737 4650 Ros,
747 4599 807 4642 dnm
817 4599 845 4643 P.
856 4598 1021 4644 Franclscum
1031 4601 1062 4644 de
1074 4600 1154 4655 Botis
1164 4603 1239 4645 simul
1249 4613 1308 4646 cum
1319 4603 1347 4646 Ρ.
1359 4603 1474 4648 Antonio
1486 4605 1518 4648 de
1530 4604 1595 4651 Cor-

357 4669 426 4712 dobe
436 4668 580 4713 Montlllam
593 4670 744 4723 pervenisse
760 4677 877 4715 nutent.
893 4671 959 4715 Vide
970 4671 1141 4726 saumana,
1157 4683 1200 4727 op.
1208 4674 1262 4726 clt.,
1273 4675 1317 4719 lib.
1327 4685 1346 4728 t,
1356 4685 1376 4718 c
1390 4674 1519 4720 ll.-ltent
1529 4676 1599 4722 cu·

355 4743 402 4782 tas
412 4741 444 4783 de
455 4740 510 4783 San
521 4740 639 4794 Ignacio,
651 4747 668 4785 t.
680 4753 706 4796 v,
717 4743 764 4786 loc.
775 4742 819 4785 cit.
