3578 5534
733 603 796 662 An.
819 603 888 663 1556
1383 601 1421 660 73

248 747 408 818 Veniunt
423 751 528 814 etiam
545 751 591 815 ad
602 753 694 816 hanc
709 752 839 814 almam
850 750 1005 830 domum,
1020 750 1200 830 religionis
1211 749 1422 830 pietatisque

188 857 322 936 gratia,
339 856 558 938 Cardinale5‚
581 859 760 940 Episcopi,
787 856 969 938 Principes
993 868 1028 920 et
1042 857 1213 921 Rectores
1227 873 1346 920 rerum
1360 873 1425 936 pu-

190 963 377 1044 blicarum,
392 966 584 1044 primariae
609 982 748 1047 quoque
773 966 948 1030 foeminae
967 981 1038 1028 non
1058 981 1205 1045 paucae,
1226 974 1260 1026 et
1283 963 1353 1042 alii,
1375 963 1421 1026 ad

186 1088 278 1150 quos
306 1071 543 1136 maximarum
570 1089 689 1136 rerum
717 1090 802 1136 cura
831 1081 983 1153 spectat,
1008 1089 1157 1152 quorum
1180 1070 1421 1134 consessiones

189 1178 327 1257 (paucis
342 1177 533 1242 admodum
558 1179 727 1260 exceptis)
749 1180 896 1244 audiunt
916 1179 1029 1242 nostri
1048 1178 1275 1257 nitunturque
1290 1194 1355 1257 pro
1371 1178 1422 1240 vi·

188 1284 245 1347 rili
259 1301 333 1348 non
347 1286 463 1348 solum
475 1303 762 1366 unumquemque
773 1287 828 1349 sui
844 1285 949 1349 officii
970 1301 1162 1349 memorem
1183 1284 1342 1362 reddere,
1359 1283 1422 1348 sed

186 1393 348 1455 omnium
372 1392 479 1455 etiam
505 1393 641 1456 animos
663 1393 882 1456 inflammare
908 1392 953 1455 ad
977 1392 1173 1474 perfectum
1197 1389 1264 1454 Dei
1287 1392 1420 1453 cultum

187 1497 456 1580 perfectamque
470 1515 590 1563 rerum
605 1500 672 1563 sibi
686 1501 958 1564 commissarum
974 1499 1326 1563 administrationem.
1344 1496 1422 1576 Qua

186 1621 236 1668 ex
248 1623 288 1669 re
304 1615 475 1686 quantum
489 1607 715 1670 emolumenti
727 1607 925 1686 colligatur,
949 1608 1044 1670 solus
1058 1607 1115 1669 ille
1134 1605 1289 1685 perfecte
1308 1604 1422 1680 nouit,

186 1713 250 1792 qui
275 1723 445 1793 operatur
470 1713 588 1776 omnia
612 1714 650 1776 in
675 1713 848 1777 omnibus.
876 1712 951 1776 Nos
972 1721 1091 1776 tamen
1115 1713 1277 1775 videmus
1293 1712 1328 1774 in
1344 1712 1421 1792 ipso

187 1819 427 1883 confessionis
441 1831 525 1883 actu
541 1821 702 1900 ingentes
715 1821 913 1884 animorum
926 1821 1190 1898 commotiones,
1205 1819 1422 1900 lachrymas

189 1927 362 1990 vitiorum
377 1926 642 2006 detestationes,
659 1927 912 2007 promissiones
928 1935 962 1990 et
976 1926 1188 1990 huiusmodi.

250 2033 362 2098 Nobis
377 2051 464 2097 vero
481 2035 642 2114 ingentes
656 2035 792 2114 gratias
809 2044 930 2113 agunt,
949 2050 1096 2097 munera
1109 2032 1259 2096 offerunt
1275 2042 1309 2096 et
1324 2051 1345 2095 a
1361 2049 1422 2095 no·

187 2139 246 2203 bis
257 2148 462 2221 contempta
474 2131 583 2220 aegre
595 2140 746 2203 retinent
757 2141 814 2203 vel
825 2140 1015 2204 liberaliter
1024 2140 1423 2220 pauperibuselargiun·

188 2257 260 2326 tur,
276 2247 345 2309 hoc
356 2247 484 2310 saltem
496 2266 515 2310 a
528 2247 629 2311 nobis
641 2257 856 2328 expetentes,
870 2258 909 2310 vt
921 2247 1048 2327 quibus
1059 2265 1101 2310 ea
1113 2247 1265 2310 debeant
1277 2246 1421 2326 elargiri

183 2335 260 2416 illis
277 2353 483 2416 indicemus,
501 2352 622 2432 Neque
638 2365 778 2417 cessant
794 2355 837 2418 de
849 2355 950 2419 nobis
962 2355 1083 2417 laudes
1096 2355 1266 2434 proferre:
1280 2353 1421 2416 inuade-

187 2468 315 2538 retque
327 2476 580 2540 nonnunquam
593 2460 708 2522 inanis
720 2461 891 2538 gloriolae
902 2463 1001 2525 uirus
1012 2458 1233 2524 mentesDeo
1245 2469 1419 2535 sacratas

187 2565 259 2627 nisi
270 2576 454 2628 auctorem
471 2567 628 2629 omnium
639 2567 814 2629 bonorum
825 2567 890 2631 sibi
902 2567 937 2630 in
949 2577 1141 2648 conspectu
1153 2583 1292 2646 semper
1304 2567 1421 2644 proui-

184 2670 325 2750 derent,
338 2672 540 2753 scirentque
552 2678 637 2736 actu
649 2673 839 2736 charitatis
849 2672 926 2736 Deo
939 2674 1056 2737 omnia
1068 2683 1215 2754 accepta
1228 2672 1372 2750 referre,
1387 2681 1422 2735 et

184 2777 393 2842 humilitate
406 2797 477 2842 non
488 2781 602 2844 solum
614 2780 747 2859 laudes,
761 2781 823 2843 sed
835 2781 941 2844 etiam
953 2798 990 2843 se
1001 2781 1097 2862 ipsos
1110 2779 1302 2861 despicere.
1318 2778 1420 2858 Quod

185 2887 220 2950 si
231 2887 417 2966 contingat
431 2887 510 2949 illos
521 2889 648 2950 iterum
657 2887 726 2950 huc
739 2887 879 2965 reuerti,
894 2904 1030 2950 summa
1043 2886 1224 2966 diligentia
1237 2886 1420 2966 proprium

185 2993 393 3074 quaeritant
412 2992 680 3071 confessarium,
704 3003 738 3056 et
761 3003 928 3074 acceptae
942 2995 1082 3074 gratiae
1097 2994 1296 3056 certissima
1316 3011 1420 3073 argu-

185 3108 309 3164 menta
326 3100 607 3179 praeseferunt,
625 3100 673 3163 illi
689 3101 908 3180 praesertim,
922 3101 1013 3181 quia
1029 3100 1160 3166 nostris
1174 3101 1262 3163 bene
1274 3100 1418 3165 uiuendi

184 3206 334 3270 modum
348 3206 458 3269 verbo
478 3208 536 3268 vel
556 3207 689 3286 scripto
715 3207 877 3287 accipere
896 3208 1094 3285 voluerunt;
1118 3208 1217 3270 cuius
1232 3207 1284 3270 rei
1302 3208 1420 3288 gratia

183 3314 305 3377 solent
329 3312 500 3392 nonnulli,
517 3313 624 3376 etiam
645 3330 690 3375 ex
705 3312 950 3376 remotissimis
968 3313 1090 3377 Italiae
1109 3313 1278 3395 partibus
1293 3314 1338 3377 ad
1353 3331 1419 3377 nos

182 3415 324 3483 venire.
398 3447 400 3450 ·

247 3525 414 3606 Denique
429 3526 460 3588 si
475 3526 555 3607 quis
569 3528 628 3589 vel
649 3526 888 3589 conscientiae
910 3526 1084 3606 scrupulis
1106 3527 1259 3606 angitur,
1283 3529 1340 3589 vel
1362 3525 1419 3589 de-

184 3631 377 3696 solationis
391 3632 547 3711 pondere
571 3633 755 3713 premitur,
773 3641 962 3712 postquam
977 3631 1021 3694 ad
1043 3641 1184 3696 nostros
1206 3633 1415 3712 confugerit,

182 3755 276 3802 mox
300 3737 307 3768 ¹
331 3738 474 3801 domum
488 3739 698 3818 tranquillus
722 3747 756 3800 et
775 3738 948 3817 spirituali
968 3739 1209 3802 consolatione
1223 3739 1347 3819 plenus
1361 3756 1413 3801 re-

183 3846 350 3909 uertitur.
372 3843 445 3908 Nec
465 3845 606 3908 obstant
620 3845 784 3923 ingentes
799 3862 945 3909 casuum
960 3845 971 3878 ¹
991 3845 1212 3909 difficultates
1230 3846 1416 3925 quominus

181 3952 281 4033 Jesu
301 3949 462 4014 Christi³
476 3953 608 4015 alumni
623 3960 766 4030 gratum
780 3951 858 4016 Deo
874 3960 908 4015 et
929 3953 1101 4033 proximis
1116 3953 1304 4016 exhibeant
1319 3954 1419 4017 obse·

182 4059 322 4140 quium:
348 4059 443 4140 quod
464 4059 539 4122 sine
554 4059 659 4122 dubio
680 4057 692 4088 ⁴
715 4059 994 4138 gloriosissimae
1008 4057 1169 4140 Virginis
1187 4060 1329 4124 Mariae
1348 4078 1419 4123 me·

181 4165 277 4236 ritis,
305 4183 377 4228 non
402 4165 531 4241 studio,
557 4183 630 4228 uon
656 4165 823 4229 continuo
854 4165 1117 4230 confessionum
1146 4168 1336 4247 exercitio,
1366 4177 1420 4231 est

180 4269 472 4336 adscribendum.

245 4375 329 4441 Alia
344 4380 520 4458 permulta
534 4379 627 4442 bona
642 4397 752 4461 opera
773 4397 836 4460 per
855 4390 1060 4445 nostrornm
1082 4379 1316 4444 ministerium
1337 4391 1419 4445 sunt

228 4617 237 4650 ⁸
267 4619 571 4670 Deoadiuuantmox.
585 4622 725 4669 Patareus.

229 4691 242 4722 ¹
270 4694 451 4738 conscientiae
461 4695 559 4739 addidit
572 4695 708 4740 Polancus.

224 4760 240 4795 ¹
266 4761 451 4810 Beatissimae
460 4764 560 4810 Matris
569 4765 631 4810 Dei.
644 4765 681 4810 In.

225 4833 243 4868 ⁴
268 4835 390 4880 eiusdem
401 4837 500 4882 addidit
512 4837 647 4884 Polancns.
