<?xml version="1.0" encoding="UTF-8"?>
<!DOCTYPE html PUBLIC "-//W3C//DTD XHTML 1.0 Transitional//EN"
    "http://www.w3.org/TR/xhtml1/DTD/xhtml1-transitional.dtd">
<html xmlns="http://www.w3.org/1999/xhtml" xml:lang="en" lang="en">
 <head>
  <title>
</title>
<meta http-equiv="Content-Type" content="text/html;charset=utf-8" />
  <meta name='ocr-system' content='tesseract 3.04.00' />
  <meta name='ocr-capabilities' content='ocr_page ocr_carea ocr_par ocr_line ocrx_word'/>
</head>
<body>
  <div class='ocr_page' id='page_1' title='image "./litteraequadrim00jesugoog/litteraequadrim00jesugoog_0417.png"; bbox 0 0 3382 5528; ppageno 0'>
   <div class='ocr_carea' id='block_1_1' title="bbox 630 499 1297 562">
    <p class='ocr_par' dir='ltr' id='par_1_1' title="bbox 630 499 1297 562">
     <span class='ocr_line' id='line_1_1' title="bbox 630 499 1297 562; baseline -0.006 0"><span class='ocrx_word' id='word_1_1' title='bbox 630 503 693 562; x_wconf 80' lang='lat' dir='ltr'>Aa.</span> <span class='ocrx_word' id='word_1_2' title='bbox 715 501 784 562; x_wconf 74' lang='lat'>1556</span> <span class='ocrx_word' id='word_1_3' title='bbox 1247 499 1297 558; x_wconf 86' lang='lat' dir='ltr'>lll</span> 
     </span>
    </p>
   </div>
   <div class='ocr_carea' id='block_1_2' title="bbox 76 643 1303 2226">
    <p class='ocr_par' dir='ltr' id='par_1_2' title="bbox 76 643 1302 1476">
     <span class='ocr_line' id='line_1_2' title="bbox 76 643 1298 728; baseline 0.003 -22"><span class='ocrx_word' id='word_1_4' title='bbox 76 644 207 708; x_wconf 75' lang='lat' dir='ltr'>clausis</span> <span class='ocrx_word' id='word_1_5' title='bbox 212 645 360 725; x_wconf 69' lang='lat' dir='ltr'>januas,</span> <span class='ocrx_word' id='word_1_6' title='bbox 376 664 432 710; x_wconf 86' lang='lat' dir='ltr'>ma</span> <span class='ocrx_word' id='word_1_7' title='bbox 449 648 484 713; x_wconf 90' lang='lat' dir='ltr'>di</span> <span class='ocrx_word' id='word_1_8' title='bbox 497 647 599 712; x_wconf 87' lang='lat' dir='ltr'>suora</span> <span class='ocrx_word' id='word_1_9' title='bbox 614 666 697 726; x_wconf 87' lang='lat' dir='ltr'>non,</span> <span class='ocrx_word' id='word_1_10' title='bbox 715 648 872 728; x_wconf 82' lang='lat' dir='ltr'>nesterat</span> <span class='ocrx_word' id='word_1_11' title='bbox 887 646 1068 712; x_wconf 86' lang='lat' dir='ltr'>tumultus</span> <span class='ocrx_word' id='word_1_12' title='bbox 1081 647 1121 708; x_wconf 82' lang='lat' dir='ltr'>r&#39;n</span> <span class='ocrx_word' id='word_1_13' title='bbox 1127 643 1263 726; x_wconf 84' lang='lat' dir='ltr'>populo</span> <span class='ocrx_word' id='word_1_14' title='bbox 1278 643 1298 710; x_wconf 84' lang='lat'>¹.</span> 
     </span>
     <span class='ocr_line' id='line_1_3' title="bbox 78 751 1302 835; baseline 0 -19"><span class='ocrx_word' id='word_1_15' title='bbox 78 751 172 816; x_wconf 83' lang='lat' dir='ltr'>Gran</span> <span class='ocrx_word' id='word_1_16' title='bbox 186 769 272 816; x_wconf 90' lang='lat' dir='ltr'>cosa</span> <span class='ocrx_word' id='word_1_17' title='bbox 286 759 306 818; x_wconf 74' lang='lat' dir='ltr'>e</span> <span class='ocrx_word' id='word_1_18' title='bbox 320 771 421 817; x_wconf 91' lang='lat' dir='ltr'>come</span> <span class='ocrx_word' id='word_1_19' title='bbox 437 756 461 818; x_wconf 92' lang='lat' dir='ltr'>il</span> <span class='ocrx_word' id='word_1_20' title='bbox 475 755 638 820; x_wconf 88' lang='lat' dir='ltr'>demonio</span> <span class='ocrx_word' id='word_1_21' title='bbox 652 757 685 818; x_wconf 91' lang='lat' dir='ltr'>le</span> <span class='ocrx_word' id='word_1_22' title='bbox 696 756 789 820; x_wconf 89' lang='lat' dir='ltr'>tiene</span> <span class='ocrx_word' id='word_1_23' title='bbox 802 757 838 819; x_wconf 94' lang='lat' dir='ltr'>in</span> <span class='ocrx_word' id='word_1_24' title='bbox 849 766 974 835; x_wconf 89' lang='lat' dir='ltr'>questo</span> <span class='ocrx_word' id='word_1_25' title='bbox 986 754 1122 833; x_wconf 85' lang='lat' dir='ltr'>grande</span> <span class='ocrx_word' id='word_1_26' title='bbox 1134 769 1254 816; x_wconf 88' lang='lat' dir='ltr'>errore</span> <span class='ocrx_word' id='word_1_27' title='bbox 1267 762 1302 816; x_wconf 90' lang='lat' dir='ltr'>et</span> 
     </span>
     <span class='ocr_line' id='line_1_4' title="bbox 83 859 1300 942; baseline 0.002 -21"><span class='ocrx_word' id='word_1_28' title='bbox 83 869 173 922; x_wconf 79' lang='lat' dir='ltr'>tanto</span> <span class='ocrx_word' id='word_1_29' title='bbox 188 877 323 924; x_wconf 89' lang='lat' dir='ltr'>crasso.</span> <span class='ocrx_word' id='word_1_30' title='bbox 347 861 384 924; x_wconf 89' lang='lat' dir='ltr'>ll.</span> <span class='ocrx_word' id='word_1_31' title='bbox 406 860 473 925; x_wconf 56' lang='lat'>81⁸</span> <span class='ocrx_word' id='word_1_32' title='bbox 489 861 587 927; x_wconf 89' lang='lat' dir='ltr'>lddio</span> <span class='ocrx_word' id='word_1_33' title='bbox 602 863 626 926; x_wconf 92' lang='lat' dir='ltr'>li</span> <span class='ocrx_word' id='word_1_34' title='bbox 642 864 761 942; x_wconf 84' lang='lat' dir='ltr'>uoglia</span> <span class='ocrx_word' id='word_1_35' title='bbox 782 861 853 926; x_wconf 87' lang='lat' dir='ltr'>dar</span> <span class='ocrx_word' id='word_1_36' title='bbox 869 863 986 926; x_wconf 81' lang='lat' dir='ltr'>sanita</span> <span class='ocrx_word' id='word_1_37' title='bbox 1004 859 1040 924; x_wconf 89' lang='lat' dir='ltr'>di</span> <span class='ocrx_word' id='word_1_38' title='bbox 1055 870 1170 925; x_wconf 88' lang='lat' dir='ltr'>mente</span> <span class='ocrx_word' id='word_1_39' title='bbox 1190 873 1225 924; x_wconf 89' lang='lat' dir='ltr'>et</span> <span class='ocrx_word' id='word_1_40' title='bbox 1249 878 1300 923; x_wconf 88' lang='lat' dir='ltr'>re·</span> 
     </span>
     <span class='ocr_line' id='line_1_5' title="bbox 82 967 1299 1053; baseline 0 -25"><span class='ocrx_word' id='word_1_41' title='bbox 82 967 200 1030; x_wconf 87' lang='lat' dir='ltr'>durlla</span> <span class='ocrx_word' id='word_1_42' title='bbox 222 967 243 1030; x_wconf 88' lang='lat' dir='ltr'>l&#39;</span> <span class='ocrx_word' id='word_1_43' title='bbox 258 967 450 1032; x_wconf 87' lang='lat' dir='ltr'>obedienza</span> <span class='ocrx_word' id='word_1_44' title='bbox 471 969 527 1034; x_wconf 89' lang='lat' dir='ltr'>del</span> <span class='ocrx_word' id='word_1_45' title='bbox 546 980 688 1050; x_wconf 83' lang='lat' dir='ltr'>pastore</span> <span class='ocrx_word' id='word_1_46' title='bbox 704 987 780 1044; x_wconf 89' lang='lat' dir='ltr'>suo,</span> <span class='ocrx_word' id='word_1_47' title='bbox 801 970 881 1053; x_wconf 90' lang='lat' dir='ltr'>Jhu.</span> <span class='ocrx_word' id='word_1_48' title='bbox 902 969 977 1047; x_wconf 86' lang='lat' dir='ltr'><strong>X.⁰,</strong></span> <span class='ocrx_word' id='word_1_49' title='bbox 999 979 1034 1032; x_wconf 91' lang='lat' dir='ltr'>et</span> <span class='ocrx_word' id='word_1_50' title='bbox 1054 985 1119 1032; x_wconf 92' lang='lat' dir='ltr'>suo</span> <span class='ocrx_word' id='word_1_51' title='bbox 1140 967 1299 1044; x_wconf 88' lang='lat' dir='ltr'>Vicario,</span> 
     </span>
     <span class='ocr_line' id='line_1_6' title="bbox 79 1074 1299 1156; baseline 0.001 -22"><span class='ocrx_word' id='word_1_52' title='bbox 79 1074 138 1136; x_wconf 88' lang='lat' dir='ltr'>che</span> <span class='ocrx_word' id='word_1_53' title='bbox 152 1079 171 1136; x_wconf 77' lang='lat' dir='ltr'>e</span> <span class='ocrx_word' id='word_1_54' title='bbox 187 1075 288 1156; x_wconf 85' lang='lat' dir='ltr'>quasi</span> <span class='ocrx_word' id='word_1_55' title='bbox 300 1075 518 1156; x_wconf 88' lang='lat' dir='ltr'>impossibile</span> <span class='ocrx_word' id='word_1_56' title='bbox 532 1085 566 1140; x_wconf 90' lang='lat' dir='ltr'>et</span> <span class='ocrx_word' id='word_1_57' title='bbox 581 1076 779 1156; x_wconf 86' lang='lat' dir='ltr'>desperata,</span> <span class='ocrx_word' id='word_1_58' title='bbox 796 1078 825 1140; x_wconf 93' lang='lat' dir='ltr'>si</span> <span class='ocrx_word' id='word_1_59' title='bbox 841 1076 1087 1140; x_wconf 88' lang='lat' dir='ltr'>consideramo</span> <span class='ocrx_word' id='word_1_60' title='bbox 1103 1077 1137 1138; x_wconf 90' lang='lat' dir='ltr'>la</span> <span class='ocrx_word' id='word_1_61' title='bbox 1152 1074 1299 1154; x_wconf 88' lang='lat' dir='ltr'>disposi-</span> 
     </span>
     <span class='ocr_line' id='line_1_7' title="bbox 81 1180 1300 1275; baseline 0.001 -34"><span class='ocrx_word' id='word_1_62' title='bbox 81 1180 167 1244; x_wconf 82' lang='lat' dir='ltr'>tione</span> <span class='ocrx_word' id='word_1_63' title='bbox 192 1182 287 1260; x_wconf 89' lang='lat' dir='ltr'>loro,</span> <span class='ocrx_word' id='word_1_64' title='bbox 314 1192 349 1245; x_wconf 90' lang='lat' dir='ltr'>et</span> <span class='ocrx_word' id='word_1_65' title='bbox 373 1181 590 1275; x_wconf 80' lang='lat' dir='ltr'>giudicando</span> <span class='ocrx_word' id='word_1_66' title='bbox 614 1185 809 1246; x_wconf 81' lang='lat' dir='ltr'>secundum</span> <span class='ocrx_word' id='word_1_67' title='bbox 834 1183 1030 1246; x_wconf 80' lang='lat' dir='ltr'>hominem:</span> <span class='ocrx_word' id='word_1_68' title='bbox 1058 1181 1156 1262; x_wconf 76' lang='lat' dir='ltr'>apua</span> <span class='ocrx_word' id='word_1_69' title='bbox 1184 1181 1300 1244; x_wconf 84' lang='lat' dir='ltr'>Deum</span> 
     </span>
     <span class='ocr_line' id='line_1_8' title="bbox 76 1287 1300 1370; baseline 0.002 -23"><span class='ocrx_word' id='word_1_70' title='bbox 76 1293 192 1350; x_wconf 71' lang='lat' dir='ltr'>lanian</span> <span class='ocrx_word' id='word_1_71' title='bbox 205 1305 371 1370; x_wconf 73' lang='lat' dir='ltr'>speramo</span> <span class='ocrx_word' id='word_1_72' title='bbox 382 1296 579 1369; x_wconf 79' lang='lat' dir='ltr'>praeterat</span> <span class='ocrx_word' id='word_1_73' title='bbox 594 1307 812 1354; x_wconf 82' lang='lat' dir='ltr'>communem</span> <span class='ocrx_word' id='word_1_74' title='bbox 831 1298 942 1370; x_wconf 84' lang='lat' dir='ltr'>spem,</span> <span class='ocrx_word' id='word_1_75' title='bbox 964 1306 1047 1352; x_wconf 87' lang='lat' dir='ltr'>nam</span> <span class='ocrx_word' id='word_1_76' title='bbox 1068 1287 1158 1350; x_wconf 75' lang='lat' dir='ltr'>nzlzil</span> <span class='ocrx_word' id='word_1_77' title='bbox 1171 1288 1300 1367; x_wconf 81' lang='lat' dir='ltr'>impos-</span> 
     </span>
     <span class='ocr_line' id='line_1_9' title="bbox 78 1393 456 1476; baseline 0.003 -22"><span class='ocrx_word' id='word_1_78' title='bbox 78 1393 173 1458; x_wconf 70' lang='lat' dir='ltr'>sihile</span> <span class='ocrx_word' id='word_1_79' title='bbox 187 1395 288 1476; x_wconf 82' lang='lat' dir='ltr'>apud</span> <span class='ocrx_word' id='word_1_80' title='bbox 301 1397 418 1460; x_wconf 81' lang='lat' dir='ltr'>Deum</span> <span class='ocrx_word' id='word_1_81' title='bbox 435 1397 456 1455; x_wconf 83' lang='lat'>¹.</span> 
     </span>
    </p>

    <p class='ocr_par' dir='ltr' id='par_1_3' title="bbox 77 1500 1303 2226">
     <span class='ocr_line' id='line_1_10' title="bbox 134 1500 1301 1584; baseline -0.002 -19"><span class='ocrx_word' id='word_1_82' title='bbox 134 1500 231 1566; x_wconf 88' lang='lat' dir='ltr'>Gran</span> <span class='ocrx_word' id='word_1_83' title='bbox 245 1504 493 1584; x_wconf 84' lang='lat' dir='ltr'>compassione</span> <span class='ocrx_word' id='word_1_84' title='bbox 508 1505 541 1567; x_wconf 89' lang='lat' dir='ltr'>ci</span> <span class='ocrx_word' id='word_1_85' title='bbox 556 1521 660 1568; x_wconf 84' lang='lat' dir='ltr'>moue</span> <span class='ocrx_word' id='word_1_86' title='bbox 676 1513 709 1567; x_wconf 91' lang='lat' dir='ltr'>et</span> <span class='ocrx_word' id='word_1_87' title='bbox 725 1515 828 1568; x_wconf 89' lang='lat' dir='ltr'>tocca</span> <span class='ocrx_word' id='word_1_88' title='bbox 845 1504 868 1568; x_wconf 91' lang='lat' dir='ltr'>il</span> <span class='ocrx_word' id='word_1_89' title='bbox 879 1521 986 1567; x_wconf 88' lang='lat' dir='ltr'>cuore</span> <span class='ocrx_word' id='word_1_90' title='bbox 998 1503 1139 1584; x_wconf 89' lang='lat' dir='ltr'>quando</span> <span class='ocrx_word' id='word_1_91' title='bbox 1151 1503 1301 1566; x_wconf 86' lang='lat' dir='ltr'>vedemo</span> 
     </span>
     <span class='ocr_line' id='line_1_11' title="bbox 79 1609 1303 1689; baseline 0.002 -21"><span class='ocrx_word' id='word_1_92' title='bbox 79 1617 171 1670; x_wconf 84' lang='lat' dir='ltr'>tanta</span> <span class='ocrx_word' id='word_1_93' title='bbox 185 1609 276 1673; x_wconf 91' lang='lat' dir='ltr'>bella</span> <span class='ocrx_word' id='word_1_94' title='bbox 291 1611 464 1689; x_wconf 81' lang='lat' dir='ltr'>ginuentu</span> <span class='ocrx_word' id='word_1_95' title='bbox 480 1620 535 1676; x_wconf 88' lang='lat' dir='ltr'>tra</span> <span class='ocrx_word' id='word_1_96' title='bbox 555 1613 587 1674; x_wconf 89' lang='lat' dir='ltr'>le</span> <span class='ocrx_word' id='word_1_97' title='bbox 607 1612 704 1674; x_wconf 87' lang='lat' dir='ltr'>mani</span> <span class='ocrx_word' id='word_1_98' title='bbox 723 1610 779 1674; x_wconf 89' lang='lat' dir='ltr'>del</span> <span class='ocrx_word' id='word_1_99' title='bbox 799 1610 962 1674; x_wconf 86' lang='lat' dir='ltr'>demonio</span> <span class='ocrx_word' id='word_1_100' title='bbox 982 1620 1018 1674; x_wconf 92' lang='lat' dir='ltr'>et</span> <span class='ocrx_word' id='word_1_101' title='bbox 1037 1610 1126 1674; x_wconf 88' lang='lat' dir='ltr'>tanti</span> <span class='ocrx_word' id='word_1_102' title='bbox 1144 1609 1303 1672; x_wconf 88' lang='lat' dir='ltr'>huomini</span> 
     </span>
     <span class='ocr_line' id='line_1_12' title="bbox 77 1714 1301 1797; baseline 0.003 -23"><span class='ocrx_word' id='word_1_103' title='bbox 77 1714 185 1779; x_wconf 76' lang='lat' dir='ltr'>ander</span> <span class='ocrx_word' id='word_1_104' title='bbox 200 1718 235 1779; x_wconf 90' lang='lat' dir='ltr'>al</span> <span class='ocrx_word' id='word_1_105' title='bbox 247 1716 386 1781; x_wconf 80' lang='lat' dir='ltr'>inferno</span> <span class='ocrx_word' id='word_1_106' title='bbox 401 1719 570 1781; x_wconf 85' lang='lat' dir='ltr'><strong><em>ducentes</em></strong></span> <span class='ocrx_word' id='word_1_107' title='bbox 584 1717 623 1781; x_wconf 82' lang='lat' dir='ltr'>in</span> <span class='ocrx_word' id='word_1_108' title='bbox 637 1717 738 1782; x_wconf 86' lang='lat' dir='ltr'>honis</span> <span class='ocrx_word' id='word_1_109' title='bbox 752 1717 829 1781; x_wconf 81' lang='lat' dir='ltr'>dies</span> <span class='ocrx_word' id='word_1_110' title='bbox 843 1734 931 1782; x_wconf 85' lang='lat' dir='ltr'>suos</span> <span class='ocrx_word' id='word_1_111' title='bbox 945 1715 967 1779; x_wconf 83' lang='lat'>⁸.</span> <span class='ocrx_word' id='word_1_112' title='bbox 990 1717 1106 1797; x_wconf 83' lang='lat' dir='ltr'>Prego</span> <span class='ocrx_word' id='word_1_113' title='bbox 1127 1716 1172 1779; x_wconf 90' lang='lat' dir='ltr'>V.</span> <span class='ocrx_word' id='word_1_114' title='bbox 1195 1715 1237 1780; x_wconf 90' lang='lat' dir='ltr'>R.</span> <span class='ocrx_word' id='word_1_115' title='bbox 1262 1714 1301 1779; x_wconf 91' lang='lat' dir='ltr'>P.</span> 
     </span>
     <span class='ocr_line' id='line_1_13' title="bbox 78 1822 1301 1906; baseline 0.004 -25"><span class='ocrx_word' id='word_1_116' title='bbox 78 1837 145 1884; x_wconf 91' lang='lat' dir='ltr'>non</span> <span class='ocrx_word' id='word_1_117' title='bbox 168 1822 201 1886; x_wconf 89' lang='lat' dir='ltr'>ci</span> <span class='ocrx_word' id='word_1_118' title='bbox 224 1823 322 1904; x_wconf 83' lang='lat' dir='ltr'>volgi</span> <span class='ocrx_word' id='word_1_119' title='bbox 347 1826 538 1890; x_wconf 83' lang='lat' dir='ltr'>smecticar</span> <span class='ocrx_word' id='word_1_120' title='bbox 558 1843 580 1888; x_wconf 87' lang='lat' dir='ltr'>a</span> <span class='ocrx_word' id='word_1_121' title='bbox 600 1825 851 1905; x_wconf 86' lang='lat' dir='ltr'>specialmente</span> <span class='ocrx_word' id='word_1_122' title='bbox 870 1824 924 1888; x_wconf 89' lang='lat' dir='ltr'>lar</span> <span class='ocrx_word' id='word_1_123' title='bbox 945 1840 1076 1904; x_wconf 84' lang='lat' dir='ltr'>pregar</span> <span class='ocrx_word' id='word_1_124' title='bbox 1096 1842 1158 1905; x_wconf 90' lang='lat' dir='ltr'>per</span> <span class='ocrx_word' id='word_1_125' title='bbox 1177 1833 1301 1906; x_wconf 81' lang='lat' dir='ltr'>questa</span> 
     </span>
     <span class='ocr_line' id='line_1_14' title="bbox 78 1931 1300 2011; baseline 0.002 -21"><span class='ocrx_word' id='word_1_126' title='bbox 78 1943 205 2005; x_wconf 82' lang='lat' dir='ltr'>ponera</span> <span class='ocrx_word' id='word_1_127' title='bbox 220 1939 325 2009; x_wconf 84' lang='lat' dir='ltr'>gente</span> <span class='ocrx_word' id='word_1_128' title='bbox 340 1941 440 1995; x_wconf 86' lang='lat' dir='ltr'>tanto</span> <span class='ocrx_word' id='word_1_129' title='bbox 456 1931 645 2006; x_wconf 86' lang='lat' dir='ltr'>obstinata,</span> <span class='ocrx_word' id='word_1_130' title='bbox 663 1931 728 1995; x_wconf 89' lang='lat' dir='ltr'>che</span> <span class='ocrx_word' id='word_1_131' title='bbox 744 1932 870 1995; x_wconf 87' lang='lat' dir='ltr'>dicono</span> <span class='ocrx_word' id='word_1_132' title='bbox 881 1932 942 2011; x_wconf 81' lang='lat' dir='ltr'>piu</span> <span class='ocrx_word' id='word_1_133' title='bbox 954 1940 1072 2010; x_wconf 87' lang='lat' dir='ltr'>presto</span> <span class='ocrx_word' id='word_1_134' title='bbox 1085 1932 1118 1995; x_wconf 90' lang='lat' dir='ltr'>ci</span> <span class='ocrx_word' id='word_1_135' title='bbox 1131 1931 1300 2010; x_wconf 81' lang='lat' dir='ltr'>vogliono</span> 
     </span>
     <span class='ocr_line' id='line_1_15' title="bbox 79 2035 1302 2118; baseline 0.006 -23"><span class='ocrx_word' id='word_1_136' title='bbox 79 2035 208 2100; x_wconf 83' lang='lat' dir='ltr'>lassare</span> <span class='ocrx_word' id='word_1_137' title='bbox 222 2036 376 2116; x_wconf 89' lang='lat' dir='ltr'>bruziar,</span> <span class='ocrx_word' id='word_1_138' title='bbox 391 2055 493 2102; x_wconf 88' lang='lat' dir='ltr'>come</span> <span class='ocrx_word' id='word_1_139' title='bbox 508 2038 596 2118; x_wconf 90' lang='lat' dir='ltr'>Hus,</span> <span class='ocrx_word' id='word_1_140' title='bbox 614 2039 680 2102; x_wconf 93' lang='lat' dir='ltr'>che</span> <span class='ocrx_word' id='word_1_141' title='bbox 700 2038 736 2101; x_wconf 92' lang='lat' dir='ltr'>di</span> <span class='ocrx_word' id='word_1_142' title='bbox 757 2055 904 2103; x_wconf 82' lang='lat' dir='ltr'>mancat</span> <span class='ocrx_word' id='word_1_143' title='bbox 924 2039 982 2102; x_wconf 87' lang='lat' dir='ltr'>dal</span> <span class='ocrx_word' id='word_1_144' title='bbox 1002 2041 1023 2102; x_wconf 83' lang='lat' dir='ltr'>l’</span> <span class='ocrx_word' id='word_1_145' title='bbox 1047 2038 1223 2118; x_wconf 87' lang='lat' dir='ltr'>essempio</span> <span class='ocrx_word' id='word_1_146' title='bbox 1245 2039 1302 2102; x_wconf 91' lang='lat' dir='ltr'>del</span> 
     </span>
     <span class='ocr_line' id='line_1_16' title="bbox 80 2139 1301 2226; baseline 0.005 -24"><span class='ocrx_word' id='word_1_147' title='bbox 80 2139 170 2206; x_wconf 90' lang='lat' dir='ltr'>detto</span> <span class='ocrx_word' id='word_1_148' title='bbox 184 2142 262 2208; x_wconf 88' lang='lat' dir='ltr'>Hus</span> <span class='ocrx_word' id='word_1_149' title='bbox 275 2153 310 2208; x_wconf 88' lang='lat' dir='ltr'>et</span> <span class='ocrx_word' id='word_1_150' title='bbox 324 2161 389 2208; x_wconf 88' lang='lat' dir='ltr'>sua</span> <span class='ocrx_word' id='word_1_151' title='bbox 404 2155 507 2208; x_wconf 85' lang='lat' dir='ltr'>setta.</span> <span class='ocrx_word' id='word_1_152' title='bbox 524 2145 568 2210; x_wconf 88' lang='lat' dir='ltr'>Et</span> <span class='ocrx_word' id='word_1_153' title='bbox 588 2145 621 2209; x_wconf 93' lang='lat' dir='ltr'>ci</span> <span class='ocrx_word' id='word_1_154' title='bbox 640 2146 758 2210; x_wconf 91' lang='lat' dir='ltr'>hanno</span> <span class='ocrx_word' id='word_1_155' title='bbox 781 2146 840 2209; x_wconf 91' lang='lat' dir='ltr'>noi</span> <span class='ocrx_word' id='word_1_156' title='bbox 859 2155 957 2209; x_wconf 91' lang='lat' dir='ltr'>tanto</span> <span class='ocrx_word' id='word_1_157' title='bbox 977 2146 1143 2226; x_wconf 86' lang='lat' dir='ltr'>suspetti,</span> <span class='ocrx_word' id='word_1_158' title='bbox 1166 2143 1232 2209; x_wconf 91' lang='lat' dir='ltr'>che</span> <span class='ocrx_word' id='word_1_159' title='bbox 1253 2145 1301 2208; x_wconf 90' lang='lat' dir='ltr'>di·</span> 
     </span>
    </p>
   </div>
   <div class='ocr_carea' id='block_1_3' title="bbox 75 2250 1394 2338">
    <p class='ocr_par' dir='ltr' id='par_1_4' title="bbox 75 2250 1394 2338">
     <span class='ocr_line' id='line_1_17' title="bbox 75 2250 1394 2338; baseline 0.005 -29"><span class='ocrx_word' id='word_1_160' title='bbox 75 2264 162 2311; x_wconf 90' lang='lat' dir='ltr'>cono</span> <span class='ocrx_word' id='word_1_161' title='bbox 176 2250 242 2312; x_wconf 89' lang='lat' dir='ltr'>che</span> <span class='ocrx_word' id='word_1_162' title='bbox 261 2251 374 2315; x_wconf 87' lang='lat' dir='ltr'>siamo</span> <span class='ocrx_word' id='word_1_163' title='bbox 397 2253 555 2316; x_wconf 91' lang='lat' dir='ltr'>mandati</span> <span class='ocrx_word' id='word_1_164' title='bbox 575 2269 646 2333; x_wconf 89' lang='lat' dir='ltr'>qua</span> <span class='ocrx_word' id='word_1_165' title='bbox 666 2270 728 2336; x_wconf 83' lang='lat' dir='ltr'>per</span> <span class='ocrx_word' id='word_1_166' title='bbox 748 2253 964 2332; x_wconf 77' lang='lat' dir='ltr'>lngagnarli,</span> <span class='ocrx_word' id='word_1_167' title='bbox 986 2262 1020 2316; x_wconf 89' lang='lat' dir='ltr'>et</span> <span class='ocrx_word' id='word_1_168' title='bbox 1042 2257 1127 2333; x_wconf 84' lang='lat' dir='ltr'>perh</span> <span class='ocrx_word' id='word_1_169' title='bbox 1150 2271 1222 2315; x_wconf 91' lang='lat' dir='ltr'>non</span> <span class='ocrx_word' id='word_1_170' title='bbox 1241 2270 1301 2315; x_wconf 94' lang='lat' dir='ltr'>uo·</span> <span class='ocrx_word' id='word_1_171' title='bbox 1385 2313 1394 2338; x_wconf 29' lang='grc' dir='ltr'><strong>χ</strong></span> 
     </span>
    </p>
   </div>
   <div class='ocr_carea' id='block_1_4' title="bbox 4 2355 1304 4470">
    <p class='ocr_par' dir='ltr' id='par_1_5' title="bbox 75 2355 958 2439">
     <span class='ocr_line' id='line_1_18' title="bbox 75 2355 958 2439; baseline 0.007 -21"><span class='ocrx_word' id='word_1_172' title='bbox 75 2355 192 2432; x_wconf 79' lang='lat' dir='ltr'>glinno</span> <span class='ocrx_word' id='word_1_173' title='bbox 207 2357 358 2421; x_wconf 80' lang='lat' dir='ltr'>mandat</span> <span class='ocrx_word' id='word_1_174' title='bbox 372 2360 450 2423; x_wconf 89' lang='lat' dir='ltr'>suoi</span> <span class='ocrx_word' id='word_1_175' title='bbox 464 2357 587 2439; x_wconf 82' lang='lat' dir='ltr'>figlioli</span> <span class='ocrx_word' id='word_1_176' title='bbox 601 2377 622 2422; x_wconf 90' lang='lat' dir='ltr'>a</span> <span class='ocrx_word' id='word_1_177' title='bbox 638 2361 672 2422; x_wconf 90' lang='lat' dir='ltr'>la</span> <span class='ocrx_word' id='word_1_178' title='bbox 687 2369 810 2424; x_wconf 87' lang='lat' dir='ltr'>nostra</span> <span class='ocrx_word' id='word_1_179' title='bbox 825 2360 958 2424; x_wconf 88' lang='lat' dir='ltr'>schola.</span> 
     </span>
    </p>

    <p class='ocr_par' dir='ltr' id='par_1_6' title="bbox 4 2461 1304 4470">
     <span class='ocr_line' id='line_1_19' title="bbox 130 2461 1300 2546; baseline 0.003 -22"><span class='ocrx_word' id='word_1_180' title='bbox 130 2461 211 2526; x_wconf 93' lang='lat' dir='ltr'>Vno</span> <span class='ocrx_word' id='word_1_181' title='bbox 226 2463 262 2528; x_wconf 90' lang='lat' dir='ltr'>dl</span> <span class='ocrx_word' id='word_1_182' title='bbox 276 2465 323 2528; x_wconf 89' lang='lat' dir='ltr'>mi</span> <span class='ocrx_word' id='word_1_183' title='bbox 339 2465 486 2544; x_wconf 88' lang='lat' dir='ltr'>parlaua</span> <span class='ocrx_word' id='word_1_184' title='bbox 505 2467 655 2546; x_wconf 83' lang='lat' dir='ltr'><strong>qualche</strong></span> <span class='ocrx_word' id='word_1_185' title='bbox 676 2466 825 2544; x_wconf 88' lang='lat' dir='ltr'>hussita,</span> <span class='ocrx_word' id='word_1_186' title='bbox 847 2468 976 2530; x_wconf 89' lang='lat' dir='ltr'>huomo</span> <span class='ocrx_word' id='word_1_187' title='bbox 996 2465 1032 2529; x_wconf 90' lang='lat' dir='ltr'>di</span> <span class='ocrx_word' id='word_1_188' title='bbox 1054 2482 1145 2545; x_wconf 85' lang='lat' dir='ltr'>gran</span> <span class='ocrx_word' id='word_1_189' title='bbox 1169 2467 1300 2546; x_wconf 89' lang='lat' dir='ltr'>riputa-</span> 
     </span>
     <span class='ocr_line' id='line_1_20' title="bbox 77 2569 1303 2653; baseline 0.006 -24"><span class='ocrx_word' id='word_1_190' title='bbox 77 2569 177 2649; x_wconf 85' lang='lat' dir='ltr'>tione‚</span> <span class='ocrx_word' id='word_1_191' title='bbox 193 2580 228 2634; x_wconf 90' lang='lat' dir='ltr'>et</span> <span class='ocrx_word' id='word_1_192' title='bbox 242 2570 340 2652; x_wconf 90' lang='lat' dir='ltr'>dipoi</span> <span class='ocrx_word' id='word_1_193' title='bbox 354 2574 513 2637; x_wconf 85' lang='lat' dir='ltr'>anchora</span> <span class='ocrx_word' id='word_1_194' title='bbox 528 2573 635 2636; x_wconf 89' lang='lat' dir='ltr'>molte</span> <span class='ocrx_word' id='word_1_195' title='bbox 650 2574 747 2636; x_wconf 89' lang='lat' dir='ltr'>volte</span> <span class='ocrx_word' id='word_1_196' title='bbox 761 2578 781 2636; x_wconf 82' lang='lat' dir='ltr'>e</span> <span class='ocrx_word' id='word_1_197' title='bbox 797 2582 938 2636; x_wconf 90' lang='lat' dir='ltr'>tornato</span> <span class='ocrx_word' id='word_1_198' title='bbox 959 2592 979 2636; x_wconf 87' lang='lat' dir='ltr'>a</span> <span class='ocrx_word' id='word_1_199' title='bbox 994 2573 1065 2651; x_wconf 88' lang='lat' dir='ltr'>noi,</span> <span class='ocrx_word' id='word_1_200' title='bbox 1088 2571 1111 2637; x_wconf 90' lang='lat' dir='ltr'>il</span> <span class='ocrx_word' id='word_1_201' title='bbox 1131 2574 1233 2653; x_wconf 88' lang='lat' dir='ltr'>quale</span> <span class='ocrx_word' id='word_1_202' title='bbox 1255 2573 1303 2636; x_wconf 90' lang='lat' dir='ltr'>mi</span> 
     </span>
     <span class='ocr_line' id='line_1_21' title="bbox 75 2675 1302 2760; baseline 0.004 -23"><span class='ocrx_word' id='word_1_203' title='bbox 75 2675 166 2740; x_wconf 88' lang='lat' dir='ltr'>dissi:</span> <span class='ocrx_word' id='word_1_204' title='bbox 193 2675 247 2742; x_wconf 84' lang='lat' dir='ltr'>“Si</span> <span class='ocrx_word' id='word_1_205' title='bbox 267 2679 327 2742; x_wconf 83' lang='lat' dir='ltr'>voi</span> <span class='ocrx_word' id='word_1_206' title='bbox 348 2680 464 2742; x_wconf 84' lang='lat' dir='ltr'>volete</span> <span class='ocrx_word' id='word_1_207' title='bbox 484 2689 579 2744; x_wconf 89' lang='lat' dir='ltr'>stare</span> <span class='ocrx_word' id='word_1_208' title='bbox 600 2680 635 2742; x_wconf 91' lang='lat' dir='ltr'>in</span> <span class='ocrx_word' id='word_1_209' title='bbox 656 2677 792 2759; x_wconf 84' lang='lat' dir='ltr'>Praga,</span> <span class='ocrx_word' id='word_1_210' title='bbox 814 2681 962 2760; x_wconf 79' lang='lat' dir='ltr'>bisogna</span> <span class='ocrx_word' id='word_1_211' title='bbox 982 2680 1047 2743; x_wconf 88' lang='lat' dir='ltr'>che</span> <span class='ocrx_word' id='word_1_212' title='bbox 1069 2695 1140 2743; x_wconf 89' lang='lat' dir='ltr'>non</span> <span class='ocrx_word' id='word_1_213' title='bbox 1160 2689 1302 2743; x_wconf 85' lang='lat' dir='ltr'>toccate</span> 
     </span>
     <span class='ocr_line' id='line_1_22' title="bbox 74 2784 1300 2867; baseline 0.003 -23"><span class='ocrx_word' id='word_1_214' title='bbox 74 2793 193 2862; x_wconf 81' lang='lat' dir='ltr'>contra</span> <span class='ocrx_word' id='word_1_215' title='bbox 208 2795 331 2848; x_wconf 89' lang='lat' dir='ltr'>nostra</span> <span class='ocrx_word' id='word_1_216' title='bbox 345 2784 434 2862; x_wconf 79' lang='lat' dir='ltr'>fede,</span> <span class='ocrx_word' id='word_1_217' title='bbox 450 2786 582 2866; x_wconf 89' lang='lat' dir='ltr'>perche</span> <span class='ocrx_word' id='word_1_218' title='bbox 597 2787 807 2850; x_wconf 85' lang='lat' dir='ltr'>altramente</span> <span class='ocrx_word' id='word_1_219' title='bbox 823 2804 895 2852; x_wconf 91' lang='lat' dir='ltr'>non</span> <span class='ocrx_word' id='word_1_220' title='bbox 910 2796 1046 2867; x_wconf 90' lang='lat' dir='ltr'>potrete</span> <span class='ocrx_word' id='word_1_221' title='bbox 1062 2788 1194 2850; x_wconf 87' lang='lat' dir='ltr'>hauere</span> <span class='ocrx_word' id='word_1_222' title='bbox 1209 2802 1300 2866; x_wconf 88' lang='lat' dir='ltr'>pace</span> 
     </span>
     <span class='ocr_line' id='line_1_23' title="bbox 77 2889 1303 2972; baseline 0.002 -20"><span class='ocrx_word' id='word_1_223' title='bbox 77 2889 232 2970; x_wconf 79' lang='lat' dir='ltr'>franci„</span> <span class='ocrx_word' id='word_1_224' title='bbox 248 2893 293 2957; x_wconf 89' lang='lat' dir='ltr'>Et</span> <span class='ocrx_word' id='word_1_225' title='bbox 308 2893 333 2958; x_wconf 95' lang='lat' dir='ltr'>il</span> <span class='ocrx_word' id='word_1_226' title='bbox 348 2892 539 2958; x_wconf 88' lang='lat' dir='ltr'>medesimo</span> <span class='ocrx_word' id='word_1_227' title='bbox 553 2892 681 2972; x_wconf 88' lang='lat' dir='ltr'>pocchi</span> <span class='ocrx_word' id='word_1_228' title='bbox 695 2891 731 2956; x_wconf 90' lang='lat' dir='ltr'>di</span> <span class='ocrx_word' id='word_1_229' title='bbox 750 2910 862 2958; x_wconf 90' lang='lat' dir='ltr'>sonno</span> <span class='ocrx_word' id='word_1_230' title='bbox 882 2894 928 2956; x_wconf 88' lang='lat' dir='ltr'>ha</span> <span class='ocrx_word' id='word_1_231' title='bbox 952 2895 1119 2958; x_wconf 85' lang='lat' dir='ltr'>mandato</span> <span class='ocrx_word' id='word_1_232' title='bbox 1135 2910 1206 2957; x_wconf 90' lang='lat' dir='ltr'>vno</span> <span class='ocrx_word' id='word_1_233' title='bbox 1225 2893 1303 2972; x_wconf 83' lang='lat' dir='ltr'>gio·</span> 
     </span>
     <span class='ocr_line' id='line_1_24' title="bbox 77 2999 1302 3096; baseline 0.004 -37"><span class='ocrx_word' id='word_1_234' title='bbox 77 3014 164 3062; x_wconf 89' lang='lat' dir='ltr'>uane</span> <span class='ocrx_word' id='word_1_235' title='bbox 178 3017 241 3063; x_wconf 92' lang='lat' dir='ltr'>suo</span> <span class='ocrx_word' id='word_1_236' title='bbox 256 2999 372 3078; x_wconf 87' lang='lat' dir='ltr'>aliine,</span> <span class='ocrx_word' id='word_1_237' title='bbox 387 3000 526 3063; x_wconf 81' lang='lat' dir='ltr'>fratello</span> <span class='ocrx_word' id='word_1_238' title='bbox 541 2999 634 3063; x_wconf 89' lang='lat' dir='ltr'>della</span> <span class='ocrx_word' id='word_1_239' title='bbox 649 3017 738 3064; x_wconf 88' lang='lat' dir='ltr'>suoa</span> <span class='ocrx_word' id='word_1_240' title='bbox 753 3001 894 3096; x_wconf 77' lang='lat' dir='ltr'>moglie,</span> <span class='ocrx_word' id='word_1_241' title='bbox 911 3019 932 3064; x_wconf 92' lang='lat' dir='ltr'>a</span> <span class='ocrx_word' id='word_1_242' title='bbox 947 3002 982 3064; x_wconf 88' lang='lat' dir='ltr'>la</span> <span class='ocrx_word' id='word_1_243' title='bbox 1002 3002 1124 3066; x_wconf 88' lang='lat' dir='ltr'>schola</span> <span class='ocrx_word' id='word_1_244' title='bbox 1144 3018 1302 3065; x_wconf 87' lang='lat' dir='ltr'>raccom·</span> 
     </span>
     <span class='ocr_line' id='line_1_25' title="bbox 77 3105 1303 3189; baseline 0.003 -22"><span class='ocrx_word' id='word_1_245' title='bbox 77 3105 307 3171; x_wconf 87' lang='lat' dir='ltr'>mandandolo</span> <span class='ocrx_word' id='word_1_246' title='bbox 323 3125 345 3170; x_wconf 90' lang='lat' dir='ltr'>a</span> <span class='ocrx_word' id='word_1_247' title='bbox 367 3123 423 3170; x_wconf 87' lang='lat' dir='ltr'>me</span> <span class='ocrx_word' id='word_1_248' title='bbox 441 3109 562 3170; x_wconf 91' lang='lat' dir='ltr'>molto:</span> <span class='ocrx_word' id='word_1_249' title='bbox 585 3108 608 3170; x_wconf 92' lang='lat' dir='ltr'>il</span> <span class='ocrx_word' id='word_1_250' title='bbox 630 3110 734 3189; x_wconf 91' lang='lat' dir='ltr'>quale</span> <span class='ocrx_word' id='word_1_251' title='bbox 754 3107 964 3170; x_wconf 86' lang='lat' dir='ltr'>medessimo</span> <span class='ocrx_word' id='word_1_252' title='bbox 982 3106 1028 3171; x_wconf 85' lang='lat' dir='ltr'>m&#39;</span> <span class='ocrx_word' id='word_1_253' title='bbox 1048 3127 1069 3170; x_wconf 88' lang='lat' dir='ltr'>a</span> <span class='ocrx_word' id='word_1_254' title='bbox 1091 3125 1209 3174; x_wconf 91' lang='lat' dir='ltr'>mosso</span> <span class='ocrx_word' id='word_1_255' title='bbox 1230 3127 1303 3171; x_wconf 87' lang='lat' dir='ltr'>vna</span> 
     </span>
     <span class='ocr_line' id='line_1_26' title="bbox 74 3214 1302 3294; baseline 0.003 -20"><span class='ocrx_word' id='word_1_256' title='bbox 74 3214 263 3292; x_wconf 86' lang='lat' dir='ltr'>questione,</span> <span class='ocrx_word' id='word_1_257' title='bbox 281 3215 316 3278; x_wconf 90' lang='lat' dir='ltr'>la</span> <span class='ocrx_word' id='word_1_258' title='bbox 330 3215 434 3294; x_wconf 89' lang='lat' dir='ltr'>quale</span> <span class='ocrx_word' id='word_1_259' title='bbox 449 3216 615 3294; x_wconf 88' lang='lat' dir='ltr'>resoluta,</span> <span class='ocrx_word' id='word_1_260' title='bbox 633 3216 678 3278; x_wconf 90' lang='lat' dir='ltr'>m&#39;</span> <span class='ocrx_word' id='word_1_261' title='bbox 700 3232 721 3276; x_wconf 88' lang='lat' dir='ltr'>a</span> <span class='ocrx_word' id='word_1_262' title='bbox 737 3223 884 3294; x_wconf 82' lang='lat' dir='ltr'>pregato</span> <span class='ocrx_word' id='word_1_263' title='bbox 900 3215 966 3277; x_wconf 90' lang='lat' dir='ltr'>che</span> <span class='ocrx_word' id='word_1_264' title='bbox 981 3215 1014 3278; x_wconf 90' lang='lat' dir='ltr'>io</span> <span class='ocrx_word' id='word_1_265' title='bbox 1030 3215 1129 3294; x_wconf 82' lang='lat' dir='ltr'>vogll</span> <span class='ocrx_word' id='word_1_266' title='bbox 1144 3216 1302 3278; x_wconf 86' lang='lat' dir='ltr'>scriuere</span> 
     </span>
     <span class='ocr_line' id='line_1_27' title="bbox 72 3318 1304 3402; baseline 0.003 -22"><span class='ocrx_word' id='word_1_267' title='bbox 72 3335 94 3380; x_wconf 86' lang='lat' dir='ltr'>a</span> <span class='ocrx_word' id='word_1_268' title='bbox 109 3318 216 3384; x_wconf 85' lang='lat' dir='ltr'>Roma</span> <span class='ocrx_word' id='word_1_269' title='bbox 230 3338 294 3401; x_wconf 88' lang='lat' dir='ltr'>per</span> <span class='ocrx_word' id='word_1_270' title='bbox 315 3321 427 3385; x_wconf 83' lang='lat' dir='ltr'>hauet</span> <span class='ocrx_word' id='word_1_271' title='bbox 445 3321 611 3401; x_wconf 86' lang='lat' dir='ltr'>dispensa</span> <span class='ocrx_word' id='word_1_272' title='bbox 634 3321 692 3385; x_wconf 87' lang='lat' dir='ltr'>dal</span> <span class='ocrx_word' id='word_1_273' title='bbox 714 3320 811 3402; x_wconf 88' lang='lat' dir='ltr'>Papa</span> <span class='ocrx_word' id='word_1_274' title='bbox 833 3321 978 3400; x_wconf 84' lang='lat' dir='ltr'>(benche</span> <span class='ocrx_word' id='word_1_275' title='bbox 999 3322 1051 3385; x_wconf 86' lang='lat' dir='ltr'>sia</span> <span class='ocrx_word' id='word_1_276' title='bbox 1071 3322 1219 3398; x_wconf 83' lang='lat' dir='ltr'>hussita)</span> <span class='ocrx_word' id='word_1_277' title='bbox 1239 3338 1304 3401; x_wconf 83' lang='lat' dir='ltr'>per</span> 
     </span>
     <span class='ocr_line' id='line_1_28' title="bbox 75 3428 1303 3509; baseline 0.004 -21"><span class='ocrx_word' id='word_1_278' title='bbox 75 3437 170 3503; x_wconf 84' lang='lat' dir='ltr'>poter</span> <span class='ocrx_word' id='word_1_279' title='bbox 188 3428 300 3492; x_wconf 87' lang='lat' dir='ltr'>hauer</span> <span class='ocrx_word' id='word_1_280' title='bbox 320 3445 384 3508; x_wconf 91' lang='lat' dir='ltr'>per</span> <span class='ocrx_word' id='word_1_281' title='bbox 403 3429 535 3507; x_wconf 85' lang='lat' dir='ltr'>moglie</span> <span class='ocrx_word' id='word_1_282' title='bbox 553 3431 586 3492; x_wconf 88' lang='lat' dir='ltr'>la</span> <span class='ocrx_word' id='word_1_283' title='bbox 607 3431 735 3493; x_wconf 83' lang='lat' dir='ltr'>sorella</span> <span class='ocrx_word' id='word_1_284' title='bbox 755 3429 798 3492; x_wconf 91' lang='lat' dir='ltr'>de</span> <span class='ocrx_word' id='word_1_285' title='bbox 817 3445 882 3492; x_wconf 90' lang='lat' dir='ltr'>sua</span> <span class='ocrx_word' id='word_1_286' title='bbox 904 3430 1033 3509; x_wconf 85' lang='lat' dir='ltr'>moglie</span> <span class='ocrx_word' id='word_1_287' title='bbox 1053 3428 1236 3507; x_wconf 84' lang='lat' dir='ltr'>defuncta,</span> <span class='ocrx_word' id='word_1_288' title='bbox 1257 3447 1303 3493; x_wconf 89' lang='lat' dir='ltr'>ne</span> 
     </span>
     <span class='ocr_line' id='line_1_29' title="bbox 75 3534 1303 3617; baseline 0.006 -26"><span class='ocrx_word' id='word_1_289' title='bbox 75 3534 175 3597; x_wconf 89' lang='lat' dir='ltr'>vuole</span> <span class='ocrx_word' id='word_1_290' title='bbox 188 3535 278 3599; x_wconf 86' lang='lat' dir='ltr'>altra</span> <span class='ocrx_word' id='word_1_291' title='bbox 293 3534 399 3598; x_wconf 92' lang='lat' dir='ltr'>sinon</span> <span class='ocrx_word' id='word_1_292' title='bbox 413 3535 471 3614; x_wconf 86' lang='lat' dir='ltr'>lei,</span> <span class='ocrx_word' id='word_1_293' title='bbox 486 3535 523 3599; x_wconf 92' lang='lat' dir='ltr'>ni</span> <span class='ocrx_word' id='word_1_294' title='bbox 541 3553 668 3600; x_wconf 90' lang='lat' dir='ltr'>manco</span> <span class='ocrx_word' id='word_1_295' title='bbox 682 3537 717 3600; x_wconf 94' lang='lat' dir='ltr'>lo</span> <span class='ocrx_word' id='word_1_296' title='bbox 732 3537 812 3600; x_wconf 90' lang='lat' dir='ltr'>vole</span> <span class='ocrx_word' id='word_1_297' title='bbox 826 3551 933 3599; x_wconf 86' lang='lat' dir='ltr'>senza</span> <span class='ocrx_word' id='word_1_298' title='bbox 949 3536 1115 3617; x_wconf 89' lang='lat' dir='ltr'>dispensa</span> <span class='ocrx_word' id='word_1_299' title='bbox 1136 3536 1192 3599; x_wconf 89' lang='lat' dir='ltr'>del</span> <span class='ocrx_word' id='word_1_300' title='bbox 1216 3535 1303 3600; x_wconf 86' lang='lat' dir='ltr'>Pon-</span> 
     </span>
     <span class='ocr_line' id='line_1_30' title="bbox 76 3637 1304 3725; baseline 0.008 -27"><span class='ocrx_word' id='word_1_301' title='bbox 76 3637 174 3718; x_wconf 88' lang='lat' dir='ltr'>tifice,</span> <span class='ocrx_word' id='word_1_302' title='bbox 189 3641 341 3704; x_wconf 86' lang='lat' dir='ltr'>essendo</span> <span class='ocrx_word' id='word_1_303' title='bbox 356 3640 423 3704; x_wconf 88' lang='lat' dir='ltr'>che</span> <span class='ocrx_word' id='word_1_304' title='bbox 443 3642 477 3703; x_wconf 92' lang='lat' dir='ltr'>io</span> <span class='ocrx_word' id='word_1_305' title='bbox 500 3642 523 3704; x_wconf 93' lang='lat' dir='ltr'>li</span> <span class='ocrx_word' id='word_1_306' title='bbox 544 3641 671 3705; x_wconf 87' lang='lat' dir='ltr'>habbia</span> <span class='ocrx_word' id='word_1_307' title='bbox 693 3641 849 3704; x_wconf 87' lang='lat' dir='ltr'>resoluto</span> <span class='ocrx_word' id='word_1_308' title='bbox 871 3641 936 3705; x_wconf 91' lang='lat' dir='ltr'>che</span> <span class='ocrx_word' id='word_1_309' title='bbox 959 3660 1029 3705; x_wconf 90' lang='lat' dir='ltr'>non</span> <span class='ocrx_word' id='word_1_310' title='bbox 1048 3659 1128 3722; x_wconf 83' lang='lat' dir='ltr'>poo;</span> <span class='ocrx_word' id='word_1_311' title='bbox 1151 3661 1218 3723; x_wconf 89' lang='lat' dir='ltr'>pur</span> <span class='ocrx_word' id='word_1_312' title='bbox 1240 3661 1304 3725; x_wconf 89' lang='lat' dir='ltr'>per</span> 
     </span>
     <span class='ocr_line' id='line_1_31' title="bbox 72 3748 1302 3829; baseline 0.008 -25"><span class='ocrx_word' id='word_1_313' title='bbox 72 3748 290 3811; x_wconf 84' lang='lat' dir='ltr'>contentarlo</span> <span class='ocrx_word' id='word_1_314' title='bbox 311 3755 346 3810; x_wconf 89' lang='lat' dir='ltr'>et</span> <span class='ocrx_word' id='word_1_315' title='bbox 366 3765 438 3810; x_wconf 92' lang='lat' dir='ltr'>non</span> <span class='ocrx_word' id='word_1_316' title='bbox 459 3748 516 3811; x_wconf 90' lang='lat' dir='ltr'>del</span> <span class='ocrx_word' id='word_1_317' title='bbox 535 3756 625 3811; x_wconf 90' lang='lat' dir='ltr'>tutto</span> <span class='ocrx_word' id='word_1_318' title='bbox 647 3764 820 3829; x_wconf 89' lang='lat' dir='ltr'>rompere,</span> <span class='ocrx_word' id='word_1_319' title='bbox 842 3749 1003 3812; x_wconf 79' lang='lat' dir='ltr'>vadendo</span> <span class='ocrx_word' id='word_1_320' title='bbox 1023 3750 1088 3813; x_wconf 91' lang='lat' dir='ltr'>che</span> <span class='ocrx_word' id='word_1_321' title='bbox 1108 3767 1169 3813; x_wconf 88' lang='lat' dir='ltr'>era</span> <span class='ocrx_word' id='word_1_322' title='bbox 1192 3752 1302 3814; x_wconf 88' lang='lat' dir='ltr'>molto</span> 
     </span>
     <span class='ocr_line' id='line_1_32' title="bbox 74 3855 1303 3936; baseline 0.009 -25"><span class='ocrx_word' id='word_1_323' title='bbox 74 3859 223 3918; x_wconf 82' lang='lat' dir='ltr'>attacato</span> <span class='ocrx_word' id='word_1_324' title='bbox 238 3873 260 3918; x_wconf 88' lang='lat' dir='ltr'>a</span> <span class='ocrx_word' id='word_1_325' title='bbox 275 3856 393 3936; x_wconf 91' lang='lat' dir='ltr'>quello</span> <span class='ocrx_word' id='word_1_326' title='bbox 407 3872 471 3918; x_wconf 90' lang='lat' dir='ltr'>suo</span> <span class='ocrx_word' id='word_1_327' title='bbox 485 3871 612 3934; x_wconf 87' lang='lat' dir='ltr'>parere</span> <span class='ocrx_word' id='word_1_328' title='bbox 626 3864 661 3918; x_wconf 88' lang='lat' dir='ltr'>et</span> <span class='ocrx_word' id='word_1_329' title='bbox 676 3855 862 3935; x_wconf 83' lang='lat' dir='ltr'>desiderio,</span> <span class='ocrx_word' id='word_1_330' title='bbox 880 3857 950 3920; x_wconf 90' lang='lat' dir='ltr'>imo</span> <span class='ocrx_word' id='word_1_331' title='bbox 965 3857 1031 3920; x_wconf 91' lang='lat' dir='ltr'>che</span> <span class='ocrx_word' id='word_1_332' title='bbox 1046 3874 1180 3922; x_wconf 88' lang='lat' dir='ltr'>ancora</span> <span class='ocrx_word' id='word_1_333' title='bbox 1203 3859 1303 3922; x_wconf 90' lang='lat' dir='ltr'>molti</span> 
     </span>
     <span class='ocr_line' id='line_1_33' title="bbox 74 3956 1300 4041; baseline 0.007 -22"><span class='ocrx_word' id='word_1_334' title='bbox 74 3956 215 4025; x_wconf 86' lang='lat' dir='ltr'>heretici</span> <span class='ocrx_word' id='word_1_335' title='bbox 228 3961 437 4041; x_wconf 87' lang='lat' dir='ltr'>piccardite,</span> <span class='ocrx_word' id='word_1_336' title='bbox 454 3960 600 4040; x_wconf 90' lang='lat' dir='ltr'>hussite,</span> <span class='ocrx_word' id='word_1_337' title='bbox 617 3971 651 4024; x_wconf 90' lang='lat' dir='ltr'>et</span> <span class='ocrx_word' id='word_1_338' title='bbox 666 3962 747 4024; x_wconf 91' lang='lat' dir='ltr'>altri</span> <span class='ocrx_word' id='word_1_339' title='bbox 761 3962 949 4041; x_wconf 84' lang='lat' dir='ltr'>lutherani,</span> <span class='ocrx_word' id='word_1_340' title='bbox 963 3972 997 4028; x_wconf 87' lang='lat' dir='ltr'>et</span> <span class='ocrx_word' id='word_1_341' title='bbox 1010 3965 1090 4027; x_wconf 91' lang='lat' dir='ltr'>altri</span> <span class='ocrx_word' id='word_1_342' title='bbox 1102 3981 1209 4028; x_wconf 88' lang='lat' dir='ltr'>senza</span> <span class='ocrx_word' id='word_1_343' title='bbox 1220 3965 1300 4028; x_wconf 83' lang='lat' dir='ltr'>fede</span> 
     </span>
     <span class='ocr_line' id='line_1_34' title="bbox 4 4063 1303 4148; baseline 0.005 -20"><span class='ocrx_word' id='word_1_344' title='bbox 4 4063 5 4084; x_wconf 66' lang='lat'>¹</span> <span class='ocrx_word' id='word_1_345' title='bbox 72 4065 214 4132; x_wconf 85' lang='lat' dir='ltr'>nissuna</span> <span class='ocrx_word' id='word_1_346' title='bbox 235 4069 260 4131; x_wconf 92' lang='lat' dir='ltr'>li</span> <span class='ocrx_word' id='word_1_347' title='bbox 281 4069 525 4132; x_wconf 87' lang='lat' dir='ltr'>consiliauano</span> <span class='ocrx_word' id='word_1_348' title='bbox 546 4068 612 4131; x_wconf 90' lang='lat' dir='ltr'>che</span> <span class='ocrx_word' id='word_1_349' title='bbox 634 4068 682 4131; x_wconf 90' lang='lat' dir='ltr'>lui</span> <span class='ocrx_word' id='word_1_350' title='bbox 702 4078 848 4148; x_wconf 86' lang='lat' dir='ltr'>poteua,</span> <span class='ocrx_word' id='word_1_351' title='bbox 871 4079 905 4132; x_wconf 88' lang='lat' dir='ltr'>et</span> <span class='ocrx_word' id='word_1_352' title='bbox 927 4070 992 4134; x_wconf 88' lang='lat' dir='ltr'>che</span> <span class='ocrx_word' id='word_1_353' title='bbox 1017 4072 1040 4132; x_wconf 90' lang='lat' dir='ltr'>il</span> <span class='ocrx_word' id='word_1_354' title='bbox 1063 4088 1237 4134; x_wconf 89' lang='lat' dir='ltr'>consenso</span> <span class='ocrx_word' id='word_1_355' title='bbox 1259 4072 1303 4135; x_wconf 85' lang='lat' dir='ltr'>de</span> 
     </span>
     <span class='ocr_line' id='line_1_35' title="bbox 74 4171 1302 4254; baseline 0.01 -24"><span class='ocrx_word' id='word_1_356' title='bbox 74 4171 93 4230; x_wconf 84' lang='lat' dir='ltr'>l&#39;</span> <span class='ocrx_word' id='word_1_357' title='bbox 106 4189 175 4236; x_wconf 90' lang='lat' dir='ltr'>uno</span> <span class='ocrx_word' id='word_1_358' title='bbox 193 4183 227 4238; x_wconf 90' lang='lat' dir='ltr'>et</span> <span class='ocrx_word' id='word_1_359' title='bbox 241 4175 286 4238; x_wconf 89' lang='lat' dir='ltr'>de</span> <span class='ocrx_word' id='word_1_360' title='bbox 305 4176 328 4238; x_wconf 84' lang='lat' dir='ltr'>l’</span> <span class='ocrx_word' id='word_1_361' title='bbox 345 4176 436 4240; x_wconf 87' lang='lat' dir='ltr'>altro</span> <span class='ocrx_word' id='word_1_362' title='bbox 451 4175 613 4254; x_wconf 87' lang='lat' dir='ltr'>bastaua,</span> <span class='ocrx_word' id='word_1_363' title='bbox 631 4174 790 4239; x_wconf 90' lang='lat' dir='ltr'>dicendo:</span> <span class='ocrx_word' id='word_1_364' title='bbox 812 4176 890 4239; x_wconf 85' lang='lat' dir='ltr'>“voi</span> <span class='ocrx_word' id='word_1_365' title='bbox 905 4187 978 4240; x_wconf 90' lang='lat' dir='ltr'>sete</span> <span class='ocrx_word' id='word_1_366' title='bbox 993 4177 1029 4240; x_wconf 90' lang='lat' dir='ltr'>di</span> <span class='ocrx_word' id='word_1_367' title='bbox 1044 4175 1123 4254; x_wconf 80' lang='lat' dir='ltr'>Dio,</span> <span class='ocrx_word' id='word_1_368' title='bbox 1140 4195 1211 4241; x_wconf 91' lang='lat' dir='ltr'>non</span> <span class='ocrx_word' id='word_1_369' title='bbox 1227 4189 1302 4242; x_wconf 86' lang='lat' dir='ltr'>sete</span> 
     </span>
     <span class='ocr_line' id='line_1_36' title="bbox 73 4280 1303 4362; baseline 0.009 -24"><span class='ocrx_word' id='word_1_370' title='bbox 73 4280 227 4346; x_wconf 89' lang='lat' dir='ltr'>subiecto</span> <span class='ocrx_word' id='word_1_371' title='bbox 241 4283 279 4346; x_wconf 91' lang='lat' dir='ltr'>in</span> <span class='ocrx_word' id='word_1_372' title='bbox 292 4291 418 4362; x_wconf 91' lang='lat' dir='ltr'>questo</span> <span class='ocrx_word' id='word_1_373' title='bbox 433 4299 519 4346; x_wconf 88' lang='lat' dir='ltr'>caso</span> <span class='ocrx_word' id='word_1_374' title='bbox 535 4301 556 4345; x_wconf 87' lang='lat' dir='ltr'>a</span> <span class='ocrx_word' id='word_1_375' title='bbox 571 4281 717 4346; x_wconf 89' lang='lat' dir='ltr'>nissuno</span> <span class='ocrx_word' id='word_1_376' title='bbox 732 4283 835 4346; x_wconf 89' lang='lat' dir='ltr'>sinon</span> <span class='ocrx_word' id='word_1_377' title='bbox 850 4301 871 4345; x_wconf 87' lang='lat' dir='ltr'>a</span> <span class='ocrx_word' id='word_1_378' title='bbox 887 4281 967 4360; x_wconf 87' lang='lat' dir='ltr'>Dio,</span> <span class='ocrx_word' id='word_1_379' title='bbox 992 4294 1025 4347; x_wconf 88' lang='lat' dir='ltr'>et</span> <span class='ocrx_word' id='word_1_380' title='bbox 1046 4283 1115 4347; x_wconf 84' lang='lat' dir='ltr'>Dio</span> <span class='ocrx_word' id='word_1_381' title='bbox 1138 4285 1174 4347; x_wconf 91' lang='lat' dir='ltr'>vi</span> <span class='ocrx_word' id='word_1_382' title='bbox 1194 4295 1303 4349; x_wconf 90' lang='lat' dir='ltr'>mette</span> 
     </span>
     <span class='ocr_line' id='line_1_37' title="bbox 73 4387 1304 4470; baseline 0.007 -24"><span class='ocrx_word' id='word_1_383' title='bbox 73 4389 125 4448; x_wconf 87' lang='lat' dir='ltr'>nel</span> <span class='ocrx_word' id='word_1_384' title='bbox 141 4405 247 4454; x_wconf 90' lang='lat' dir='ltr'>cuore</span> <span class='ocrx_word' id='word_1_385' title='bbox 261 4398 388 4470; x_wconf 87' lang='lat' dir='ltr'>questa</span> <span class='ocrx_word' id='word_1_386' title='bbox 404 4387 595 4468; x_wconf 84' lang='lat' dir='ltr'>affettione,</span> <span class='ocrx_word' id='word_1_387' title='bbox 612 4400 647 4453; x_wconf 89' lang='lat' dir='ltr'>et</span> <span class='ocrx_word' id='word_1_388' title='bbox 662 4389 808 4452; x_wconf 81' lang='lat' dir='ltr'>nissuno</span> <span class='ocrx_word' id='word_1_389' title='bbox 827 4392 931 4467; x_wconf 88' lang='lat' dir='ltr'>altro,</span> <span class='ocrx_word' id='word_1_390' title='bbox 954 4400 987 4452; x_wconf 90' lang='lat' dir='ltr'>et</span> <span class='ocrx_word' id='word_1_391' title='bbox 1010 4394 1107 4453; x_wconf 89' lang='lat' dir='ltr'>cousi</span> <span class='ocrx_word' id='word_1_392' title='bbox 1128 4401 1247 4469; x_wconf 88' lang='lat' dir='ltr'>potete</span> <span class='ocrx_word' id='word_1_393' title='bbox 1268 4401 1304 4454; x_wconf 81' lang='lat' dir='ltr'>et</span> 
     </span>
    </p>
   </div>
   <div class='ocr_carea' id='block_1_5' title="bbox 111 4594 588 4794">
    <p class='ocr_par' dir='ltr' id='par_1_7' title="bbox 111 4594 588 4794">
     <span class='ocr_line' id='line_1_38' title="bbox 111 4594 359 4650; baseline 0 -10"><span class='ocrx_word' id='word_1_394' title='bbox 111 4594 120 4626; x_wconf 86' lang='lat'>¹</span> <span class='ocrx_word' id='word_1_395' title='bbox 150 4594 359 4650; x_wconf 62' lang='lat' dir='ltr'>haitanana</span> 
     </span>
     <span class='ocr_line' id='line_1_39' title="bbox 115 4664 588 4724; baseline -0.006 -11"><span class='ocrx_word' id='word_1_396' title='bbox 115 4664 128 4696; x_wconf 80' lang='lat'><strong>¹</strong></span> <span class='ocrx_word' id='word_1_397' title='bbox 152 4665 231 4714; x_wconf 65' lang='lat' dir='ltr'>Nure.</span> <span class='ocrx_word' id='word_1_398' title='bbox 242 4681 267 4724; x_wconf 83' lang='lat' dir='ltr'>x,</span> <span class='ocrx_word' id='word_1_399' title='bbox 278 4667 313 4722; x_wconf 57' lang='grc' dir='ltr'><em>η</em></span> <span class='ocrx_word' id='word_1_400' title='bbox 323 4667 387 4713; x_wconf 82' lang='lat' dir='ltr'>Luc.</span> <span class='ocrx_word' id='word_1_401' title='bbox 398 4679 415 4724; x_wconf 84' lang='lat' dir='ltr'>r,</span> <span class='ocrx_word' id='word_1_402' title='bbox 425 4669 543 4721; x_wconf 69' lang='lat' dir='ltr'>³731vrrr,</span> <span class='ocrx_word' id='word_1_403' title='bbox 553 4667 588 4711; x_wconf 82' lang='lat'>27.</span> 
     </span>
     <span class='ocr_line' id='line_1_40' title="bbox 112 4739 314 4794; baseline -0.01 -10"><span class='ocrx_word' id='word_1_404' title='bbox 112 4739 124 4770; x_wconf 72' lang='lat'>⁸</span> <span class='ocrx_word' id='word_1_405' title='bbox 150 4739 207 4794; x_wconf 80' lang='lat' dir='ltr'>Joh.</span> <span class='ocrx_word' id='word_1_406' title='bbox 218 4751 271 4793; x_wconf 80' lang='lat' dir='ltr'>xxr,</span> <span class='ocrx_word' id='word_1_407' title='bbox 282 4739 314 4784; x_wconf 79' lang='lat'>13.</span> 
     </span>
    </p>
   </div>
   <div class='ocr_carea' id='block_1_6' title="bbox 0 0 1698 5528">
    <p class='ocr_par' dir='ltr' id='par_1_8' title="bbox 0 0 1698 5528">
     <span class='ocr_line' id='line_1_41' title="bbox 0 0 1698 5528; baseline 0 0"><span class='ocrx_word' id='word_1_408' title='bbox 0 0 1698 5528; x_wconf 95' lang='lat' dir='ltr'> </span> 
     </span>
    </p>
   </div>
  </div>
 </body>
</html>
