3368 5528
657 532 721 590 Au.
749 532 817 590 1556
1296 528 1352 588 593

182 671 307 737 Studio
322 685 356 738 et
376 675 620 742 beneuolentia
642 677 797 756 (atinde
816 677 1019 758 ordiamur)
1041 676 1203 757 opinione
1222 675 1349 737 maiori

122 783 166 842 ab
182 781 370 861 oppidanis
386 783 518 862 pariter
534 795 567 846 et
583 784 825 847 uniuersitatis
837 784 1051 862 magistratu
1063 782 1203 862 excepti
1214 797 1347 858 sumus;

124 886 325 966 praefectus
345 889 587 953 vniuersitatis
609 891 616 919 ¹
638 891 839 970 praecipuis
858 890 1061 952 academiae
1082 888 1185 951 huius
1206 888 1348 950 comita·

124 1007 179 1057 tus
208 993 468 1076 professoribus
497 996 525 1076 ¹,
555 997 723 1078 postridie
748 1013 853 1075 quam
879 995 1150 1076 appulissemus‚
1182 999 1215 1056 et
1243 994 1350 1057 etiam

77 1085 79 1090 ⁸
122 1119 203 1164 com
217 1100 230 1132 ³
244 1103 281 1164 in
296 1103 494 1166 diuersorio
512 1121 713 1184 ageremus,
738 1103 943 1167 solemniter
960 1119 1026 1165 nos
1048 1101 1184 1178 inuisit,
1201 1117 1348 1179 congra-

122 1208 237 1271 tulari
252 1207 276 1286 ⁴,
295 1219 329 1271 et
353 1201 528 1273 aduentus
547 1212 660 1273 nostri
678 1227 823 1274 causam
846 1210 977 1285 edocti,
1001 1207 1244 1272 liberalissime
1269 1223 1347 1286 ope

123 1333 200 1379 ram
215 1333 318 1379 suam
334 1325 506 1398 quotquot
520 1316 669 1380 aderant
684 1317 831 1397 polliciti
846 1326 939 1380 sunt:
962 1333 1028 1406 nec
1044 1315 1078 1378 id
1099 1313 1222 1393 modo,
1238 1313 1301 1376 sed
1315 1323 1350 1376 et

117 1423 298 1500 promissa
319 1423 443 1487 sedulo
468 1426 732 1504 praestiterunt.
751 1423 933 1487 Hactenus
952 1440 1065 1504 neque
1087 1422 1272 1485 consilium
1292 1439 1349 1484 ne·

119 1547 187 1608 que
213 1531 385 1593 auxilium
411 1533 520 1594 ullum
544 1532 676 1595 frustra
698 1549 718 1594 a
745 1533 911 1612 quopiam
936 1531 1084 1594 istorum
1109 1529 1258 1611 petitum
1284 1539 1349 1606 est,

121 1638 191 1698 imo
207 1639 385 1715 nonnulli,
402 1638 496 1717 quod
511 1640 628 1702 acrius
643 1651 762 1718 partes
782 1648 923 1702 nostras
936 1639 1158 1714 intueantur,
1177 1636 1348 1716 improbo·

123 1761 201 1806 rum
216 1746 417 1808 calumnias
432 1746 583 1808 euadere
598 1763 669 1808 non
684 1756 885 1826 potuerunt.

180 1851 351 1914 Facultas
374 1853 593 1930 theologica,
621 1871 715 1916 nono
741 1854 786 1916 ab
811 1855 964 1916 aduentu
992 1862 1112 1915 nostro
1133 1851 1204 1928 die,
1232 1850 1351 1912 nescio

121 1968 208 2036 quot
235 1959 308 2021 uini
334 1958 345 1991 ⁵
369 1960 536 2048 sextariis
561 1970 688 2023 onusta
713 1958 735 2038 ⁰,
763 1959 1023 2039 gratificatum,
1050 1958 1266 2022 domicilium
1291 1974 1349 2019 no·

121 2073 236 2158 strum
252 2067 422 2143 accessit,
439 2067 648 2146 promittens
663 2067 745 2130 item
761 2067 907 2146 pulchre
923 2067 1053 2143 omnia,
1070 2067 1132 2128 sed
1147 2063 1240 2146 quod
1255 2063 1351 2126 theo·

121 2173 288 2250 logorum
303 2189 508 2236 nostrorum
523 2173 681 2252 diligenti
696 2173 882 2236 sedulitate
897 2184 932 2236 et
945 2173 1067 2236 sedula
1083 2171 1263 2249 diligentia
1280 2171 1351 2250 opi·

122 2279 221 2342 nioni
237 2295 322 2341 suae
338 2279 497 2343 nonnihil
515 2280 686 2343 decedere
706 2280 839 2358 uideat,
856 2297 927 2342 non
949 2278 1093 2360 perinde
1116 2294 1228 2358 aequa
1251 2276 1352 2339 nobis

120 2384 298 2456 creditur.
315 2402 387 2449 non
402 2397 522 2449 tamen
537 2387 662 2450 studiis
682 2387 812 2449 nostris
832 2397 954 2466 aperte
970 2386 1140 2462 detrahit,
1158 2385 1220 2446 sed
1236 2383 1352 2462 potius

118 2490 231 2570 lauet,
248 2491 300 2553 ita
311 2497 352 2555 ut
359 2492 475 2571 facile
489 2509 690 2572 cognoscas
704 2494 767 2572 qui
778 2511 871 2572 erga
887 2510 953 2555 nos
968 2493 1105 2570 affecta
1120 2491 1180 2553 sr't.

180 2598 338 2661 Domum
354 2600 558 2664 habitamus
572 2607 606 2662 et
624 2599 845 2680 splendidam
864 2607 897 2662 et
919 2598 1051 2676 altam,
1071 2597 1229 2677 adeoque
1249 2613 1352 2676 capa·

118 2723 215 2783 cem,
237 2716 275 2768 ut
297 2706 366 2768 tria
382 2705 486 2769 facile
502 2707 660 2785 Collegia
677 2707 885 2784 (cuiusmodi
901 2717 1062 2768 nostrum
1075 2705 1085 2734 ¹
1097 2707 1161 2780 est)
1175 2704 1349 2767 admittat.

119 2811 315 2875 Caeterum
332 2814 526 2892 penetralia
542 2815 618 2876 eius
633 2814 751 2876 omnia
766 2825 799 2875 et
816 2813 1116 2891 contignationem
1128 2811 1234 2874 etiam
1246 2828 1352 2872 unam

118 2929 230 2999 atque
256 2922 409 2982 alteram
436 2921 648 2984 uniuersitas
675 2929 884 2999 occupatam
910 2930 1021 2997 tenet,
1052 2935 1176 2982 verum
1200 2918 1352 2997 idipsum

117 3027 257 3106 absque
279 3025 356 3088 ullo
377 3036 500 3090 nostro
527 3027 760 3089 incommodo.
789 3027 892 3106 Quod
916 3026 952 3088 sr'
970 3025 1116 3104 aliquod
1129 3031 1235 3103 esset,
1254 3025 1352 3088 mini

118 3134 189 3196 mis
204 3134 371 3212 expensis
387 3150 481 3196 noua
497 3135 663 3214 pleraque
683 3131 757 3195 fieri
777 3143 921 3212 possent
938 3133 1109 3220 cubicula.
1127 3131 1228 3195 Hanc
1240 3133 1352 3210 supel-

118 3239 230 3302 lectili
245 3256 367 3303 rerum
382 3240 607 3303 lamiliarium
623 3239 733 3302 Ducis
753 3237 764 3268 ⁸
786 3239 979 3306 liberalitas
997 3238 1277 3318 splendidissime
1298 3255 1351 3301 or·

115 3347 231 3410 nauit:
252 3346 424 3409 librorum
438 3347 612 3425 theologis
627 3347 758 3409 nostris
774 3345 1034 3426 suppeditatum
1046 3355 1099 3408 est
1111 3356 1280 3424 quantum
1291 3362 1351 3406 vo·

116 3456 274 3516 luerunt:
291 3453 327 3515 in
344 3453 457 3516 literis
473 3453 691 3533 politioribus
706 3452 847 3514 uberior
861 3453 962 3531 copia
979 3469 1055 3513 esse
1071 3460 1224 3532 poterat,
1241 3450 1351 3512 rzam⁹

115 3573 149 3621 et
160 3557 246 3622 Dux
259 3558 479 3620 summulam
495 3557 517 3588 ¹⁰
528 3557 715 3638 quamdam
728 3559 962 3620 nummariam
974 3558 1071 3620 hisce
1082 3557 1180 3618 libris
1193 3564 1350 3620 coemen-

114 3668 173 3730 dis
190 3665 328 3728 statuit.
350 3665 415 3728 His
430 3665 592 3728 omnibus
607 3665 756 3726 accessit
771 3665 875 3727 uinea
891 3663 1064 3743 quaedam
1078 3663 1276 3738 mediocris,
1292 3681 1350 3725 no·

158 3979 167 4012 ¹
199 3960 367 4032 “Magnificus
379 3976 478 4020 Doctor
489 3977 609 4030 Baptista
623 3976 728 4028 Weber,
738 3975 926 4018 Universltatis
941 3975 1050 4026 Rector„
1061 3975 1168 4018 Relatio
1183 3983 1269 4018 annot.
1280 3987 1353 4029 prae·

115 4051 223 4096 cedenti
234 4058 393 4094 memorata.
1346 4087 1348 4092 ,

154 4123 169 4155 ¹
198 4121 314 4165 “Doctor
328 4119 485 4164 Franciscus
503 4118 773 4170 Zoannettus,1talus.
792 4118 890 4162 Doctor
902 4117 1014 4169 Joannes
1029 4119 1161 4171 Agricola,
1173 4117 1350 4162 Camerarlus.

111 4196 218 4240 Doctor
233 4192 359 4236 Nicolaus
370 4191 501 4248 Frysiusa,
513 4191 581 4234 Ibid.
667 4223 676 4256 .·

155 4269 168 4301 ³
202 4277 264 4310 cum
275 4265 365 4310 etiam.
376 4263 524 4306 Ponancus.

153 4345 166 4374 ⁸
197 4333 516 4392 congratulationem.
1172 4383 1175 4389 Ι
1311 4376 1313 4380 .

154 4413 167 4446 ⁸
197 4410 310 4454 “Vinum
322 4407 497 4451 honorarium
509 4405 689 4458 (Bhrenwet'n)
699 4405 721 4447 id
732 4403 814 4457 'erat.„
824 4405 1035 4468 Baaursesaouu,
1045 4405 1062 4446 l.
1074 4417 1104 4456 e,
1112 4416 1170 4457 pag.
1178 4405 1226 4458 723,
1235 4413 1322 4450 annot.
1331 4407 1353 4450 6.

152 4482 167 4518 ⁸
195 4490 248 4538 pro
258 4491 334 4524 more
346 4480 428 4523 huius
440 4479 558 4530 regionis
568 4477 666 4520 addidit
679 4475 816 4518 Polancus.

153 4561 165 4590 1
201 4549 450 4598 modoaddldit.ld.

157 4631 172 4664 ⁸
204 4625 339 4670 navariae
354 4621 443 4672 Ducis,
463 4621 564 4664 eilberti
577 4620 608 4662 V.

156 4699 171 4734 ⁹
202 4696 417 4742 sed.Por.arrcus.

140 4773 167 4809 ιθ
198 4767 402 4814 sniumundo.

286 4857 325 4911 T.
343 4874 381 4913 tv.
