3504 5532
693 555 758 615 aa.
780 555 849 614 uos
1255 503 1257 508 ⁸
1331 546 1384 606 raa

153 707 234 769 cula
249 705 416 787 quadam,
432 705 559 785 quibus
574 703 782 769 lectionibus
796 702 908 781 multi,
924 701 984 783 qui
999 699 1141 762 scholas
1155 706 1297 760 nostras
1311 711 1383 756 non

156 811 443 894 frequentabant,
460 811 662 877 interfuere.
678 809 816 874 Auctus
831 809 895 872 luit
911 826 956 871 ex
971 825 1012 870 eo
1027 816 1185 886 ternpore
1200 803 1382 868 scholasti·

155 937 279 984 corum
296 937 476 998 numerus,
492 920 673 1000 quietiam
689 919 815 982 indies
836 917 996 995 singulos
1015 915 1063 977 ita
1084 913 1229 991 crescit,
1253 921 1291 975 ut
1312 929 1384 996 non

160 1029 251 1092 desit
267 1029 560 1111 praeceptoribus
578 1028 743 1105 materia,
766 1027 801 1090 in
820 1042 890 1105 qua
910 1023 1044 1103 ingenii
1064 1031 1170 1101 atque
1188 1018 1383 1083 industriae

155 1153 242 1198 suae
257 1137 355 1200 uires
371 1154 538 1200 exercere
552 1135 699 1216 possint;
716 1132 758 1196 de
774 1149 923 1213 quorum
938 1129 1076 1211 quidem
1099 1127 1297 1207 diligentia,
1313 1135 1384 1188 stu·

157 1243 216 1306 dio
231 1243 478 1324 charitateque
493 1259 580 1323 erga
596 1241 797 1321 discipuloS,
814 1256 886 1302 non
901 1247 954 1301 est
969 1237 1063 1318 quod
1075 1236 1132 1298 hic
1144 1235 1254 1297 multa
1266 1230 1383 1296 dican·
1423 1249 1428 1259 ’

153 1357 224 1428 tur,
241 1367 324 1413 cum
344 1351 555 1430 praesertim
576 1347 887 1423 scholasticorum,
904 1362 984 1408 cum
1007 1344 1043 1407 in
1057 1343 1184 1420 literis
1202 1351 1278 1404 tum
1298 1356 1384 1402 uero

155 1457 313 1520 maxime
329 1456 365 1520 in
380 1473 517 1520 morum
533 1457 748 1535 integritate,
765 1452 944 1534 proiectus
959 1451 1088 1515 tacitus
1103 1449 1242 1525 clamet,
1259 1463 1384 1526 meque

154 1571 310 1640 tacente,
327 1580 449 1626 curam
464 1562 804 1642 sollicitudinemque
823 1576 946 1624 eorum
967 1557 1129 1621 omnibus
1150 1552 1383 1630 commendet,

161 1671 222 1749 qui
237 1670 269 1733 si
284 1679 538 1751 torpescerent,
555 1686 627 1733 non
642 1669 716 1746 ille,
732 1667 842 1748 quiin
857 1665 1081 1730 scholasticis
1096 1670 1260 1744 apparet,
1276 1659 1384 1722 uirtu-

158 1778 206 1840 tis
220 1777 473 1857 literarumque
488 1777 654 1857 splendor
669 1776 895 1839 elucesceret.
913 1773 1123 1837 Benedictus
1137 1772 1183 1834 sit
1197 1768 1383 1844 DominuS,

157 1885 218 1964 qui
237 1885 307 1947 illis
329 1884 423 1948 hanc
442 1893 595 1947 mentem
615 1883 738 1960 donat,
760 1881 1080 1962 discipulorumque
1100 1877 1237 1940 animos
1252 1876 1301 1938 ita
1315 1884 1385 1937 tra·

159 1992 311 2054 ctabiles
337 1990 473 2069 reddit,
500 1998 537 2053 ut
561 1989 729 2053 bonitatis
754 1989 907 2068 sigillum
932 1986 1035 2050 facile
1060 1985 1264 2064 suscipiant.
1291 1979 1386 2046 Nihil

156 2099 245 2160 noui
270 2097 402 2160 accidit
424 2114 469 2160 ex
491 2097 558 2160 hoc
579 2105 753 2177 tempore,
775 2095 838 2159 sed
859 2095 976 2158 omnia
995 2093 1032 2156 in
1053 2091 1183 2156 scholis
1203 2106 1268 2168 pro
1288 2105 1386 2151 more

157 2203 304 2280 fiebant,

218 2311 267 2373 At
281 2311 454 2390 postridie
468 2310 606 2373 Natalis
620 2309 765 2372 Domini
781 2309 902 2372 habita
917 2307 982 2370 luit
997 2307 1110 2370 oratio
1126 2306 1249 2370 eodem
1260 2305 1295 2367 iu
1307 2305 1385 2366 loco

158 2433 229 2496 quo
251 2424 429 2495 caeterae,
450 2434 471 2479 a
492 2416 646 2496 quodam
671 2433 780 2496 puero
806 2414 850 2477 de
874 2422 1082 2496 paupertate
1106 2412 1249 2476 Domini
1273 2410 1386 2474 nostri

154 2522 242 2606 Jesu
255 2521 354 2603 xpi,
371 2541 478 2603 quam
493 2523 568 2603 ipse
583 2541 603 2586 a
619 2523 751 2586 teneris
766 2522 868 2586 annis
887 2531 1056 2601 tanquam
1077 2519 1220 2583 filiolam
1241 2527 1294 2581 est
1313 2534 1386 2580 am-

158 2631 326 2709 plexatus
340 2647 454 2708 suam;
470 2629 535 2692 luit
550 2630 600 2693 ita
614 2628 780 2709 frequens
801 2629 982 2691 hominum
1005 2645 1213 2704 concursus,
1238 2635 1275 2688 ut
1296 2623 1385 2687 affir-

156 2753 257 2800 mare
278 2754 351 2798 non
369 2735 524 2799 dubitem
553 2746 705 2817 quatuor
730 2736 839 2799 millia
864 2736 1045 2798 hominum
1071 2733 1229 2812 affuisse;
1249 2731 1383 2812 fuitque

155 2843 327 2906 uniuersa
343 2843 471 2906 ciuitas
486 2851 585 2907 tanto
600 2861 686 2923 erga
701 2861 768 2907 nos
783 2843 899 2906 studio
916 2859 1085 2920 accensa,
1102 2850 1140 2903 ut
1155 2840 1211 2904 die
1225 2848 1384 2919 postero,

154 2950 217 3040 qui
241 2949 307 3013 luit
326 2949 411 3013 Diui
432 2949 618 3031 Stephani,
641 2953 760 3031 plures
779 2949 893 3013 adhuc
912 2948 1141 3012 conuenerint
1160 2948 1196 3009 in
1219 2944 1382 3009 eumdem

155 3057 285 3136 locum,
304 3057 349 3120 ad
372 3058 585 3121 audiendum
606 3060 766 3137 eclogam
788 3057 830 3120 de
850 3056 968 3119 Natali
986 3055 1147 3132 Domini,
1168 3070 1258 3134 quae
1281 3052 1384 3115 simul

156 3180 240 3226 cum
255 3164 473 3226 carminibus
489 3164 567 3227 aliis
582 3164 625 3226 de
640 3173 847 3244 paupertate
863 3163 1019 3226 exhibita
1031 3161 1106 3238 luit,
1121 3170 1225 3240 atque
1237 3161 1273 3222 in
1285 3168 1384 3222 tanta

155 3270 381 3334 multitudine
397 3271 621 3334 neminimus
643 3269 783 3351 quidem
803 3273 972 3333 tumultus
990 3270 1055 3332 suit
1075 3269 1265 3346 excitatus;
1287 3266 1383 3347 quin·

157 3377 230 3440 imo
246 3377 296 3439 ita
311 3376 415 3440 auide
431 3377 632 3456 audiebant,
648 3388 697 3456 ut,
710 3380 864 3457 peractis
876 3377 982 3440 rebus
994 3376 1165 3450 omnibus
1179 3374 1315 3436 immoti
1326 3373 1383 3436 ad-

155 3483 227 3546 buc
243 3483 503 3563 permanserint
518 3484 650 3564 aliquid
666 3485 760 3547 aliud
775 3493 1015 3564 expectantes:
1032 3483 1120 3544 adeo
1136 3490 1237 3544 erant
1252 3480 1383 3559 stipati,

155 3600 194 3651 ut
215 3589 408 3669 Episcopo,
426 3589 596 3652 interesse
615 3590 780 3670 cupienti,
803 3609 889 3670 prae
904 3589 1085 3652 hominum
1101 3597 1245 3650 caterua
1269 3586 1385 3648 aditus

155 3712 229 3757 non
244 3696 411 3775 patuerit.
427 3695 515 3758 Rem
531 3695 623 3758 hanc
638 3697 775 3759 animos
790 3697 920 3759 ciuium
934 3694 1167 3759 commouisse
1179 3694 1246 3756 hoc
1257 3691 1318 3755 tibi
1331 3707 1384 3754 ar·

155 3811 328 3880 gumento
344 3819 422 3864 esse
437 3810 564 3880 potest,
581 3802 674 3881 quod
690 3814 773 3865 tunc
787 3803 956 3882 temporis
971 3803 1070 3865 multi
1085 3801 1213 3863 liberos
1225 3816 1308 3860 suos
1319 3797 1384 3860 sub

155 3917 281 3970 nostra
304 3907 491 3987 disciplina
516 3907 727 3970 erudiendos
752 3907 987 3985 tradiderunt,
1009 3907 1160 3970 aliorum
1180 3913 1384 3985 praecepto·

154 4030 238 4076 rum
253 4021 445 4092 arguentes
459 4013 653 4093 ignauiam,
670 4032 690 4076 a
706 4014 832 4094 quibus
846 4031 1026 4094 nunquam
1042 4013 1124 4093 quid
1139 4011 1251 4074 simile
1266 4018 1384 4073 actum

154 4127 224 4181 est·
240 4118 314 4182 Nec
330 4119 430 4182 deest
444 4121 516 4199 qui,
532 4120 667 4184 habens
682 4121 776 4184 domi
791 4131 1069 4200 praeceptorem,
1087 4119 1146 4199 qui
1159 4119 1287 4180 liberos
1299 4132 1384 4179 suos

154 4225 309 4304 erudiat,
326 4225 482 4305 quotidie
497 4226 542 4288 ad
557 4245 622 4290 nos
633 4227 802 4289 maiorem
816 4236 900 4289 natu
911 4226 1020 4289 filium
1031 4225 1157 4288 mittat.
1173 4221 1385 4288 Scholastici

155 4348 283 4394 omnes
297 4330 578 4395 ducentesimum
593 4331 785 4413 adimplent
800 4349 996 4411 numerum,
1009 4331 1116 4412 quiin
1128 4330 1280 4411 quinque
1297 4329 1385 4391 clas·

153 4454 216 4500 ses
229 4447 312 4500 sunt
326 4437 444 4518 diuisi;
459 4439 647 4519 pluresque
662 4448 792 4518 essent,
808 4439 838 4501 si
853 4441 968 4502 locum
983 4437 1259 4502 commodiorem
1278 4435 1385 4498 habe·

153 4559 288 4621 remuS,
306 4560 423 4624 quem,
440 4542 517 4608 Deo
532 4545 650 4624 dante,
666 4544 765 4608 breui
782 4543 790 4576 ¹
807 4545 998 4625 adepturos
1013 4559 1208 4624 speramus;
1224 4542 1261 4604 in
1277 4541 1385 4604 maxi·

199 4781 209 4814 ¹
237 4781 310 4826 breul
321 4793 376 4825 nos.
385 4781 527 4826 Focaneus.
