3410 5528
385 535 439 612 372
768 535 939 616 hmanas
958 553 1229 626 ouahmitssr'alas

385 710 419 764 et
434 701 533 765 festis
548 703 773 783 euangelium
792 703 875 768 Diui
894 703 1064 768 Matthaei
1086 704 1209 768 solitus
1230 703 1346 768 suerat
1364 705 1597 786 interpretari,

383 826 476 872 nunc
491 809 560 872 alio
575 809 767 891 intemplo,
784 812 821 875 in
832 828 902 892 quo
914 811 1027 876 maior
1038 811 1248 892 uberiorque
1259 810 1395 876 fructus
1407 812 1597 875 animarum

381 916 570 996 colligitur,
587 918 743 981 maxima
759 935 840 981 cum
854 918 1054 982 auditorum
1069 917 1229 997 utilitate,
1246 918 1443 999 frequentia
1454 927 1489 981 et
1505 919 1596 983 satis·

379 1021 533 1087 factione
547 1024 644 1122 legit.
662 1024 758 1088 ldem
778 1025 900 1089 diebus
922 1025 1063 1089 ueneris
1081 1025 1304 1090 scholasticis
1322 1026 1437 1090 nostri
1458 1024 1597 1106 Collegii

380 1129 609 1194 christianam
635 1131 833 1196 doctrinam
859 1133 928 1195 alio
954 1133 1141 1213 intemplo
1165 1133 1344 1213 explanat;
1371 1133 1428 1194 cui
1449 1131 1594 1208 lectioni,

377 1247 519 1316 praeter
533 1237 724 1318 discipulos
738 1239 896 1303 nonnulli
912 1239 1019 1303 etiam
1033 1241 1205 1304 interesse
1220 1239 1343 1318 solent,
1360 1239 1420 1319 qui
1436 1255 1518 1302 cum
1527 1255 1596 1318 per·

316 1401 319 1408 ,
378 1343 560 1424 cipiendae
576 1345 759 1410 doctrinae
771 1355 917 1411 sanctae
932 1346 1124 1426 cupiditate
1137 1347 1265 1426 allecti,
1278 1354 1354 1410 tum
1365 1363 1450 1410 uero
1463 1345 1595 1410 audien·

377 1451 504 1516 darum
517 1454 718 1518 orationum
736 1453 930 1530 desiderio,
947 1472 1039 1535 quae
1053 1454 1123 1518 illic
1140 1473 1161 1517 a
1180 1453 1312 1517 nostris
1333 1453 1455 1534 pueris
1474 1453 1595 1517 haben·

375 1568 444 1638 tur,
470 1560 628 1639 excitati,
650 1560 854 1641 frequentes
874 1561 1063 1642 aliquando
1085 1561 1313 1624 conueniunt.
1335 1558 1485 1624 Peracta
1508 1561 1594 1624 enim

374 1665 557 1731 doctrinae
572 1667 787 1731 christianae
799 1669 963 1747 lectione,
979 1668 1123 1749 quidam
1136 1685 1181 1731 ex
1195 1667 1476 1747 prouectioribus
1489 1667 1595 1732 nostri

374 1772 523 1854 Collegii
548 1774 771 1839 scholasticis
791 1775 987 1839 orationem
1006 1775 1113 1839 hahet
1135 1789 1199 1838 suo
1222 1782 1334 1838 marte
1353 1772 1593 1854 compositam,

372 1883 466 1961 quod
481 1899 551 1945 non
566 1900 691 1964 parum
712 1882 815 1946 affert
834 1883 1055 1947 auditoribus
1075 1880 1335 1945 admirationis:
1358 1882 1534 1945 mirantur
1555 1881 1593 1944 si·

373 1987 513 2069 quidem
532 1983 661 2071 pueros
682 1993 851 2071 paruulos
870 2007 931 2054 eas
951 1991 1130 2054 orationes
1150 2005 1379 2070 componere,
1401 1999 1508 2068 atque
1524 1999 1593 2052 tam

369 2096 539 2160 audacter
553 2104 704 2162 recitare
721 2096 742 2178 ¹;
759 2097 983 2162 commendat
1002 2113 1111 2178 porro
1132 2095 1224 2161 hanc
1243 2104 1403 2160 nostram
1422 2098 1593 2160 exercita·

371 2204 502 2267 tionem
521 2204 589 2268 hoc
609 2205 842 2286 potissimum,
869 2203 963 2286 quod
982 2205 1070 2268 nihil
1089 2204 1202 2268 simile
1222 2203 1257 2267 in
1278 2203 1355 2266 aliis
1376 2202 1481 2282 hujus
1501 2202 1594 2266 urbis

370 2311 502 2375 scholis
517 2311 588 2376 fiat:
604 2313 656 2376 ita
672 2331 720 2376 ex
734 2313 800 2376 hac
814 2311 1071 2376 exercitatione
1085 2310 1287 2392 plurimum
1306 2309 1479 2374 hauritur
1502 2308 1592 2372 utili·

368 2419 474 2495 tatia·
490 2420 586 2483 ciues
600 2421 693 2483 enim
708 2419 731 2498 ²,
749 2419 793 2483 ad
810 2437 959 2501 quorum
974 2437 1081 2484 aures
1094 2419 1161 2483 hoc
1175 2419 1356 2500 peruenit,
1373 2434 1592 2498 summopere

367 2526 528 2606 probant,
545 2527 674 2590 liberos
689 2525 700 2558 ³
715 2543 800 2590 suos
814 2528 915 2591 nobis
930 2526 1143 2590 erudiendos
1160 2524 1320 2590 tradunt:
1342 2523 1591 2604 discipulorum

367 2649 506 2714 quoque
520 2634 628 2698 animi
642 2635 711 2697 hoc
722 2634 870 2698 honesto
885 2632 1089 2697 ambitionis
1101 2629 1253 2713 ‘genere
1265 2630 1310 2694 ad
1321 2631 1458 2695 maiora
1471 2632 1507 2694 in
1520 2632 1592 2695 dies

367 2740 483 2803 studia
512 2741 775 2820 accenduntur,
810 2741 946 2820 gloriae
979 2739 1193 2821 cupiditate:
1230 2739 1368 2802 accedit
1395 2739 1465 2803 huc
1499 2737 1591 2820 quod

366 2845 458 2911 ΚΜ
468 2846 506 2910 P.
524 2847 665 2924 Rector,
681 2837 849 2930 perorata
864 2847 935 2912 iam
951 2848 1121 2926 oratione,
1138 2847 1260 2910 laudat
1275 2855 1470 2925 oratorem,
1487 2863 1590 2927 expo·

366 2954 486 3034 nitque
502 2955 665 3018 omnibus
680 2955 747 3018 hoc
763 2954 841 3018 ideo
856 2973 876 3018 a
893 2955 993 3018 nobis
1008 2954 1094 3034 lieri,
1112 2971 1181 3035 quo
1197 2953 1266 3017 arti
1280 2953 1488 3018 exercitatio
1505 2955 1591 3030 (sine

364 3078 434 3143 qua
454 3063 656 3142 praeceptio
676 3062 763 3125 nihil
788 3061 937 3139 iuuaret)
960 3061 1124 3140 accedat,
1151 3060 1384 3141 hortaturque
1409 3077 1532 3124 omnes
1553 3067 1590 3124 ut

365 3169 459 3232 idem
475 3171 639 3250 amplecti
655 3169 830 3248 studeant,
847 3169 1033 3248 proposita
1048 3176 1130 3231 ante
1146 3168 1269 3233 oculos
1284 3167 1447 3260 utilitate.

423 3275 624 3340 [nstitutum
639 3293 745 3357 porro
762 3285 815 3339 est
830 3275 875 3339 ab
890 3276 1014 3338 eodem
1026 3274 1131 3338 Patre
1144 3283 1265 3338 nostro
1278 3284 1316 3337 ut
1329 3274 1442 3356 pueri,
1455 3276 1515 3356 qui
1526 3275 1588 3338 sub

364 3392 486 3446 nostra
501 3391 582 3446 sunt
596 3382 794 3464 disciplina,
811 3377 935 3445 diebus
950 3380 1137 3446 dominicis
1157 3390 1190 3445 et
1210 3381 1309 3444 festis
1330 3381 1460 3445 adeant
1481 3383 1589 3446 eccle·

362 3489 445 3569 siaa,
463 3489 521 3553 ubi
537 3490 693 3570 religiosi
708 3489 852 3570 quidam
868 3506 910 3552 ac
925 3489 973 3569 pii
989 3488 1149 3552 homines
1164 3488 1378 3552 conueniunt
1401 3489 1447 3551 ad
1462 3488 1587 3552 docen-

361 3597 442 3660 dam
467 3597 666 3662 doctrinam
691 3597 921 3661 christianam
945 3611 1085 3676 pueros
1107 3605 1145 3658 ut
1168 3605 1203 3658 et
1221 3605 1425 3658 nostrorum
1449 3613 1587 3676 quoque

359 3721 549 3783 puerorum
572 3704 704 3768 auxilio
727 3704 856 3782 adiuti,
879 3721 968 3767 onus
989 3702 1074 3766 illud
1092 3702 1265 3783 paratiori
1286 3701 1404 3766 animo
1424 3702 1585 3780 subeant,

360 3811 459 3884 cuius
471 3814 522 3874 rei
532 3814 650 3892 gratia
662 3812 902 3892 unusquisque
913 3819 1183 3891 praeceptorum
1194 3809 1401 3889 designatos
1413 3809 1585 3890 quosdam

359 3918 475 3996 habet,
493 3919 528 3980 in
543 3919 671 3998 quibus
687 3919 822 3982 maiora
837 3919 978 3983 uirtutis
991 3917 1207 3980 simulachra
1219 3917 1393 3996 impressa
1405 3917 1580 3996 uidentur,

358 4042 446 4104 quos
461 4026 517 4089 die
533 4027 671 4090 sabbati
685 4027 862 4105 hortatur,
877 4043 922 4089 ne
937 4041 1027 4105 opus
1040 4024 1108 4087 hoc
1123 4023 1389 4088 misericordiae
1404 4023 1583 4088 adeosan·

357 4141 471 4212 ctum,
501 4133 627 4197 inertia
657 4133 919 4214 negligentiaue
944 4149 1009 4195 sua
1032 4130 1238 4211 refrigerari
1262 4131 1454 4211 patiantur.
1481 4130 1584 4195 Pueri

356 4256 441 4303 uero
467 4249 740 4320 praeceptorum
759 4240 862 4304 dictis
888 4238 1084 4319 audientes,
1112 4255 1224 4318 aequo
1248 4247 1445 4320 paratoque
1465 4239 1582 4302 animo

354 4347 451 4410 iussa
466 4347 668 4428 adimplent,
685 4365 731 4411 ex
745 4365 814 4428 quo
828 4346 878 4428 fit,
894 4355 931 4411 ut
941 4345 1062 4427 pueri,
1083 4346 1142 4426 qui
1162 4345 1260 4426 prius
1279 4344 1350 4409 huc
1372 4355 1477 4427 atque
1499 4346 1581 4409 illuc

394 4561 402 4593 ¹
428 4563 620 4616 pronunciare.
633 4561 673 4608 ln.

390 4633 402 4664 ¹
428 4633 637 4679 anticrucem.

392 4701 404 4736 ³
430 4704 618 4751 etllberos.lo.

392 4778 403 4812 ὁ
432 4779 630 4822 aemulationis.
644 4775 684 4822 In.
