3578 5534
382 519 420 578 70
770 521 942 583 Llrrnaua
961 539 1232 593 Quanamnsruas

390 683 468 729 rurn
483 667 677 732 subsidium
692 675 888 732 erexerunt
904 668 925 746 ¹,
942 672 1156 734 monasteria
1171 670 1405 735 foeminarum
1416 670 1485 734 duo
1497 671 1621 749 resor-

390 780 583 837 mouerunt
598 775 619 851 ¹,
636 787 670 840 et
682 776 815 840 sanctis
826 775 1038 840 monialibus
1049 775 1207 856 amplam
1218 776 1476 856 eleemosynam
1482 783 1614 856 procu·

390 887 524 944 rarunt
548 879 571 945 ³:
595 881 779 963 hospitale,
800 883 872 946 iam
896 881 969 946 fere
993 883 1202 963 collapsum,
1225 883 1373 964 publicis
1393 883 1623 965 priuatisque

386 989 622 1070 eleemosynis
638 990 893 1054 instaurarunt.
909 989 1049 1053 Multos
1062 988 1074 1020 ⁴
1089 990 1207 1070 etiam,
1220 992 1281 1072 qui
1295 1007 1359 1054 suo
1369 1007 1501 1070 magno
1516 993 1619 1056 malo-

387 1114 451 1176 per
465 1096 496 1175 6,
515 1095 552 1159 10
566 1106 600 1160 et
618 1094 656 1160 18
669 1113 793 1176 annos,
809 1097 926 1177 gratia
941 1094 1009 1159 Dei
1027 1105 1062 1160 et
1081 1105 1386 1161 sacramentorum
1404 1114 1470 1161 usu
1486 1114 1525 1161 se
1544 1098 1614 1178 pri·

386 1213 571 1282 nouerant,
586 1203 630 1267 ad
643 1213 788 1267 sanctae
800 1203 924 1267 matris
934 1203 1116 1268 Ecclesiae
1127 1204 1302 1283 gremium
1315 1215 1350 1268 et
1364 1206 1452 1268 bene
1466 1205 1619 1269 uiuendi

387 1327 549 1374 normam
572 1315 789 1374 reuocarunt
814 1307 836 1370 ³.
864 1309 1134 1374 Confessionum
1158 1327 1246 1374 vero
1268 1321 1303 1374 et
1328 1311 1618 1376 communionum

387 1417 468 1498 quis
483 1425 665 1482 enumeret
676 1416 909 1497 frequentiam
925 1427 986 1480 ant
1000 1417 1177 1481 describat
1199 1417 1394 1482 feruorem?

451 1523 684 1588 Confluebant
697 1523 804 1587 etiam
818 1524 864 1587 ad
879 1524 957 1587 illos
971 1540 1105 1603 omnes,
1122 1523 1182 1604 qui
1201 1524 1333 1604 pietate
1346 1527 1404 1588 vel
1423 1525 1625 1589 literarum

390 1630 582 1711 splendore
595 1629 608 1662 ⁶
623 1631 791 1694 intereos
810 1630 1022 1694 celebriores
1042 1630 1233 1709 habentur,
1250 1641 1290 1694 vt
1308 1648 1451 1696 suarum
1472 1631 1621 1696 difficul-

391 1747 504 1803 tatum
519 1739 731 1802 solutionem
745 1737 959 1818 acciperent,
976 1745 1011 1800 et
1024 1756 1088 1819 per
1099 1737 1167 1802 Dei
1177 1739 1332 1818 gratiam
1342 1739 1407 1802 fuit
1417 1756 1488 1803 non
1501 1742 1624 1805 solum-

392 1846 461 1926 piis
476 1855 511 1908 et
525 1844 704 1924 modestis,
721 1844 784 1907 sed
803 1845 909 1907 etiam
924 1843 1068 1908 discolis
1086 1855 1121 1908 et
1139 1845 1301 1924 curiosis,
1322 1846 1461 1910 abunde
1476 1847 1619 1911 satisfa-

390 1961 498 2016 ctum:
515 1952 558 2016 iis
572 1963 607 2015 et
621 1951 699 2015 aliis
714 1952 818 2016 rebus
833 1960 947 2016 toturn
961 1953 1057 2015 illum
1068 1954 1236 2033 populum
1247 1953 1296 2016 ita
1309 1953 1387 2032 sibi,
1402 1956 1458 2017 vel
1470 1953 1618 2019 Christo

391 2059 522 2140 potius,
539 2059 785 2144 deuinxerunt,
801 2067 840 2122 vt
854 2059 1101 2122 molestissime
1115 2060 1248 2122 ferrent
1262 2075 1384 2123 eorum
1403 2059 1617 2142 discessum,

391 2182 472 2229 cum
486 2166 695 2247 praesertim
709 2163 907 2246 frequentia
922 2174 956 2228 et
971 2167 1088 2245 ampla
1103 2167 1292 2229 multorum
1312 2184 1459 2230 munera
1474 2183 1621 2231 recusa-

388 2281 479 2336 rent.
491 2269 888 2352 Tandemmagistratus
899 2271 1037 2336 etciues
1045 2271 1233 2336 nobiliores
1241 2272 1462 2337 discedentes
1471 2281 1624 2338 nostros

392 2395 504 2460 vsque
518 2380 565 2444 ad
578 2381 706 2458 locum,
723 2397 769 2442 ex
784 2396 852 2459 quo
868 2379 957 2442 haec
971 2379 1065 2442 alma
1084 2379 1211 2442 domus
1230 2379 1346 2443 videri
1361 2389 1492 2460 posset,
1510 2381 1622 2444 comi-

393 2487 464 2550 tari
486 2488 686 2563 voluerunt,
703 2483 933 2549 Beatissimae
947 2483 1090 2564 Virgini
1114 2495 1148 2548 et
1174 2486 1242 2548 illis
1261 2502 1325 2566 pro
1345 2497 1445 2550 tanto
1466 2496 1625 2568 accepto

394 2591 563 2656 beneficio
578 2594 716 2672 gratias
734 2601 893 2670 agentes.

456 2698 646 2780 Cingulum
661 2699 768 2762 etiam
783 2697 794 2728 ²
808 2697 958 2779 profecti
972 2709 1054 2763 sunt
1069 2699 1138 2763 dno
1150 2717 1195 2762 ex
1210 2699 1341 2764 nostris
1357 2700 1427 2764 iam
1444 2699 1617 2779 secundo,

399 2805 527 2887 quibus
541 2802 713 2869 contulit⁸
731 2805 873 2869 solitum
890 2805 1030 2886 gratiae
1049 2823 1135 2869 suae
1153 2805 1323 2870 fauorem.
1344 2805 1435 2870 Nam
1454 2806 1622 2887 frequen-

394 2912 487 2976 tibus
502 2912 733 2976 concionibus
747 2922 782 2976 et
800 2910 1097 2992 confessionibus,
1121 2913 1192 2976 iarn
1213 2922 1318 2977 antea
1339 2915 1532 2978 excitatum
1558 2931 1619 2995 po·

390 3020 512 3100 pulum
526 3018 698 3099 villasque
713 3019 927 3098 adiacentes,
944 3019 989 3083 ad
1004 3021 1233 3084 maturiorem
1251 3020 1391 3100 frugem
1412 3019 1515 3084 facile
1537 3037 1622 3101 per·

388 3125 577 3190 duxerunt.

449 3230 616 3312 Longum
631 3242 734 3312 esset,
756 3233 819 3297 Rde
835 3234 870 3296 in
886 3233 1028 3297 Christo
1051 3231 1171 3310 Pater,
1193 3233 1375 3313 sigillatim
1394 3235 1512 3297 omnia
1533 3233 1619 3297 diui·

393 3355 463 3402 nae
482 3339 624 3420 pietatis
649 3357 757 3421 opera
781 3357 978 3404 recensere.
995 3339 1106 3402 Nour’t
1121 3339 1168 3402 R.
1196 3339 1232 3402 T.
1254 3340 1468 3404 Paternitas
1483 3347 1627 3420 quanta·

387 3445 524 3526 pietate
538 3462 713 3526 quamque
725 3435 918 3526 singulari
920 3431 1058 3524 fauore
1073 3445 1173 3508 Deus
1195 3453 1266 3526 opt.
1288 3464 1388 3510 max.
1410 3447 1629 3512 vnrirersam·

393 3551 605 3615 Societatem
630 3559 664 3616 et
684 3553 932 3632 singularius
955 3555 1125 3634 membra,
1141 3554 1377 3634 quantumuis
1397 3571 1446 3616 ex
1463 3571 1502 3616 se
1519 3552 1624 3616 velas-

390 3658 500 3736 sr'ma,
510 3665 756 3739 prosequatur
770 3657 793 3740 ⁰,
809 3660 845 3724 in
860 3660 1165 3725 administratione
1187 3661 1396 3741 praesertim
1417 3677 1629 3724 sacramen--

389 3773 521 3839 torum,
537 3782 583 3830 ex
598 3765 725 3846 quibus
739 3767 907 3830 vniuersa
920 3767 1028 3831 animi
1038 3769 1130 3831 bona
1146 3765 1344 3847 dependere
1360 3767 1536 3830 videntur.

434 4030 443 4062 ¹
474 4033 589 4076 erectus.
599 4031 744 4078 Putarem.

430 4101 443 4133 ¹
473 4101 681 4154 reformando.

434 4174 445 4206 ³
473 4174 585 4230 amplae
596 4173 781 4232 eleemosynae
789 4178 960 4230 procuratae.
971 4176 1008 4221 Iu.

430 4247 443 4279 θ
473 4245 611 4291 multllm

430 4316 442 4350 ⁸
472 4320 538 4360 sunt
549 4319 678 4362 reuocati.
688 4317 729 4362 In.

433 4385 446 4420 θ
474 4388 636 4434 interimo.

431 4459 442 4492 ¹
472 4460 582 4514 insigne
591 4459 731 4507 diarrhiae
746 4462 876 4518 oppidum
887 4462 986 4506 addidit
1003 4461 1138 4507 Polnucus.
1157 4463 1246 4508 Sermo
1256 4470 1343 4508 autem
1358 4471 1397 4509 est
1412 4465 1443 4510 de
1458 4467 1551 4522 oppido
1569 4466 1633 4512 ᾱοι

392 4529 458 4585 goii.

434 4603 448 4636 Ι
476 4603 556 4649 Deus.
569 4604 713 4650 Pounncua.

433 4673 446 4708 ὓ
473 4675 636 4720 Mirumst
654 4683 771 4732 prorsus
786 4685 884 4732 quanta
903 4678 1001 4732 pietate
1017 4683 1041 4721 rt
1059 4677 1148 4722 fauore
1158 4677 1235 4730 Deus,
1251 4679 1334 4723 etlam
1345 4691 1377 4723 ex
1392 4689 1420 4723 ue
1437 4679 1572 4735 uilissima,
1582 4681 1634 4725 So*

395 4747 512 4792 rietatis
524 4747 645 4791 membra
656 4755 835 4803 prosequatur.
844 4747 882 4792 lo.
1536 4749 1543 4771 ⁸
