3436 5526
375 517 430 574 odo
757 515 927 574 Ltrrsaae
946 531 1218 584 ouanatuesrass

376 663 452 724 solo
467 662 562 725 dirro
578 673 612 724 et
633 661 707 724 faro
728 660 807 724 fine.
829 661 970 724 Benche
989 663 1022 724 la
1045 663 1209 742 maggior
1227 673 1260 724 et
1281 663 1430 740 meglior
1448 672 1533 741 parte
1548 663 1581 724 di

377 781 500 849 questa
521 770 607 832 citto
629 771 662 832 al
685 768 843 848 Collegio
864 770 1110 848 grandimonte
1132 768 1327 846 fauorisca,
1353 781 1466 834 tamea
1485 769 1581 845 (come

375 874 470 938 disse
484 876 519 940 di
538 877 656 956 sopra)
678 893 748 938 non
771 891 944 940 mancano
967 877 1023 939 chi
1045 893 1198 940 cercaao
1221 879 1253 940 la
1276 877 1401 938 rouiaa
1423 885 1531 940 nostra
1550 885 1579 936 ct

374 982 462 1046 lorsi
476 985 680 1046 totalmente
694 983 892 1062 extinguer'
911 993 944 1046 ct
959 985 1119 1047 scacciar
1138 984 1172 1046 di
1192 1001 1261 1062 qua
1281 985 1360 1047 sino
1382 986 1449 1046 alla
1471 999 1580 1046 merno-

372 1089 426 1152 ria
442 1089 532 1152 della
547 1090 780 1170 Compagnia.
798 1090 854 1154 Ma
871 1109 941 1153 non
957 1093 1134 1170 possiamo
1155 1091 1310 1154 diffidere
1330 1090 1444 1154 donde
1462 1089 1581 1152 fautore

373 1205 407 1258 et
423 1196 583 1260 adiutore
598 1203 617 1260 c
632 1195 784 1274 Christo;
801 1215 872 1261 non
888 1199 920 1260 ci
943 1197 1075 1261 ritarda
1099 1201 1131 1260 la
1155 1199 1321 1262 difficulta
1343 1199 1434 1261 della
1455 1213 1579 1276 guerra,

373 1302 463 1366 doue
477 1305 510 1366 ci
525 1309 544 1365 e
560 1321 741 1384 promesso
758 1306 781 1368 il
796 1307 896 1368 ciclo.
914 1305 1004 1368 Anzi
1019 1307 1079 1385 piu
1094 1316 1186 1368 tosto
1202 1305 1384 1386 pensiamo
1406 1317 1439 1368 et
1460 1305 1491 1368 ci
1512 1320 1580 1366 coa·

373 1411 516 1475 fidiamo
531 1416 587 1476 ael
601 1411 730 1492 Signor
746 1413 811 1475 che
831 1414 934 1476 alcun
954 1423 1071 1492 tempo
1087 1414 1221 1476 anchor
1235 1413 1258 1474 li
1273 1414 1387 1476 nostri
1403 1409 1580 1475 aduersarii

373 1537 527 1582 saranno
555 1520 742 1584 illuminati
770 1521 863 1582 dalla
892 1519 1011 1583 diuina
1041 1520 1227 1582 clementia
1251 1518 1284 1580 d'
1312 1519 1432 1593 iddio;
1459 1521 1489 1581 la
1513 1517 1582 1596 qual

373 1643 456 1690 cosa
473 1628 571 1689 accio
591 1627 650 1708 piu
670 1627 869 1690 sacilmente
890 1629 918 1690 si
935 1627 1049 1690 faccia
1068 1637 1101 1689 ct
1117 1628 1217 1690 accio
1232 1643 1295 1706 per
1310 1644 1410 1689 mezo
1425 1627 1459 1689 di
1473 1635 1583 1707 questo

372 1733 531 1814 Collegio
551 1735 580 1796 si
600 1751 766 1798 accresca
786 1734 881 1797 assai
898 1735 1048 1796 bellezza
1068 1743 1101 1797 et
1115 1734 1224 1796 scotto
1246 1736 1315 1796 alla
1338 1734 1458 1797 chiesa
1480 1743 1581 1806 santa,

371 1857 477 1920 sposa
491 1839 528 1904 di
542 1839 694 1920 Christo,
712 1841 919 1921 preghiamo
934 1851 1188 1904 sommamente
1203 1841 1311 1904 11111.ι
1337 1840 1401 1904 V.a
1425 1842 1476 1904 sia
1488 1842 1580 1904 ricor·

371 1948 495 2010 deuole
510 1949 545 2010 di
561 1959 684 2027 questo
708 1947 891 2028 Colleggio
911 1947 992 2010 nclli
1007 1949 1084 2010 suoi
1100 1949 1193 2011 santi
1207 1948 1376 2012 sacrifitii.
1394 1946 1582 2028 Imperoche

371 2071 441 2117 non
463 2054 680 2117 dubbitiamo
700 2054 810 2118 douer
829 2064 952 2134 questo
971 2054 1155 2133 Colleggio
1177 2071 1273 2118 esser
1290 2057 1399 2118 molto
1414 2055 1581 2135 aggiutoto

370 2161 663 2242 principalmente
688 2139 750 2241 ¹per
770 2163 793 2224 li
817 2162 942 2242 preghi
963 2163 997 2224 di
1015 2161 1058 2224 V.
1077 2159 1154 2224 R.da
1170 2161 1241 2223 Pdl
1268 2172 1302 2225 et
1320 2162 1435 2225 anche
1455 2162 1488 2224 di
1512 2157 1581 2223 tutti

370 2269 382 2332 i
397 2267 504 2332 Padri
520 2278 553 2331 et
565 2267 705 2332 fratelli.

429 2375 476 2438 Di
491 2373 682 2456 Syracusa,
700 2378 734 2438 ul
749 2377 870 2440 ultimo
886 2377 920 2441 di
936 2375 1138 2440 Nouembro
1157 2378 1244 2440 litio.

429 2481 483 2546 De
499 2483 543 2546 V.
562 2482 640 2545 R.‘¹‘¹
660 2483 731 2546 Pa
752 2483 862 2546 inutil’
880 2501 984 2546 seruo
1001 2485 1034 2548 in
1047 2484 1154 2549 Chr0.
1172 2486 1252 2568 jhu.

910 2697 1075 2762 Macaasn
1090 2699 1239 2762 Auerno
1254 2699 1432 2762 Lanacco.

881 2991 997 3000 ......
1002 2992 1087 3002 ..a

496 3201 705 3244 l'raccedentlum
716 3198 849 3242 Michaelis
860 3199 954 3254 norell
965 3197 1078 3244 Labacci
1090 3199 1239 3242 litterarum
1250 3199 1331 3244 latina
1344 3201 1429 3244 tersio
1442 3201 1457 3242 ¹.

942 3361 1014 3444 Jhs.

426 3553 551 3616 Gratia
567 3565 600 3614 et
617 3569 686 3631 pax
704 3550 757 3613 X)

425 3659 502 3722 Non
528 3675 669 3738 possum
690 3657 849 3737 equidem
871 3675 940 3718 non
962 3657 1186 3720 vehementer
1207 3657 1376 3720 admirari
1402 3659 1576 3738 (perquam
1680 3635 1681 3682 ³

303 3761 310 3779 '
364 3765 584 3829 observande
612 3765 732 3842 Pater)
762 3765 1008 3843 excelsamque
1033 3764 1129 3826 illam
1154 3780 1309 3844 vereque
1333 3762 1491 3828 divinam
1516 3761 1574 3827 Dei

365 3874 487 3954 optimi
507 3873 651 3935 maximi
671 3872 893 3934 clementiam
913 3887 983 3933 non
1006 3871 1166 3948 laudare,
1190 3870 1250 3950 qui
1269 3879 1321 3932 tot
1342 3879 1377 3933 et
1396 3879 1494 3935 tanta
1521 3884 1577 3950 per

364 3983 456 4044 hanc
471 3979 648 4042 minimam
666 3976 879 4041 Societatem
899 3978 1065 4054 dignatur
1085 3979 1239 4058 operari,
1257 3994 1346 4056 quae
1367 3978 1520 4058 quotidie
1536 3991 1575 4038 ex
1679 3991 1680 3994 ¹

364 4087 525 4151 omnibus
541 4084 708 4164 collegiis
728 4085 773 4147 ad
793 4101 859 4147 nos
878 4084 1118 4164 perferuntur3
1142 4084 1205 4147 sed
1224 4084 1395 4147 maiorem
1414 4085 1483 4148 hoc
1500 4079 1575 4147 milti

363 4195 508 4275 praebet
524 4191 767 4254 admirationis
782 4207 945 4263 causam.
962 4190 1056 4270 quod
1070 4189 1211 4253 videam
1226 4199 1299 4254 tam
1313 4190 1414 4254 brevi
1429 4201 1576 4271 tempore

363 4311 499 4364 tantum
515 4317 559 4362 ex
574 4299 641 4361 hoc
656 4297 813 4376 Collegio
830 4297 1024 4376 spiritualis
1037 4296 1174 4360 fructus
1188 4309 1409 4378 proventum.

422 4407 500 4470 Huc
516 4424 585 4469 non
597 4405 722 4470 diebus
733 4404 917 4467 dominicis
928 4403 1034 4467 modo
1047 4415 1082 4466 et
1093 4403 1203 4480 festis,
1218 4405 1391 4484 permulti,
1406 4404 1573 4469 sedetiam

362 4587 572 4598 --—-——-....

403 4689 410 4722 ¹
438 4688 606 4743 archetypa
618 4687 711 4738 duplici
725 4685 793 4736 sollo.
806 4697 848 4729 nn.
860 4685 897 4728 170
907 4692 932 4728 et
946 4683 1110 4728 rso-lunas
1121 4685 1221 4728 aliaest
1232 4655 1387 4740 abeasquac
1400 4685 1574 4739 praecedentes

358 4761 489 4808 exaravit.
500 4760 607 4813 ldcoquc
619 4759 710 4802 incerti
723 4759 801 4801 etiam
813 4769 899 4800 stamus
910 4768 941 4800 aa
954 4757 1133 4810 autographae
1144 4755 1195 4800 sint
1213 4761 1301 4799 necne.
