3504 5532
670 525 736 586 An:
757 526 827 588 lits
1325 529 1362 588 W

188 667 635 753 Sbletetiam‘frequcnter
645 670 684 735 P.
700 673 860 755 Joannes
873 673 1004 738 Paulus
1018 675 1228 743 concionem
1240 675 1287 740 ad
1302 695 1360 758 po·

128 781 259 860 mm*
268 779 399 843 babere
413 779 451 842 in
465 779 616 843 ecclesia
630 781 770 860 maiori,
786 781 848 845 vbi
862 790 898 844 et
912 800 934 848 a
948 783 1090 848 vicario
1102 793 1137 848 et
1159 783 1300 852 clericis
1313 783 1351 848 ef
1351 815 1359 830 ·

128 885 324 966 habetur,
341 895 376 950 et
390 903 412 950 a
427 885 565 950 cluibus
584 887 734 951 libenter
754 887 907 953 auditur.
928 888 1018 954 Ctrm
1040 900 1159 954 autem
1179 890 1360 956 videretur

128 993 411 1074 quamplurimos
426 1009 517 1073 esse,
533 995 593 1075 qoi
607 995 731 1058 tamin
747 995 900 1074 negotiis
914 998 1090 1076 gerendis,
1107 1015 1216 1080 quam
1229 999 1265 1062 in
1275 1012 1358 1064 ‘oue-

129 1101 231 1164 ribus
246 1101 441 1182 portandis,
456 1101 494 1164 in
509 1101 588 1181 ipso
608 1101 719 1166 maris
739 1102 843 1166 litore
866 1105 1048 1184 occupati,
1064 1122 1147 1170 raro
1167 1106 1359 1171 eclesiasti-

127 1223 192 1271 cas
207 1208 401 1272 conciones
420 1206 575 1287 adirent,
600 1210 685 1273 vtile
704 1209 821 1273 visum
842 1218 895 1272 est
914 1219 953 1273 vt
972 1211 1103 1276 ibidem
1122 1213 1271 1276 verbum
1290 1212 1360 1279 Dei

125 1316 197 1380 illis
210 1323 482 1398 proponeretur3
498 1315 608 1392 etita,
625 1315 702 1379 Deo
718 1315 871 1395 fauente,
888 1317 997 1398 aliqui
1017 1319 1105 1382 moti
1118 1329 1200 1383 sunt
1215 1329 1272 1395 vt,
1289 1321 1359 1400 pri·

126 1423 223 1487 stina
242 1431 391 1503 peccata
417 1422 715 1503 derelinquentes,
744 1423 910 1504 deinceps
932 1423 1010 1488 Deo
1029 1426 1165 1490 seruire
1186 1444 1359 1508 propone-

124 1539 217 1607 rent,
234 1530 345 1610 ipsius
360 1529 641 1594 misericordiam
656 1529 880 1610 confitentes,
902 1533 1004 1595 cuius
1022 1534 1132 1598 verba
1152 1551 1224 1598 non
1244 1536 1358 1598 solum

126 1637 164 1700 in
178 1636 351 1714 ecclesiis,
367 1635 432 1700 sed
446 1635 553 1699 etiam
567 1637 604 1699 in
621 1636 689 1699 viis
704 1637 865 1717 publicis,
882 1655 927 1702 ex
942 1655 1003 1701 ore
1019 1637 1165 1703 Parrum
1181 1641 1356 1718 audirent,

128 1745 239 1807 veluti
260 1753 406 1824 repente
426 1760 447 1806 a
468 1760 592 1806 somno
617 1744 840 1823 negotiorum
866 1745 910 1807 ab
930 1745 981 1809 eis
1003 1746 1159 1810 excitati:
1183 1747 1243 1810 vbi
1264 1764 1355 1822 cum,

127 1851 219 1914 inter
231 1849 527 1930 concionandum,
541 1849 726 1933 aliquoties
738 1851 986 1916 exhortaretur
998 1869 1120 1917 omnes
1131 1865 1171 1916 vt
1182 1855 1357 1918 rosarium

130 1957 306 2022 Dominae
321 1966 465 2021 nostrae
480 1957 636 2038 quotidie
651 1957 855 2036 recitarent,
872 1959 1020 2022 etmulti
1035 1959 1070 2022 id
1085 1971 1355 2041 exequerentur,

124 2065 193 2127 fnit
208 2065 318 2128 horno
333 2063 477 2144 quidam
492 2066 658 2128 intereos
673 2064 744 2145 qui,
761 2075 886 2144 sponte
901 2065 1120 2146 discurrenS,
1136 2068 1172 2130 in
1194 2068 1356 2132 noctibus

128 2173 201 2234 alta
220 2188 311 2234 voce
331 2171 524 2248 clamabat,
542 2180 579 2233 vt
594 2187 716 2234 omnes
736 2172 863 2234 rosarii
883 2171 1007 2236 Matris
1029 2173 1097 2236 Dei
1116 2191 1290 2238 memores
1305 2192 1356 2238 es·

126 2287 221 2357 scnt;
244 2287 279 2340 et
300 2294 527 2358 congregans
552 2281 680 2341 multos
701 2279 813 2340 eidem
835 2280 1016 2344 deuotioni
1033 2280 1197 2358 affectOS,
1219 2280 1355 2345 confra-

125 2384 331 2448 ternitatem
346 2384 439 2465 apud
455 2385 642 2448 ecclesiam
656 2394 815 2449 nostram
829 2387 1012 2450 instituere
1032 2389 1227 2452 conabatur
1249 2399 1355 2470 atque

123 2492 279 2572 petebat.

186 2597 473 2679 Frequentantur
493 2599 600 2664 etiam
617 2601 722 2664 solita
744 2602 915 2666 exercitia
939 2605 974 2666 in
996 2603 1215 2667 infirmorum
1234 2604 1353 2667 visita·

122 2708 247 2785 tione,
273 2707 320 2769 ad
345 2723 494 2788 quorum
521 2709 800 2772 consolationem
825 2720 859 2773 et
887 2711 1146 2774 confessionem
1169 2727 1353 2774 vocamur:

122 2813 223 2878 domi
238 2823 357 2876 autem
370 2814 407 2876 in
423 2813 684 2877 confessionum
699 2816 879 2880 audientia
899 2827 934 2880 et
953 2827 1099 2880 sanctae
1117 2817 1354 2882 eucharistiae

122 2920 398 2984 ministratione.
416 2919 546 2983 Valida
562 2929 680 2985 autem
693 2924 787 2985 fame
802 2932 837 2985 et
853 2933 1011 3001 egestate
1026 2923 1082 2986 his
1101 2922 1224 2987 diebus
1245 2941 1354 3004 popu·

121 3027 200 3090 lum
214 3025 309 3089 hunc
325 3027 556 3106 opprimente,
571 3029 813 3092 necessarium
826 3029 892 3092 fuit
904 3031 1155 3109 temporalibus
1169 3031 1276 3094 etiam
1288 3031 1353 3094 ele·

119 3134 308 3214 emosynis
318 3133 527 3213 pusillorum
538 3133 754 3214 indigentiae
767 3135 964 3216 prouidere,
977 3154 1049 3200 non
1063 3139 1177 3200 solum
1188 3137 1353 3202 exhorta-

117 3241 280 3304 tionibus
294 3241 455 3320 publiciS,
472 3241 654 3305 sedetiam
669 3243 819 3322 priuatis
834 3244 1019 3324 colloquiis
1033 3242 1079 3306 ad
1098 3244 1354 3308 illustrissimos

118 3346 246 3411 Duces
260 3355 294 3410 et
309 3346 466 3412 Comites
481 3347 580 3425 istos,
597 3349 903 3428 quorumdeuotio
919 3361 953 3413 et
975 3349 1114 3414 affectio
1133 3368 1219 3430 erga
1238 3350 1353 3415 Socie-

118 3465 236 3518 tatem
250 3462 411 3516 nostram
425 3453 529 3516 facile
545 3454 751 3532 ostenditur,
766 3473 807 3518 eo
820 3456 913 3536 quod
925 3465 959 3519 ct
970 3458 1172 3534 frequenter
1186 3475 1207 3520 a
1223 3459 1354 3522 nostris

118 3560 286 3638 visitari,
314 3569 349 3623 et
373 3560 494 3624 verbis
519 3560 601 3641 Xpi.
629 3563 811 3626 exhortari
830 3564 1050 3628 familiariter
1073 3564 1296 3640 desiderant,
1319 3575 1353 3628 et

117 3668 355 3732 consolantur
370 3677 476 3747 atque
492 3668 665 3732 instanter
680 3671 871 3748 postulant,
888 3681 922 3734 et
937 3671 968 3734 si
982 3671 1018 3733 in
1033 3671 1258 3735 tribulatione
1270 3673 1351 3749 sint,

118 3773 167 3838 ad
184 3783 329 3837 nostros
345 3773 565 3852 confugiunt.
579 3774 682 3838 Vnde
698 3791 778 3838 cum
793 3777 829 3840 in
841 3777 1067 3857 primogeniti
1079 3778 1139 3841 filii
1151 3778 1297 3842 Comitis
1309 3780 1352 3842 de

118 3880 249 3944 Niebla
266 3878 286 3958 ¹,
303 3879 515 3943 breuissima
531 3881 744 3962 valetudine,
760 3894 867 3963 atque
882 3885 1107 3947 velocissima
1122 3894 1156 3947 et
1170 3885 1353 3966 inopinata

118 3998 250 4063 morte,
264 3987 523 4050 abundantiore
535 3989 677 4052 tristitia
689 3991 797 4055 veluti
806 3991 1089 4069 absorberentur,
1099 3993 1234 4056 nullum
1245 3994 1353 4056 alium

115 4111 230 4175 quam
245 4092 388 4157 Patrem
401 4094 576 4177 Joannern
591 4095 738 4160 Paulum
754 4096 962 4175 habueruut,
976 4099 1036 4177 qui
1047 4108 1121 4162 tam
1132 4099 1353 4163 familiariter

114 4219 182 4266 eos
196 4201 459 4280 consolaretur,
475 4210 550 4264 tam
568 4201 605 4264 in
629 4203 827 4267 assistendo
848 4205 916 4284 ipsi
935 4205 1108 4269 morituro
1128 4216 1164 4270 et
1183 4206 1259 4269 eius
1280 4207 1352 4270 ani-

113 4325 215 4372 mam
230 4304 310 4369 Deo
325 4306 619 4386 commendando,
637 4324 743 4388 quam
762 4311 798 4372 in
817 4311 980 4374 viuorum
1000 4313 1216 4376 moestitiam
1239 4313 1352 4376 suble·

112 4414 253 4480 nando:
268 4423 304 4477 et
320 4430 400 4477 cum
416 4414 452 4476 in
468 4415 640 4479 coenobio
655 4415 805 4480 fratrum
819 4417 1077 4482 dominicorum
1096 4420 1284 4484 defunctus
1300 4438 1352 4483 sc·

112 4521 303 4602 peliretur,
320 4533 355 4585 et
370 4521 549 4603 exequiae
564 4523 608 4586 ab
621 4523 788 4586 vniuerso
798 4526 928 4610 populo
941 4526 1214 4607 celebrarentur,
1228 4528 1351 4592 habuit

155 4765 167 4796 Ι
195 4761 312 4815 joannes
325 4759 418 4805 Claros
428 4761 459 4806 de
471 4761 594 4818 anrnan,
608 4763 674 4808 filius
687 4764 765 4809 Ducis
776 4764 807 4808 de
817 4763 917 4810 Medina
929 4763 1034 4810 Sidonia
1045 4774 1071 4811 et
1083 4767 1192 4813 Comitis
1202 4770 1233 4814 de
1245 4771 1345 4816 Niebla„

283 4843 325 4903 T.
342 4867 381 4908 rr.
1194 4871 1212 4926 7
