3410 5528
422 521 478 584 318
805 521 978 584 erraasu
996 537 1266 593 opsnatussrans

395 679 400 686 “
420 671 586 736 humeros
602 670 777 735 sublatum
792 672 829 735 in
843 671 1017 752 hospitale
1031 673 1210 752 publicum
1225 671 1360 752 detulit,
1376 674 1473 737 nullo
1488 671 1558 736 alio
1574 689 1636 736 mo·

419 779 535 842 nitore
550 785 778 858 prouocatus,
795 795 901 858 quam
916 795 971 860 ea,
987 795 1094 860 quam
1109 778 1184 860 ejus
1197 779 1313 844 animo
1325 779 1488 844 Christus
1502 779 1633 856 inseuit,

420 899 508 965 erga
522 884 724 964 proximum
743 885 928 950 charitate.
1442 950 1446 958 .

478 990 594 1056 Patris
608 1009 697 1056 vero
710 991 908 1074 Praepositi
925 992 932 1024 ¹
949 1010 1072 1059 curam
1084 1011 1170 1076 erga
1185 1011 1362 1076 pauperes
1375 1011 1448 1061 non
1459 993 1564 1060 facile
1575 993 1636 1058 iue-

417 1098 464 1161 rit
478 1099 668 1180 explicare:
685 1099 744 1180 qui
759 1101 855 1164 nullo
870 1117 1027 1182 vnquam
1037 1110 1196 1183 tempore
1216 1111 1334 1166 cessat
1357 1110 1587 1182 aegrotorum
1600 1119 1636 1164 ac

419 1206 630 1270 miserorum
645 1207 825 1271 hominum
839 1208 1044 1272 necessitati
1059 1209 1110 1273 sic
1131 1209 1308 1290 opitulari,
1332 1210 1452 1291 eisque
1472 1209 1519 1274 ad
1533 1217 1636 1274 extre·

418 1330 515 1377 mum
529 1331 641 1395 vsque
653 1314 747 1378 vitae
762 1315 926 1395 spiritum
950 1325 1024 1380 tam
1049 1315 1281 1396 indefatigato
1307 1326 1438 1382 conatu
1452 1318 1590 1398 adesse,
1604 1329 1636 1380 vt

419 1438 542 1486 omnes
567 1439 612 1485 ex
637 1438 750 1503 aequo
775 1421 881 1486 huius
905 1423 1062 1488 ciuitatis
1086 1423 1257 1503 primates
1281 1432 1316 1488 et
1335 1425 1516 1507 principes
1537 1427 1636 1503 viros,

418 1529 538 1592 nescio
562 1545 632 1609 qua
656 1528 799 1593 tandem
824 1529 983 1594 inaudita
1008 1531 1150 1610 virtute,
1172 1532 1275 1596 sicin
1300 1532 1356 1596 sui
1376 1532 1637 1596 admirationem

417 1636 578 1715 traxerit,
602 1645 640 1698 vt
664 1653 707 1700 ne
730 1636 870 1717 publice
894 1637 1036 1718 quidem
1060 1638 1111 1701 iili
1135 1637 1292 1718 profiteri
1318 1648 1524 1718 vereantur,
1545 1649 1637 1704 vetus

417 1743 502 1806 illud
517 1743 732 1823 apostolicae
747 1742 935 1808 charitatis
950 1746 1150 1826 exemplum
1164 1746 1201 1810 in
1215 1745 1347 1810 nostris
1366 1757 1531 1812 renatum
1553 1763 1635 1812 esse.

418 1849 484 1914 Per
499 1850 596 1913 illum
608 1848 772 1914 effectum
797 1860 940 1932 putatur
965 1861 1005 1916 vt
1028 1852 1175 1926 Prorex.
1199 1871 1272 1918 vna
1293 1871 1338 1918 ex
1359 1863 1461 1936 parte
1476 1854 1635 1932 ciuitatis,

416 1965 573 2022 rectores
587 1958 686 2022 vrbis
701 1976 746 2022 ex
761 1960 872 2023 altera
887 1969 999 2040 parte,
1017 1961 1159 2024 insolita
1174 1961 1328 2042 quadam
1342 1970 1378 2026 et
1393 1981 1480 2027 vere
1496 1963 1637 2044 regiain

417 2081 592 2145 pauperes
606 2073 640 2128 et
654 2067 865 2146 languentes
879 2067 935 2131 his
948 2067 1120 2148 proximis
1140 2069 1319 2134 mensibus
1335 2072 1636 2152 eleemosynarum

417 2173 530 2252 panis,
547 2172 633 2251 vini,
651 2173 752 2253 odae,
769 2181 803 2238 et
824 2175 880 2238 bis
900 2175 936 2239 in
960 2175 1183 2242 hebdomada
1205 2177 1364 2242 carnium
1383 2179 1575 2258 largitione
1588 2179 1638 2241 vsi

416 2279 497 2359 sint,
515 2296 606 2360 quae
617 2281 773 2360 quotidie
785 2282 819 2344 in
831 2282 925 2346 mille
936 2283 1149 2364 quingentos
1160 2286 1239 2366 plus
1254 2285 1370 2350 minus
1389 2285 1567 2365 homines,
1579 2303 1638 2350 nec

417 2403 499 2450 raro
514 2383 711 2468 Praepositi
724 2388 897 2469 manibus,
915 2397 1082 2469 erogatae
1098 2399 1190 2470 sunt;
1207 2408 1300 2456 nouo
1315 2392 1460 2475 insuper
1477 2403 1636 2460 extructo

417 2493 593 2575 hospitali,
611 2495 667 2558 cui
682 2495 788 2558 etiam
803 2497 917 2561 nostri
935 2497 1174 2578 praefuerunt,
1200 2515 1280 2563 cum
1294 2509 1399 2564 vetus
1417 2509 1542 2568 tantae
1559 2499 1638 2566 inul-

416 2601 575 2666 titudinis
601 2603 783 2682 (plurimos
807 2603 900 2668 enim
928 2604 1024 2669 misit
1048 2606 1211 2685 proxima
1240 2605 1421 2686 Calabria)
1450 2626 1525 2673 non
1551 2609 1637 2674 foret

417 2725 543 2790 capax.

476 2815 543 2881 Vir
558 2818 700 2898 quidam
721 2816 923 2898 Armenius,
940 2836 1053 2884 annos
1067 2830 1173 2885 natus
1192 2820 1334 2886 circiter
1347 2819 1388 2886 20
1400 2831 1436 2886 et
1453 2821 1510 2887 X!
1531 2823 1638 2904 bapti·

415 2940 492 2989 smo
506 2923 670 3003 donatus,
683 2941 763 2988 cum
774 2933 956 2990 turcarum
968 2943 1094 2991 manus
1105 2928 1288 3008 euasisset,
1306 2945 1349 2993 ac
1365 2928 1529 2996 Genuam
1544 2930 1637 2994 navi·

413 3033 473 3112 gio
488 3040 622 3113 petens,
639 3030 852 3112 Messanam,
870 3033 919 3096 ita
934 3032 1010 3097 Deo
1024 3035 1178 3115 uolente,
1196 3053 1217 3099 a
1237 3036 1354 3100 ventis
1373 3046 1466 3102 esset
1487 3038 1636 3115 delatus

415 3140 556 3220 rogauit
571 3139 638 3203 sibi
652 3139 768 3204 locum
785 3138 931 3219 ostendi,
950 3141 986 3204 in
1001 3158 1071 3221 quo
1086 3140 1163 3206 Deo
1177 3142 1343 3208 famulari
1358 3153 1491 3224 posset.
1508 3144 1544 3209 A
1560 3163 1638 3210 non·

414 3246 519 3312 nullis
533 3246 642 3328 igitur
656 3246 702 3310 ad
716 3263 783 3310 nos
798 3246 980 3328 deductus,
1006 3248 1056 3312 ita
1071 3249 1237 3330 primum,
1263 3260 1385 3315 nostro
1411 3251 1576 3318 instituto
1590 3261 1639 3314 est

415 3353 572 3434 allectus
589 3353 739 3426 utexire
754 3371 791 3418 se
803 3355 896 3418 nolle
911 3353 1072 3420 affirmet.
1093 3355 1229 3421 Damus
1243 3374 1389 3439 operam
1403 3369 1441 3424 ut
1456 3361 1639 3441 vulgarem

415 3461 573 3540 linguam
588 3460 760 3541 addiscat;
777 3462 872 3542 quod
886 3462 916 3526 si
929 3471 1149 3544 assequetur,
1165 3481 1237 3528 non
1252 3465 1380 3545 poterit
1394 3483 1467 3531 non
1482 3483 1563 3532 esse
1578 3466 1638 3531 vti·

413 3568 580 3648 lissimus;
598 3568 696 3632 nouit
711 3569 815 3646 enim,
833 3578 973 3649 praeter
993 3586 1107 3649 suam,
1128 3571 1236 3636 etiam
1258 3572 1440 3638 arabicam
1466 3574 1637 3654 linguam,

415 3685 450 3739 et
465 3675 646 3754 ingenium
660 3692 746 3756 prae
760 3693 798 3740 se
813 3675 882 3739 sert
897 3675 943 3740 ad
954 3675 1141 3740 discendas
1151 3676 1273 3742 literas
1285 3678 1546 3746 habilissimum
1559 3680 1581 3745 ¹.

475 3783 515 3846 In
529 3782 700 3847 coenobio
714 3781 823 3847 Italae
837 3780 860 3861 ⁸,
877 3782 971 3862 quod
986 3781 1028 3846 R.
1045 3781 1090 3847 D.
1106 3783 1301 3850 Antonium
1316 3785 1453 3866 aVega
1465 3787 1638 3853 Abbatem

421 3891 606 3970 cognoscit
631 3887 654 3970 ⁴,
680 3907 750 3953 non
775 3890 904 3954 minori
928 3890 1049 3955 labore
1070 3907 1178 3971 quam
1201 3891 1319 3957 fructu
1343 3893 1487 3973 quidam
1506 3906 1638 3960 nostro·

456 4131 463 4162 ¹
493 4131 572 4176 Haud
582 4131 657 4176 facile
669 4139 709 4176 est
719 4139 791 4177 certo
800 4133 938 4178 decernere
949 4143 1084 4187 quemnam
1095 4131 1145 4178 hae
1156 4145 1219 4179 voce
1228 4135 1382 4190 Praepositi
1388 4137 1509 4192 designet
1515 4139 1559 4184 bic
1567 4135 1639 4191 Aegi-

416 4205 481 4256 dius.
489 4202 668 4258 Rectoremne,
676 4215 721 4248 seu
730 4204 917 4259 Praepositum,
924 4205 1032 4260 Collegil
1043 4205 1222 4261 Messanensls,
1232 4218 1266 4252 sn
1273 4219 1337 4252 vero
1345 4208 1549 4256 Provincisleuu.
1555 4209 1600 4255 Ille
1608 4207 1637 4254 sd

414 4277 564 4330 Augustum
575 4277 651 4333 buius
661 4276 722 4320 anni
732 4289 845 4321 mensem
856 4278 905 4322 init
915 4276 943 4320 P.
954 4278 1067 4321 Annibal
1078 4279 1108 4322 de
1120 4277 1257 4323 Condreto.
1273 4277 1340 4324 Vide
1355 4280 1469 4325 Pouaacr
1489 4281 1638 4330 chronicon,

415 4357 433 4392 t.
446 4361 472 4400 v,
479 4360 540 4403 pag.
551 4348 598 4401 192,
609 4359 633 4392 u.
643 4348 691 4403 bb&
703 4349 745 4392 hlc
756 4361 819 4394 vcro
830 4349 859 4395 P.
870 4348 1043 4406 Hieronymus
1057 4349 1213 4395 Domeneclr.
1228 4351 1416 4396 Existimsmus
1431 4361 1523 4398 temen
1538 4355 1569 4398 de
1584 4353 1638 4396 Pro

415 4420 521 4464 vinclnll
532 4431 675 4465 sermonem
685 4432 749 4471 esse,
760 4421 791 4464 de
803 4431 852 4476 qno
863 4422 936 4476 plura
944 4421 999 4476 Jam
1009 4421 1104 4465 similis
1114 4422 1139 4466 in
1150 4423 1190 4466 bis
1201 4421 1314 4467 Litteris
1322 4429 1348 4468 et
1359 4423 1385 4468 ln
1396 4423 1504 4470 Polunci
1518 4425 1637 4470 caroasco

416 4493 565 4536 dictasunt.

454 4565 466 4596 ¹
493 4563 572 4617 llaec,
585 4575 601 4608 a
611 4565 719 4608 vocibus
735 4564 781 4607 Vir·
791 4566 902 4618 qualium
913 4565 1069 4616 Arrrrenius,
1083 4566 1109 4608 iu
1124 4567 1208 4610 altero
1225 4567 1390 4620 exemploru
1406 4575 1519 4622 quartae
1533 4569 1636 4624 paginae

414 4637 514 4681 calcem
524 4637 604 4680 tertia
614 4637 741 4690 quaedam
750 4647 846 4690 manus,
858 4637 930 4690 signo
941 4643 969 4681 nt
980 4637 1022 4680 bic
1032 4638 1207 4682 insererentur
1216 4639 1344 4692 apposito,
1353 4638 1468 4694 scripsit.

454 4709 465 4740 ὅ
493 4708 542 4752 Hic
554 4708 579 4750 in
589 4708 694 4751 secundi
703 4709 813 4762 exempli
825 4719 871 4752 ura
881 4709 985 4762 scripsit
999 4709 1123 4754 Poiancus
1135 4709 1214 4754 Itala.

454 4780 467 4814 ⁴
493 4778 561 4824 Vide
573 4779 686 4824 Potarrct
698 4779 852 4828 chronicon,
862 4787 881 4822 ι,
892 4790 928 4834 ln,
940 4779 1141 4835 pragmatius.
