3578 5534
358 587 405 650 7r
755 588 926 648 erraaaa
945 603 1219 654 uuaoanuusraus

363 739 431 800 hoc
443 735 692 817 quadrimestri
703 745 848 815 peracta
859 735 925 798 sub
934 745 1054 798 tantae
1066 734 1192 799 Matris
1203 737 1385 817 auspiciis:
1397 737 1595 800 cuiusmodi

360 853 446 908 sunt
471 845 728 923 eleemosynae,
755 844 1014 921 restitutioneS,
1040 859 1160 922 paces,
1187 844 1284 907 vitae
1309 843 1593 923 reformationes,

360 951 696 1015 concubinariorum
720 949 981 1028 separationeS,
1012 949 1234 1029 publicarum
1261 951 1487 1014 meretricum
1511 968 1592 1014 con·

366 1058 559 1134 uersiones,
577 1073 656 1120 cum
671 1056 847 1136 lachymis
871 1066 907 1119 et
921 1065 1018 1119 certa
1033 1071 1096 1134 spe
1118 1057 1275 1120 melioris
1297 1057 1403 1120 vitae.
1426 1057 1593 1122 Nonnulli

362 1166 472 1229 etiam
487 1181 525 1228 se
540 1173 634 1227 totos
646 1164 767 1227 diuino
782 1162 891 1225 cultui
911 1163 1169 1244 manciparunt.
1189 1163 1336 1227 Plurimi
1357 1163 1594 1228 damnationis

363 1283 497 1337 statum
511 1273 737 1353 periculaque
751 1269 988 1333 recidiuorum
1004 1279 1234 1351 peccatorum
1250 1272 1478 1352 reliquerunt.
1502 1271 1593 1336 Hae·

363 1379 466 1443 retici
481 1380 587 1443 etiam
602 1378 760 1441 nonnulli
772 1377 817 1441 ad
829 1386 1030 1440 nostrorum
1042 1377 1150 1457 pedes
1162 1395 1248 1440 suae
1259 1395 1414 1442 uesanae
1426 1377 1595 1459 perfidiae

364 1486 535 1550 malitiam
550 1485 755 1565 deposuere.
772 1483 970 1546 Daemonia
987 1500 1126 1563 quoque
1137 1501 1183 1546 ex
1195 1485 1421 1548 obsessorum
1437 1487 1594 1567 corpori·

363 1595 431 1658 bus
445 1593 642 1670 exiuerunt‚
664 1600 698 1654 et
717 1591 787 1652 alia
812 1590 1023 1668 huiusmodi,
1052 1607 1142 1670 quae
1157 1592 1350 1670 sigillatim,
1367 1601 1473 1672 prout
1490 1603 1593 1672 gesta

362 1709 457 1778 sunt,
475 1699 686 1774 describere,
703 1699 866 1778 quamuis
887 1715 1040 1778 magnae
1061 1699 1111 1762 sit
1127 1698 1383 1763 aedificationis
1408 1705 1442 1762 et
1465 1699 1595 1779 ingen-

362 1814 436 1870 tem
450 1805 564 1868 animi
571 1803 850 1868 consolationem
861 1805 923 1885 iis,
933 1805 998 1884 qui
1005 1805 1080 1868 Deo
1092 1806 1313 1884 inseruirrnt,
1324 1806 1466 1870 soleant
1476 1807 1595 1885 asser·

364 1931 420 1977 re:
434 1913 517 1993 quio
529 1917 648 1975 tamen
661 1911 782 1975 nimis*
802 1913 947 1991 longum
962 1918 996 1974 et
1008 1911 1256 1992 inportunum
1266 1923 1370 1992 esset,
1387 1913 1469 1976 huic
1479 1913 1599 1977 labori

368 2020 656 2100 supersedemus,
669 2035 748 2080 cum
758 2018 976 2097 praesertim
995 2019 1168 2098 epistolae
1182 2020 1327 2082 modum
1342 2020 1414 2082 iam
1425 2029 1516 2101 pena
1531 2039 1594 2084 ex·

363 2126 516 2190 cessisse
531 2124 877 2188 animaduertamur.

425 2231 587 2296 Reticere
607 2240 727 2295 tamen
741 2249 812 2295 non
831 2247 975 2311 possum
995 2232 1193 2311 gloriosum
1212 2231 1392 2313 quoddam
1411 2241 1595 2315 spectacu-

365 2341 438 2403 lum
454 2350 535 2402 ante
550 2338 644 2402 sores
659 2337 890 2401 sacratissimi
905 2340 1026 2402 sacelli
1041 2337 1052 2369 ¹
1077 2339 1180 2402 nobis
1205 2339 1302 2402 hisce
1322 2339 1445 2403 diebus
1459 2327 1595 2403 exhibiss

364 2457 452 2511 tum.
467 2446 594 2510 Mulier
609 2445 783 2526 quaedam
797 2444 857 2507 diu
869 2445 975 2508 aliam
986 2446 1177 2524 quamdam
1189 2447 1373 2508 mulierem
1384 2447 1466 2510 odio
1478 2445 1595 2511 suerat

366 2562 593 2635 prosequuta;
609 2561 643 2615 et
664 2568 747 2615 cum
765 2551 827 2615 vni
852 2569 897 2614 ex
922 2551 1053 2614 nostris
1078 2552 1315 2632 confiteretur,
1339 2563 1476 2616 tantum
1498 2571 1595 2617 com·

365 2769 466 2832 adire
481 2777 515 2830 et
530 2767 574 2830 ab
590 2767 648 2830 illa
664 2767 805 2830 veniam
830 2783 1023 2846 exposcere
1045 2783 1110 2846 pro
1130 2767 1277 2830 summis
1297 2767 1432 2831 deliciis
1454 2778 1595 2848 reputa-

365 2875 428 2938 vit.
445 2873 483 2938 In
507 2883 697 2954 conspectu
719 2874 828 2952 igitur
848 2871 910 2936 300
929 2885 989 2936 aut
1007 2871 1068 2935 400
1082 2874 1351 2953 peregrinorum
1368 2875 1516 2949 genibus
1531 2875 1595 2938 ini·

367 2982 480 3045 micae
504 2982 708 3060 prouoluta,
732 2997 812 3043 cum
839 2980 1032 3043 abundanti
1057 2981 1322 3060 lachrymarum
1344 2980 1512 3045 effusione
1537 2999 1595 3045 ve·

366 3089 464 3152 niam
489 3088 533 3150 de
560 3087 666 3151 illatis
685 3086 833 3166 iniuriis
854 3103 935 3149 cum
959 3086 1095 3166 ingenti
1118 3088 1311 3151 astantium
1334 3088 1593 3165 aedificatione,

365 3195 569 3276 postulauit,
587 3211 692 3274 quam
708 3205 742 3257 et
758 3195 907 3274 accepit.

424 3301 604 3366 Exercitia
619 3301 725 3364 etiam
739 3301 936 3380 spiritualia
951 3301 1071 3364 multis
1091 3300 1232 3365 luerunt
1256 3303 1322 3366 hoc
1343 3302 1596 3381 quadrimestri

365 3408 510 3483 tradita,
523 3409 559 3471 in
573 3407 700 3489 quibus
714 3408 872 3471 nonnulli
888 3417 1021 3470 certam
1036 3426 1122 3471 suae
1142 3411 1343 3472 vocationis
1355 3410 1595 3488 cognitionem

366 3523 591 3596 acceperunt,
608 3531 716 3594 seque
731 3513 901 3577 Societati
915 3517 971 3577 uel
987 3514 1057 3577 alio
1078 3516 1259 3595 religionis
1275 3517 1436 3579 instituto
1456 3514 1595 3580 dedide-

364 3631 462 3686 runt:
481 3623 541 3684 alii
556 3639 642 3685 vcro
657 3622 769 3684 vitam
784 3621 820 3684 in
836 3622 960 3684 melius
976 3622 1224 3688 reformarunt.

425 3728 514 3792 Cum
529 3727 709 3792 Marchiae
728 3730 877 3808 populos
902 3728 1013 3792 fames
1039 3742 1195 3808 vrgeret,
1220 3748 1334 3812 neque
1354 3731 1594 3794 Lauretanum

364 3835 534 3916 oppidum
549 3837 702 3899 immune
714 3834 939 3914 relinqueret,
956 3845 1161 3900 nostrorum
1181 3855 1290 3918 opera
1306 3838 1469 3902 effectum
1488 3847 1596 3901 estut

366 3960 488 4006 omnes
503 3943 605 4022 egeni
620 3942 914 4021 describerentur,
938 3943 1074 4023 illisque
1090 3961 1135 4008 ex
1151 3945 1300 4024 publicis
1323 3945 1427 4008 buius
1447 3943 1595 4008 sanctis-

366 4050 477 4113 simae
492 4049 618 4112 domus
632 4047 828 4129 sumptibus
843 4049 1100 4129 prouideretur;
1116 4051 1320 4115 aduenienti
1340 4052 1447 4116 etiam
1466 4069 1596 4134 paupe·

366 4172 446 4219 rum
460 4155 682 4233 multitudini,
699 4154 753 4218 bis
767 4155 803 4218 in
819 4153 874 4218 die
889 4164 943 4219 est
957 4155 1136 4219 liberalius
1149 4157 1382 4223 satisfactum.

425 4261 513 4326 Illud
528 4263 670 4326 tandem
681 4263 804 4326 vltimo
816 4264 895 4327 loco
909 4260 1048 4341 addam,
1063 4266 1155 4344 quod
1168 4265 1318 4329 reticere
1331 4267 1493 4346 prohibet
1504 4271 1597 4334 ratio

364 4376 399 4433 et
425 4369 587 4448 Virginis
598 4369 828 4432 Lauretanae
841 4367 853 4400 ³
867 4371 1046 4450 voluntaS,
1065 4370 1109 4433 ad
1126 4388 1233 4452 quam
1248 4372 1339 4436 haec
1355 4385 1492 4454 spectat
1507 4377 1596 4440 laus

371 4557 582 4566 .—.-——-

408 4682 416 4716 ¹
445 4681 783 4727 nlmlslamen.Por.srrcus.

406 4754 418 4785 ¹
445 4753 527 4796 huius
537 4753 633 4808 terrrpii
642 4753 742 4798 addidit
751 4755 887 4799 Polsncus.

404 4827 417 4859 ⁸
445 4832 471 4869 et
486 4825 664 4870 beatissimae
674 4824 799 4880 Virginis.
811 4824 851 4870 Io.
