3410 5528
769 521 940 582 errnnan
959 535 1229 591 onanarunsrnns

436 1013 651 1059 Praecedentlnm
662 1015 694 1058 ΑΙ
698 1014 789 1070 phonsl
799 1013 951 1059 Hernandez
961 1013 1109 1058 litterarum
1121 1015 1238 1059 italicum
1248 1013 1391 1068 exemplum
1400 1023 1416 1056 a
1426 1011 1554 1056 Bernardo

834 1085 953 1130 d’ottono
964 1087 1137 1140 subscriptum
1150 1084 1168 1129 ¹.

988 1329 1010 1400 †

446 1639 523 1704 R.d⁰
543 1641 579 1705 in
593 1640 656 1704 X.⁰
671 1641 797 1711 Padre.

442 1748 494 1810 La
509 1749 627 1828 gratia
643 1760 677 1811 et
692 1765 780 1829 pace
797 1759 863 1814 etc.

443 1853 580 1918 Passati
594 1856 654 1934 gia
669 1857 693 1918 li
708 1865 848 1936 quattro
865 1857 964 1935 mesi,
981 1857 1088 1918 molto
1105 1854 1180 1918 R.‘¹⁰
1197 1853 1321 1934 Padre,
1338 1854 1383 1917 ho
1396 1863 1542 1934 pensato
1556 1870 1600 1916 es·

382 1979 460 2026 sere
475 1979 559 2025 cosa
575 1964 805 2042 ragioneuole
820 1963 1045 2026 breucmente
1060 1964 1172 2042 quelle
1189 1979 1271 2025 cose
1286 1961 1352 2025 che
1366 1962 1427 2041 qui
1447 1977 1511 2041 per
1529 1977 1601 2041 gra·

382 2069 430 2133 tia
447 2069 482 2133 di
497 2069 564 2133 Dio
580 2071 616 2132 in
632 2071 745 2151 questi
765 2078 906 2150 quattro
929 2070 1017 2163 mesi
1039 2070 1122 2133 dalli
1137 2069 1250 2132 nostri
1271 2069 1301 2131 si
1324 2085 1411 2132 sono
1432 2068 1530 2146 fatte,
1553 2085 1600 2130 ra·

382 2177 624 2240 contareaV.
646 2175 683 2240 P.
805 2166 812 2180 '

441 2283 485 2347 Et
500 2283 613 2364 prima
628 2285 751 2365 sappia
767 2285 812 2346 V.
829 2285 866 2348 P.
884 2284 949 2348 che
964 2285 1045 2347 tutti
1060 2283 1165 2365 quelli
1180 2282 1245 2346 che
1260 2283 1318 2364 qui
1333 2299 1438 2362 sono,
1454 2282 1601 2362 ogniuno

382 2391 578 2454 uirilmente
592 2390 650 2454 dal
664 2401 769 2455 canto
785 2410 849 2455 suo
872 2392 902 2454 si
925 2390 1101 2470 sforzano,
1126 2391 1226 2453 accio
1248 2392 1270 2452 l'
1297 2388 1413 2453 officio
1435 2389 1502 2452 che
1522 2388 1602 2468 glie

381 2499 532 2578 imposto
547 2499 898 2562 conuenientemente
914 2497 1087 2561 lucciano.
1104 2498 1146 2561 Li
1165 2495 1267 2560 Padri
1282 2497 1318 2560 in
1333 2495 1456 2560 audire
1472 2494 1602 2559 confes·

380 2605 482 2684 sioni,
499 2605 535 2668 in
550 2605 798 2670 administrare
813 2606 837 2668 li
852 2606 1047 2670 santissimi
1062 2604 1287 2682 sacramenti,
1303 2613 1337 2666 et
1352 2603 1388 2666 in
1403 2603 1486 2666 altri
1500 2619 1602 2665 esser·

380 2713 441 2776 citi
455 2713 629 2792 spirituali
644 2729 731 2776 sono
754 2713 929 2794 occupati,
953 2713 1035 2776 nelli
1058 2712 1153 2793 quali
1174 2711 1279 2792 quelli
1302 2709 1442 2789 soglion
1465 2709 1602 2773 esserci-

381 2821 467 2883 tarsi
488 2821 553 2883 che
575 2838 595 2882 a
617 2821 666 2883 tal
685 2821 822 2899 dignita
843 2837 930 2883 sono
953 2821 1117 2900 promoti:
1139 2837 1196 2882 ma
1216 2819 1241 2881 li
1257 2817 1386 2881 fratelli
1412 2815 1494 2880 dall’
1520 2817 1604 2879 altra

379 2937 481 3007 parte
496 2945 562 2990 con
578 2937 667 2991 tutte
682 2930 713 2990 11
731 2927 825 2991 lorze
841 2930 869 2989 s'
888 2926 1080 2990 alsaticano
1095 2927 1132 2989 in
1151 2926 1343 2989 obseruare
1366 2926 1397 2986 11
1420 2926 1551 3004 regole,
1572 2929 1603 2986 11

380 3035 417 3098 in
432 3036 599 3114 aggiutar
614 3034 638 3097 li
654 3035 817 3098 scholari.

439 3142 484 3206 Et
499 3143 598 3205 accio
613 3142 704 3206 dalle
720 3159 803 3206 cose
818 3143 996 3206 communi
1013 3143 1047 3204 la
1070 3149 1193 3204 nostra
1208 3139 1359 3220 epistola
1372 3139 1525 3204 discorri
1539 3137 1604 3201 nlla

379 3248 621 3312 dechiarntion
650 3249 692 3312 de
722 3249 890 3313 ciascuna
919 3251 954 3312 in
984 3249 1209 3330 particolare,
1242 3252 1350 3329 sapra
1379 3245 1424 3310 V.
1456 3247 1495 3312 P.
1531 3245 1604 3310 chel

379 3354 418 3419 P.
435 3355 479 3418 D.
495 3355 635 3434 Loarte,
652 3355 797 3422 Rettore
813 3357 868 3419 del
885 3355 1042 3435 Collegio
1062 3363 1196 3434 nostro,
1212 3354 1235 3418 il
1250 3355 1354 3435 quale
1369 3372 1431 3417 era
1446 3355 1549 3418 solito
1572 3352 1604 3416 di

380 3459 587 3526 dechiarare
610 3464 630 3526 l'
654 3463 850 3544 Euangelio
873 3462 907 3526 di
929 3461 964 3526 S.
987 3462 1119 3526 Matteo
1136 3461 1218 3525 nelli
1232 3461 1349 3540 giorni
1369 3460 1405 3523 di
1422 3461 1604 3526 domenico

380 3577 415 3632 et
436 3569 472 3632 di
490 3569 578 3633 festa
606 3571 698 3632 nella
721 3571 842 3634 chiesa
868 3568 1067 3642 Catedrale,
1090 3568 1215 3632 adesso
1241 3570 1345 3648 legge
1370 3568 1406 3630 in
1431 3570 1490 3631 un‘
1518 3570 1605 3631 altra

379 3675 511 3755 chiesa,
527 3677 619 3740 nella
636 3677 738 3756 quale
761 3675 924 3756 maggior
947 3676 1055 3739 srutto
1078 3675 1158 3738 dell'
1183 3669 1348 3738 anime'si
1368 3676 1526 3755 racoglie
1542 3691 1605 3736 con

378 3783 515 3862 grande
534 3785 659 3862 utilita,
677 3783 881 3864 frequentia
889 3795 923 3847 et
938 3783 1172 3848 satissattione
1188 3782 1283 3860 degli
1302 3782 1466 3847 auditori.

439 3890 466 3954 Il
481 3891 673 3956 medesimo
693 3891 808 3956 Padre
827 3893 912 3972 ogni
934 3890 1080 3954 venerdi
1100 3891 1268 3955 dechiara
1287 3891 1321 3954 la
1341 3890 1497 3954 dottrina
1517 3890 1606 3953 chri·

380 3997 495 4061 stinna
511 3998 569 4060 alli
584 4000 695 4063 nostri
711 3999 878 4078 scholari,
896 4000 965 4062 alla
982 3999 1084 4079 quale
1096 3998 1240 4062 lettione
1252 3997 1345 4061 ultra
1356 3998 1439 4061 delli
1454 3986 1606 4062 scholari

379 4105 415 4167 ui
430 4105 567 4186 soglion
589 4106 710 4169 uenire
730 4107 822 4184 altri,
847 4106 870 4170 li
892 4106 986 4187 quali
1006 4105 1155 4168 allettati
1175 4116 1209 4169 11
1229 4105 1326 4168 tratti
1347 4104 1378 4168 si
1401 4106 1493 4169 dalla
1514 4103 1605 4184 cupi·

379 4210 453 4274 dita
468 4211 503 4274 di
517 4213 617 4276 udire
632 4215 665 4276 la
680 4213 835 4276 dottrina
852 4223 965 4292 santa,
987 4215 1016 4276 si
1040 4213 1147 4275 etiam
1167 4212 1224 4275 dal
1245 4213 1420 4276 desiderio
1440 4213 1475 4276 di
1494 4211 1605 4275 ascol·

379 4329 456 4382 tare
475 4321 496 4381 l'
520 4319 671 4385 orationi
691 4321 758 4384 che
777 4322 875 4400 quiui
894 4321 922 4383 si
942 4321 1100 4382 recitano
1123 4320 1206 4383 dalli
1227 4321 1338 4383 nostri
1359 4320 1450 4398 putti
1469 4318 1607 4399 soglion

379 4443 498 4490 essere
513 4429 612 4492 molti
631 4429 698 4492 alle
718 4429 824 4491 uolte:
846 4429 979 4507 impero
1000 4427 1065 4490 che
1084 4427 1184 4491 linita
1204 4429 1239 4490 la
1259 4427 1403 4490 lettione
1424 4426 1515 4490 della
1535 4426 1606 4490 dot·

379 4532 485 4612 trina,
506 4551 578 4597 vno
602 4534 683 4597 delli
704 4535 796 4616 putti
821 4535 881 4614 pilr
902 4535 1055 4615 prouetti
1081 4532 1138 4597 del
1163 4542 1286 4598 nostro
1312 4532 1469 4615 Collegio
1496 4533 1606 4598 recita

422 4775 429 4809 ⁸
458 4776 646 4834 Autographae
657 4777 751 4837 duplici
763 4777 831 4832 lolio,
840 4788 881 4822 nn.
895 4775 967 4822 11211
981 4775 1028 4822 133.
