3368 5528
644 551 708 613 Aa.
730 549 800 612 1556
1277 547 1332 610 539

114 697 178 761 tiae
196 698 461 780 penetralibus,
482 697 668 778 synaxeos
697 700 905 780 mysterium
924 698 1158 778 frequentent,
1180 713 1330 777 quorum

115 822 272 868 numerus
287 806 429 869 vberius
444 805 613 886 paulatim
629 805 759 886 accipit
774 805 1038 882 incrementum.
1056 803 1169 868 Feriis
1185 802 1332 867 Assum·

115 911 234 989 ptionis
251 911 384 976 Mariae
399 911 561 991 Virginis
574 929 682 992 supra
698 912 953 994 quinquaginta
969 917 1094 974 nostra
1107 909 1306 974 mi'ni'sieri'o
1321 913 1329 945 ¹

114 1021 292 1082 coelestem
318 1019 415 1083 illum
442 1037 570 1100 panem
589 1027 815 1098 exceperunt.
841 1018 910 1082 Res
930 1019 987 1082 liic
1009 1028 1085 1081 erat
1105 1016 1264 1080 inaudita
1288 1031 1330 1078 ac

115 1126 209 1201 plane
224 1126 379 1188 insolens
391 1135 696 1189 sacramentorum
710 1126 955 1208 frequentatio,
972 1143 1062 1205 quae
1080 1124 1262 1204 utriusque
1278 1141 1331 1185 se·

116 1249 176 1294 xus
203 1232 371 1314 cuiusque
400 1232 533 1295 ordinis
562 1233 761 1296 hominibus
789 1233 904 1312 magis
933 1233 1115 1312 magisque
1145 1229 1332 1294 familiaris

116 1339 237 1402 euadit.
307 1371 315 1390 ·

166 1445 220 1510 Ab
239 1449 518 1526 aegrotantibus,
544 1447 798 1510 consolationis
824 1445 1036 1510 adterendae
1062 1463 1104 1508 ac
1128 1448 1331 1525 plerumque

113 1553 334 1618 consessionis
362 1553 557 1618 audiendae
586 1555 725 1632 gratia,
755 1553 836 1616 hinc
866 1553 946 1615 inde
972 1553 1209 1626 accersimur,
1237 1551 1330 1614 haud

113 1659 235 1740 absque
267 1671 440 1741 prouentu
471 1663 619 1741 spiritali
649 1661 851 1740 neutiquam
882 1659 1102 1740 poenitenda.
1133 1659 1331 1722 Restitutio·

112 1783 169 1828 nes
185 1767 276 1830 haud
291 1769 381 1831 levis
396 1768 560 1848 ponderis
576 1768 706 1844 passim
722 1767 807 1830 liunt
823 1767 867 1830 ab
884 1767 948 1844 liis,
965 1768 1025 1846 qui
1040 1767 1141 1829 nobis
1164 1765 1329 1829 confiten-

114 1883 174 1950 tur,
190 1873 329 1938 Chtisto
346 1873 497 1938 Domino
513 1884 668 1938 auctore.

167 1980 282 2044 Feriis
295 1981 509 2046 Natiuitatis
518 1981 707 2044 Marianae
718 1979 815 2044 liaud
823 1980 986 2059 exiguus
994 1979 1330 2066 communicantium

113 2093 225 2149 coetus
248 2087 419 2150 sacellum
449 2094 615 2150 nostrum
639 2088 676 2164 (a
701 2086 881 2150 canonicis
907 2092 1031 2149 nostro
1058 2085 1220 2150 reli'ctum
1247 2087 1334 2148 usui

111 2191 289 2272 intelligo)
304 2195 498 2258 decorauit.

166 2301 340 2380 Quantum
362 2303 407 2366 ad
430 2302 613 2382 Euangelii
635 2301 867 2366 ministerium
889 2302 1024 2376 attinet,
1047 2299 1185 2364 Biliomi
1208 2300 1331 2364 diebus

112 2406 287 2472 dominicis
301 2426 343 2472 ac
363 2409 459 2472 feriis
480 2409 749 2472 solemnioribus
771 2417 830 2470 aut
854 2405 1005 2472 Domino
1029 2403 1246 2486 Hieronymo
1270 2417 1330 2470 aut

111 2513 188 2577 mihi
216 2517 443 2605 ecclesiastae
472 2533 599 2580 munus
628 2515 824 2579 iniunctum
848 2515 892 2578 ab
918 2515 1088 2578 alterutro
1112 2523 1327 2594 praestatur.

113 2615 275 2684 Dominus
299 2621 539 2703 Hieronymus
564 2620 803 2697 Claromonte,
831 2621 925 2700 apud
947 2619 1281 2684 Montemlerranum
1306 2619 1328 2694 ¹,

113 2727 199 2805 apud
214 2729 382 2792 Sanctum
398 2727 578 2808 Cyricium
594 2726 616 2804 ⁸,
641 2737 674 2790 et
697 2727 778 2790 alibi
799 2727 1041 2804 concionatus,
1065 2727 1159 2791 haud
1181 2728 1329 2805 vulgare
1372 2735 1374 2740 ’

111 2834 158 2896 sui
186 2835 323 2915 reliquit
349 2834 572 2899 desiderium.
599 2835 693 2897 Nam
718 2835 816 2914 apud
840 2834 1210 2913 Montemserranum,
1228 2834 1329 2911 festo

113 2939 352 3006 Eucharistiae
377 2942 541 3005 concinne
565 2941 696 3017 habita,
719 2941 757 3004 in
775 2941 986 3022 proximam
1011 2943 1329 3021 quadragesimam

111 3046 386 3112 desiderabatur.
405 3049 487 3128 Ego
503 3065 589 3112 vero
604 3047 616 3079 ⁴
632 3050 667 3112 in
677 3050 775 3126 vrbe,
789 3049 844 3112 cui
858 3049 1089 3129 Aquasparsa
1102 3046 1113 3078 ³
1125 3065 1252 3112 nomen
1265 3058 1328 3124 est,

114 3153 143 3216 in
158 3155 299 3218 ciuitate
315 3158 593 3234 claromontano,
611 3157 644 3218 in
661 3155 790 3236 oppido
806 3155 1024 3220 Cornonensi
1039 3153 1062 3229 ⁰,
1077 3155 1170 3236 apud
1183 3155 1329 3218 Amber-

111 3259 205 3338 tinos,
219 3263 257 3324 in
273 3261 494 3325 Monasterio
511 3261 683 3324 Sieliensi'
694 3267 728 3324 et
741 3261 779 3324 in
794 3261 930 3341 aliquot
942 3261 1056 3342 pagis
1072 3262 1081 3290 ⁷
1097 3263 1327 3326 concionibus

111 3363 237 3446 habitis,
264 3387 411 3434 suauem
442 3367 579 3434 Christi
600 3370 716 3448 sparsi
741 3370 899 3444 odorem,
924 3369 976 3433 ita
1008 3375 1048 3431 ut
1072 3387 1094 3431 a
1124 3369 1327 3448 Claromqn·

111 3475 270 3554 rensibus,
284 3477 328 3538 ali
343 3475 575 3550 Ambertiuis,
586 3476 629 3538 ab
644 3476 942 3555 Aquasparsanis
958 3475 969 3504 ⁸
983 3475 1019 3538 in
1032 3477 1231 3555 proximam
1244 3495 1325 3558 qua·

110 3578 339 3660 dragesimam
354 3581 585 3662 efflagitabat.
604 3581 712 3662 Atqui
725 3582 793 3645 iam
807 3594 888 3645 ante
901 3599 1031 3646 annum
1043 3601 1064 3644 a
1076 3582 1162 3646 Ram
1174 3583 1331 3651 Domino·

112 3683 266 3754 Praesule
296 3689 573 3753 Claromontano
598 3688 620 3766 ⁵⁴,
648 3689 784 3752 ciuibus
810 3688 1107 3752 lssiodorensibus
1133 3690 1219 3753 fides
1244 3691 1324 3754 data

111 3791 242 3876 infringi
259 3797 389 3877 nequit.
407 3796 510 3860 Certe
526 3796 672 3860 verbum
695 3793 760 3858 Dei
783 3813 934 3858 vacuum
956 3794 1000 3858 ad
1023 3813 1086 3858 nos
1109 3797 1250 3860 minime
1274 3814 1324 3860 re-

112 3902 259 3980 uertitur,
286 3903 370 3983 quin
396 3903 647 3984 penetrabilius
669 3901 762 3964 omni
785 3901 904 3979 gladio
926 3900 1081 3980 ancipiti,
1107 3903 1228 3966 intima
1252 3921 1327 3968 cor·

114 4087 297 4100 Q*—

147 4207 154 4236 ¹
183 4207 320 4262 apaturos.
332 4205 474 4250 Poenicus.

148 4275 159 4307 i
182 4277 365 4323 Montlerrand.

144 4347 154 4378 ³
180 4347 369 4408 Salat-CyrIce?
380 4351 476 4398 Verum
487 4354 584 4398 nullum
595 4353 670 4408 butue
678 4352 787 4396 numinis
795 4351 915 4405 oppidum
924 4351 950 4394 in
961 4349 1062 4395 Biliomi
1072 4351 1167 4396 ricinia
1176 4353 1278 4408 reperis
1288 4363 1327 4396 us.

145 4420 155 4450 ⁸
182 4421 234 4466 Per
244 4434 286 4466 me
297 4425 388 4468 etiam.
402 4424 543 4470 Patiscus.

145 4489 155 4520 ὓ
181 4493 348 4550 Algueperse,
363 4494 419 4551 Pity
429 4496 566 4542 tie-Dona.

143 4559 153 4588 ⁶
180 4563 324 4610 Lavciirne?

144 4632 153 4662 ⁷
180 4639 205 4679 et
215 4638 279 4682 allis
287 4641 316 4682 ta
327 4638 399 4684 lacis.
409 4638 549 4685 Patiscus.

143 4703 154 4731 ⁸
179 4719 282 4754 suavem
294 4709 415 4756 carisius
426 4714 532 4756 odorem
544 4715 649 4770 sparilt,
663 4713 1107 4772 aatietiaemsmonmiius.1n.

144 4773 155 4803 ⁹
180 4779 440 4852 Gulllelniodui’tat.
