3472 5528
637 527 701 593 Αιι.
723 527 792 593 1556

103 695 235 761 semper
256 677 444 743 immersus
463 697 506 744 ac
526 697 591 744 suo
611 689 758 760 pectore
776 681 956 761 laborans,
981 680 1118 760 aliquas
1137 678 1260 742 habuit
1280 677 1325 740 ad

102 788 263 868 populum
277 787 467 851 conciones
480 787 517 850 in
530 786 677 851 ecclesia
699 787 831 852 maiori
843 785 1016 868 aliis[que]
1038 786 1228 868 paroehiiS,
1245 801 1326 848 cum

104 895 253 958 omnium
269 892 512 958 satisfactione
527 905 633 976 atque
645 895 860 976 acceptione.
876 894 956 969 Deo
969 895 1036 975 ipsi
1050 894 1165 974 gloria
1179 893 1326 967 insecu·

105 1003 135 1065 la
148 1003 359 1067 seculorum.

158 1107 227 1174 Sed
250 1119 291 1173 vt
316 1110 359 1174 de
380 1109 662 1190 ingredientibus
684 1109 897 1175 Societatem
919 1120 953 1173 te
975 1111 1159 1174 certiorem
1184 1107 1325 1186 faciam,

104 1233 169 1280 non
183 1216 290 1298 pauci
305 1216 419 1280 bonae
433 1216 562 1281 indolis
576 1217 722 1282 iuuenes
741 1217 785 1280 ad
801 1218 893 1281 illius
913 1218 1112 1296 ingressum
1134 1217 1218 1280 moti
1232 1223 1326 1279 sunt:

104 1324 281 1406 hucusque
296 1332 415 1388 tamen
429 1333 570 1404 praeter
586 1324 674 1388 duos
683 1325 844 1404 fratres,
856 1325 917 1405 qui
934 1325 1134 1388 Cordubam
1153 1324 1326 1399 adierunt,
1413 1309 1416 1316 ’

104 1430 243 1512 quidam
264 1429 409 1496 Domini
426 1431 719 1512 Archiepiscopi¹
744 1431 989 1510 consobrinus
1013 1432 1073 1513 qui
1088 1431 1202 1510 Regii
1222 1429 1328 1494 Colle·

104 1538 158 1617 gti'
178 1537 374 1632 {Rectoris
395 1555 522 1602 munus
546 1539 702 1602 subierat
726 1548 761 1602 et
786 1555 929 1604 cursum
955 1539 1083 1603 artium
1109 1555 1151 1602 ac
1176 1538 1326 1618 philoso-

105 1646 216 1726 phiae,
233 1661 389 1725 qnorum
404 1644 583 1725 magister
598 1650 677 1709 erat
696 1647 930 1725 constitutus
945 1663 1026 1709 cum
1040 1661 1171 1724 magna
1192 1644 1330 1708 satisfa-

105 1753 215 1820 ctione
231 1771 274 1816 ac
289 1752 491 1816 auditorum
506 1752 752 1818 aedificatione
766 1752 923 1834 legerat,
945 1753 1125 1817 auditores
1140 1753 1329 1816 Baccalau·

105 1860 153 1923 rei
179 1859 295 1940 gradu
324 1847 537 1924 constitutos
571 1861 793 1941 relinquens,
822 1870 981 1926 nostram
1006 1859 1219 1924 Societatem
1251 1875 1331 1922 cum

105 1967 257 2047 quodam
282 1966 453 2047 discipulo
479 1967 663 2047 ingressus
688 1978 752 2055 est,
779 1969 909 2036 ductus
930 1968 1040 2049 ipsius
1062 1967 1332 2048 Archiepiscopi

105 2074 263 2153 consilio,
284 2073 444 2154 quicum
466 2073 512 2136 ad
532 2090 698 2154 magnam
718 2053 921 2138 intendebat
939 2073 1102 2154 dirigere
1123 2073 1331 2152 dignitatem

105 2189 246 2262 propter
266 2181 344 2244 eius
368 2180 602 2245 eruditionem
621 2198 664 2244 ac
685 2181 851 2244 eximiam
872 2182 1038 2245 virtutem
1057 2179 1080 2244 ³:
1102 2180 1138 2243 hi
1158 2181 1265 2244 etiam
1286 2178 1332 2242 ad

105 2288 322 2368 probationis
341 2287 485 2352 domum
511 2285 524 2318 ⁴
547 2287 645 2352 missi
668 2298 760 2368 sunt,
785 2289 845 2352 ubi
867 2291 918 2364 (vt
939 2289 1077 2367 dicunt)
1099 2303 1179 2352 cum
1199 2303 1332 2366 magna

103 2400 189 2458 sunt
217 2394 483 2472 consolatione,
518 2394 723 2459 beneficium
753 2396 820 2459 sibi
850 2413 870 2459 a
898 2395 976 2459 Deo
1006 2396 1174 2459 collatum
1202 2409 1332 2473 cogno·

109 2509 257 2565 scentes.

164 2607 235 2673 Sed
254 2609 301 2672 ad
315 2607 458 2674 Patrem
478 2617 638 2672 nostrum
657 2607 916 2673 Provincialem
941 2609 1073 2672 iterum
1096 2609 1255 2687 rediens,
1278 2627 1330 2687 ea,

109 2733 176 2796 qua
202 2717 303 2792 solet,
331 2715 506 2779 charitate
531 2733 574 2778 ac
598 2716 727 2794 studio,
754 2716 866 2779 noluit
892 2717 973 2779 hinc
998 2715 1192 2794 discedere,
1220 2715 1332 2778 donec

106 2824 210 2889 aliam
226 2824 369 2888 domum
385 2823 487 2886 nobis
499 2822 729 2887 habitandam
741 2823 966 2904 relinqueret,
980 2823 1212 2904 dianamque,
1226 2838 1333 2902 quam

105 2931 365 3009 habitabamus
392 2946 462 2993 non
487 2937 562 2993 erat
589 2939 673 3010 apta
700 2928 745 2992 ad
770 2930 977 3008 religionem
1002 2929 1222 3009 regulasque
1246 2929 1333 2992 adeo

105 3049 230 3102 exacte
245 3037 444 3101 seruandas
457 3041 498 3100 vt
512 3046 674 3101 nostrum
689 3037 789 3100 decet
806 3037 1013 3116 institutum,
1031 3043 1064 3100 et
1079 3042 1119 3099 ut
1133 3036 1210 3116 epse
1224 3053 1293 3098 sna
1312 3054 1333 3098 a

105 3143 178 3208 Deo
194 3145 311 3208 airdr‘ta
328 3144 465 3207 uirtute
479 3143 566 3208 totis
581 3143 721 3207 ur'rr'bus
734 3142 900 3207 intendit.
919 3144 1035 3220 Vnde,
1056 3145 1138 3224 quia
1159 3145 1253 3206 nulla
1275 3143 1333 3206 do·

105 3269 182 3315 mus
205 3250 406 3316 huiusmodi
427 3251 476 3313 ad
493 3251 679 3314 enrendum
694 3251 950 3329 inueniebatur,
968 3251 1237 3332 Archiepiscopi
1252 3269 1331 3316 con·

104 3358 181 3423 silio
197 3359 374 3440 quaedam
390 3358 566 3421 conducta
583 3368 646 3436 est,
666 3359 763 3422 iuxta
780 3376 886 3439 quam
902 3357 1076 3440 quaedam
1097 3376 1181 3422 area
1201 3361 1333 3438 optimo

104 3467 171 3530 situ
188 3465 307 3528 locata
322 3465 468 3528 inuenta
483 3472 549 3543 est,
561 3465 598 3528 in
610 3483 681 3546 qua
695 3465 884 3545 collegium
896 3475 931 3528 et
942 3467 1093 3530 ecclesia
1105 3483 1185 3528 cum
1198 3466 1276 3528 aliis
1289 3465 1335 3528 ad

104 3574 314 3654 religionem
328 3571 586 3653 pertinentibus
607 3572 827 3636 commodius
846 3572 941 3637 liant.
964 3572 1021 3636 Ad
1039 3573 1134 3654 quod
1156 3573 1250 3636 D.¹¹¹¹s
1272 3572 1337 3634 Ar·

104 3680 365 3761 chlepiscopuS,
381 3687 525 3759 praeter
540 3678 633 3742 mille
649 3696 777 3742 aureos
789 3697 963 3760 nummos,
982 3696 1071 3760 quos
1091 3690 1213 3743 nostro
1234 3680 1336 3742 colle·

104 3787 163 3864 gio
178 3787 392 3864 donauerat,
409 3787 478 3850 alia
494 3785 564 3849 duo
579 3786 686 3850 millia
708 3803 801 3849 nunc
821 3787 937 3850 denuo
958 3787 1116 3865 donanis
1138 3803 1208 3849 non
1223 3802 1336 3867 paruo

103 3911 258 3976 namque
272 3893 449 3959 desiderio
465 3893 643 3957 desiderat
659 3895 828 3974 plurimos
850 3894 1040 3958 societatis
1055 3895 1190 3957 Patres
1213 3893 1249 3956 in
1272 3910 1336 3956 sua

104 4002 259 4066 dioecesi
274 4002 413 4066 uidere:
429 4001 522 4080 quod
545 4000 686 4081 quidem
705 4000 935 4082 desiderium,
957 4013 991 4065 et
1012 4003 1228 4081 singularem
1250 4016 1337 4080 erga

103 4105 319 4184 Societatem
333 4125 503 4186 amorem,
519 4118 554 4171 et
570 4125 677 4188 opere
692 4119 727 4172 et
743 4109 861 4173 uerbis
877 4119 997 4189 aperte
1014 4107 1185 4188 ostendit3
1201 4109 1336 4172 habens

103 4219 197 4281 enim
213 4195 327 4298 prima
351 4215 647 4297 quadragesimae
665 4213 842 4280 dominica
864 4216 910 4280 ad
930 4218 1098 4298 populum
1119 4216 1337 4294 concionem,

141 4423 150 4457 Ι
181 4423 256 4468 Petri
267 4423 409 4468 Gnerrero.

140 4497 151 4530 ¹
180 4495 249 4540 Vide
260 4507 351 4550 snpra.
361 4504 379 4539 t.
391 4505 429 4548 ιιι,
439 4505 500 4549 pag.
508 4493 557 4538 288.

138 4568 151 4600 ⁵
180 4566 233 4612 liic
244 4569 287 4612 lile
298 4573 340 4611 eat
352 4565 448 4610 Petrus
457 4564 593 4618 Mantinea.
606 4567 715 4610 ortasio
727 4567 820 4620 oppido
835 4566 1005 4622 eralrecha,
1016 4567 1047 4612 de
1059 4580 1109 4623 quo
1125 4580 1212 4646 soora,
1222 4581 1282 4625 pag.
1295 4571 1340 4624 lto,

103 4649 351 4756 11·(ὒωιὶξτιοιιιιιιιἱουιε
370 4710 461 4754 dornua
477 4710 630 4765 provinciae
647 4710 772 4755 Baeticae
788 4721 879 4754 recens
895 4711 1030 4756 Cordubae
1043 4712 1127 4756 luerat
1135 4713 1262 4760 instituta.
1275 4716 1342 4759 Vide

105 4785 215 4828 litteras
225 4783 313 4827 Patris
324 4781 446 4826 nocturn
456 4781 565 4834 Joannls
575 4783 607 4826 de
619 4785 644 4829 la
655 4783 745 4838 Plau,
756 4793 844 4838 supra,
857 4792 917 4836 pag.
931 4782 977 4826 llo.

264 4870 301 4932 T.
320 4889 364 4930 tv.
1167 4893 1195 4948 ¹5
