3578 5534
754 541 817 599 Au.
839 539 909 600 1556
994 567 996 575 v
1411 533 1446 594 91

208 687 279 750 bus
293 687 421 750 sericis
438 687 646 766 moderati0,
663 696 702 750 vt
717 685 822 766 (quod
833 685 986 749 antehac
1000 701 1071 748 non
1086 683 1233 761 solebat)
1249 691 1284 746 et
1296 681 1448 745 vilescat

208 794 378 871 sericum,
395 803 430 858 et
443 795 518 858 fere
534 804 661 878 quarta
676 804 776 875 parte
805 793 912 857 vilius
933 792 1120 856 vendatur:
1146 791 1229 854 hinc
1244 788 1290 853 ad
1304 789 1448 868 flagella

209 902 340 981 parati,
356 902 417 982 qui
433 911 539 966 antea
553 903 610 964 vel
625 900 748 964 audire
765 899 1081 976 exhorrescebant,
1103 913 1276 962 memores
1296 905 1449 976 peccato

210 1008 342 1088 dignas
356 1026 492 1088 poenas
508 1017 587 1088 post
601 1016 749 1070 mortem
763 1005 850 1070 mihi
867 1006 1026 1084 luendas,
1049 1005 1085 1067 ni
1103 1005 1182 1068 illas
1200 1003 1243 1066 de
1262 1001 1396 1082 meipso
1410 1001 1450 1066 in

212 1115 282 1179 hac
296 1115 373 1178 vita
395 1117 619 1196 sumpserim3
643 1115 725 1180 binc
746 1116 897 1196 denique
922 1123 977 1178 est
999 1113 1092 1193 quod
1118 1109 1350 1175 eleemosinas
1369 1125 1446 1171 ero·

210 1231 312 1300 gant,
338 1221 421 1286 hinc
447 1232 672 1286 sacramenta
697 1221 937 1303 frequentant,
967 1221 1206 1284 acclamantes
1235 1217 1290 1294 (vt
1318 1215 1450 1290 solent)

210 1345 306 1392 nunc
323 1327 410 1391 mihi
426 1328 547 1393 videor
563 1328 671 1392 fuisse
687 1328 880 1393 confessus

273 1434 340 1498 His
356 1443 584 1499 accesserunt
601 1435 656 1514 (de
668 1452 843 1499 consensu
857 1434 975 1499 Patris
990 1430 1225 1496 Prouincialis
1241 1438 1276 1492 et
1297 1427 1450 1493 consilio

211 1541 292 1606 DJ*
315 1540 528 1618 Prouisoris)
544 1542 734 1606 conciones
749 1542 888 1623 aliquae
903 1551 1061 1620 tempore
1077 1538 1263 1603 Aduentus
1280 1553 1345 1617 pro
1365 1551 1446 1614 gra·

211 1649 316 1714 dibus
332 1649 485 1726 habitae,
502 1665 591 1729 quas
606 1648 672 1712 etsi
688 1657 771 1712 sunt
791 1647 949 1729 quidam,
966 1647 1027 1727 qui
1041 1653 1226 1726 suspectas
1246 1642 1451 1720 habuerint,

211 1767 251 1818 vt
266 1765 321 1818 est
336 1757 425 1820 haec
441 1755 567 1818 ciuitas
582 1757 787 1819 exulcerata
802 1754 912 1818 uariis
928 1752 1165 1833 dogmatibus
1181 1760 1215 1814 et
1227 1749 1377 1814 aliorum
1388 1766 1447 1829 pe·

211 1862 336 1926 riculis
360 1861 499 1924 cautior
521 1860 627 1940 facta,
655 1878 804 1942 quorum
819 1862 981 1940 exemplo
1007 1859 1109 1923 nobis
1135 1874 1274 1938 quoque
1296 1873 1449 1937 praesa·

212 1968 316 2048 giunt
332 1967 483 2046 ruinam;
500 1969 688 2032 audierunt
713 1976 830 2031 tamen
856 1975 999 2044 attente,
1027 1973 1244 2045 exceperunt
1264 1964 1450 2039 beneuole,

212 2075 402 2154 securique
417 2075 524 2154 aliqui
538 2093 584 2138 ex
595 2075 804 2156 primatibus
819 2073 1031 2150 auditorum,
1048 2082 1082 2136 et
1094 2088 1181 2151 erga
1195 2080 1341 2134 nostros
1355 2070 1451 2132 bene

213 2181 344 2260 affecti,
361 2193 596 2261 recesserunt;
614 2182 757 2263 quidam
777 2181 967 2262 praecipue
986 2197 1067 2243 curn
1082 2178 1295 2243 sententiam
1310 2177 1454 2241 tulisset·

213 2291 250 2352 in
264 2290 367 2368 alios,
385 2290 444 2371 qui
459 2289 584 2372 eodem
598 2291 676 2353 loco
691 2289 880 2352 conciones
895 2287 1103 2362 habuerant,
1125 2287 1240 2367 primo
1264 2294 1411 2364 rogatus
1426 2301 1453 2346 a.

214 2397 285 2460 sibi
298 2397 467 2461 familiari
481 2398 607 2486 amica,
625 2407 664 2461 vt
680 2397 829 2474 audiret,
851 2395 1046 2475 respoudit:
1074 2411 1143 2474 quo
1169 2393 1256 2456 mihi
1275 2392 1448 2456 illumina·

215 2505 333 2566 tiones
353 2503 455 2583 istae,
476 2505 578 2585 quasi
600 2504 761 2583 ignorem
786 2518 955 2582 quorsum
977 2500 1156 2564 euaserint
1178 2500 1343 2579 antiquae
1367 2499 1450 2563 illae

214 2609 299 2674 talis
313 2619 348 2674 et
362 2611 456 2674 talis.
473 2607 708 2674 Nihilominus
723 2610 899 2689 acquieuit
916 2607 1101 2687 flagitanti,
1124 2607 1259 2670 audiuit
1280 2616 1315 2670 et
1337 2606 1452 2670 credi-

216 2718 282 2793 dit,
297 2718 387 2781 adeo
402 2727 443 2780 vt
464 2717 604 2781 vocatis
619 2725 743 2798 postea
768 2716 866 2780 adse
891 2715 1004 2793 nobiS,
1031 2713 1187 2777 calcaria
1208 2711 1383 2777 addiderit
1403 2713 1450 2776 ad

221 2825 468 2905 peragendum
492 2823 705 2904 incoeptum,
733 2823 965 2902 adductisque
983 2821 1179 2885 rationibus
1202 2819 1354 2900 probare
1369 2836 1454 2882 con-

218 2930 384 3010 tenderit,
401 2931 526 3011 quanti
540 2929 671 2994 referat
683 2929 870 3009 aliquoties
878 2929 921 2992 de
932 2927 1060 2991 futuris
1071 2927 1264 2990 honoribus
1276 2935 1310 2989 et
1325 2925 1457 3006 opibus

217 3037 413 3100 admonere
429 3035 564 3099 nobiles
581 3035 601 3116 ¹,
618 3037 747 3099 milites
761 3044 795 3099 et
810 3044 1027 3100 mercatores
1042 3035 1131 3112 illoS,
1145 3033 1204 3114 qui
1217 3033 1357 3114 plurimi
1367 3049 1449 3113 quo·

218 3141 305 3206 tidie
320 3143 366 3206 ad
380 3142 446 3206 hos
457 3143 591 3221 gradus
605 3143 830 3218 conueniunt,
843 3141 1165 3221 significaueritque
1176 3142 1280 3221 piane
1292 3141 1401 3204 multo
1412 3157 1456 3202 se·

217 3250 330 3313 alium
345 3250 503 3313 animum
518 3265 605 3329 erga
622 3259 761 3313 nostros
781 3259 930 3313 extunc
954 3248 1166 3326 habiturum,
1193 3246 1287 3328 quod
1311 3247 1455 3327 quidem

221 3367 348 3437 postea
364 3357 416 3420 rei
435 3356 684 3436 comprobauit
698 3364 857 3420 euentus,

280 3460 370 3526 Sunt
381 3463 439 3526 hic
457 3463 670 3539 (miserabile
685 3462 793 3540 dictu)
809 3479 881 3526 non
893 3479 1029 3541 paucae
1044 3460 1181 3537 domuS,
1203 3461 1306 3539 aliae,
1325 3461 1458 3541 quibus

217 3579 357 3633 merent
372 3572 533 3633 occultae
548 3570 764 3644 meretriceS,
780 3569 883 3648 aliae,
900 3569 1027 3649 quibus
1039 3571 1136 3632 aleas
1148 3578 1182 3631 et
1195 3569 1340 3632 chartas
1353 3585 1452 3630 exer-

218 3687 302 3740 cent
316 3678 466 3754 lusores;
483 3677 519 3740 in
541 3675 607 3740 has
626 3693 733 3757 saepe
754 3675 984 3740 concionibus
999 3675 1210 3754 inuehimur,
1236 3676 1271 3738 in
1293 3675 1359 3737 has
1373 3691 1452 3754 pro-

220 3792 377 3847 motores
392 3782 571 3864 etjudices
582 3783 844 3847 ecclesiasticos
860 3782 1130 3860 concitauimus‚
1155 3783 1296 3862 iamque
1317 3782 1456 3844 secula--

220 3891 314 3952 rium
329 3889 500 3953 auxilium
516 3890 685 3954 inuocare
700 3905 878 3970 paramuS,
895 3899 1080 3968 sperantes
1095 3889 1182 3967 fore,
1200 3889 1344 3968 auspice
1358 3885 1454 3964 Deo,

221 4013 293 4076 quo
307 3996 434 4059 ciuitas
448 3997 505 4058 his
526 3996 691 4060 sordibus
716 4006 945 4076 expurgetur,
973 4013 1055 4059 nam
1071 3995 1218 4076 purgari
1239 3993 1309 4058 iam
1324 3995 1455 4074 coepit,

221 4119 305 4165 cum
325 4103 500 4166 amatoria
520 4103 692 4181 carmina,
715 4103 871 4166 lasciuae
890 4102 1098 4182 tragoediae
1116 4113 1152 4165 et
1167 4101 1305 4182 poetica
1321 4100 1365 4164 de
1385 4101 1454 4164 hac

221 4227 260 4272 re
277 4208 458 4289 figmenta,
475 4211 580 4274 simul
594 4227 676 4274 cum
698 4209 906 4273 chartarum
930 4210 1106 4290 pictarum
1131 4207 1362 4286 multitudine,
1379 4206 1457 4286 igni

222 4326 434 4397 consumpta
449 4317 532 4380 sint.

285 4421 391 4504 Apud
405 4440 588 4502 carcerem
602 4423 765 4487 habenda
779 4423 941 4486 doctrina
956 4421 1138 4487 frenantur
1157 4422 1411 4504 aliquantulum
1433 4438 1459 4486 a

222 4529 352 4610 iurgiis
367 4539 401 4594 et
413 4529 635 4612 juramentis:
651 4529 827 4610 frequenti
842 4531 1042 4594 orationum
1056 4541 1090 4593 et
1105 4531 1317 4594 letaniarum
1331 4529 1458 4592 recita·

270 4777 280 4808 ¹
309 4775 411 4819 nobiles
422 4774 520 4820 addidit
532 4773 668 4820 Polaticus.
