3504 5532
601 515 605 527 ·
696 485 782 551 ..Aa
804 484 874 556 1556
1360 486 1414 556 11⁹

171 644 243 690 cae
271 625 363 692 filiae
391 627 798 708 uictumcompararet,
828 647 898 694 non
925 629 1120 709 inueniret,
1146 629 1414 708 confessarium

174 750 282 800 suum
297 733 484 815 (siquidem
496 737 543 798 ‘ab
557 737 661 800 omni
682 735 837 800 humano
856 735 1033 818 praesidio
1051 753 1090 799 se
1110 735 1317 801 derelictam
1335 755 1412 802 cer·

177 841 296 919 nebat)
311 841 567 906 consulendum
586 859 672 906 esse.
684 842 853 906 decreuit:
874 859 943 923 quo
958 842 1053 907 facto
1073 843 1251 906 consuluit
1278 843 1356 921 ille,
1374 857 1413 910 ut

174 963 279 1026 spem
292 965 396 1011 suam
411 949 549 1040 penitus
564 949 600 1020 in
614 947 766 1040 Domino
781 949 973 1029 repositam
987 949 1144 1028 haberet,
1161 959 1195 1013 et
1215 951 1252 1013 in
1268 960 1411 1031 egesta·

113 1105 117 1112 .
174 1065 212 1116 te
226 1071 292 1118 sua
307 1055 494 1132 exultaret}
515 1054 800 1136 quandoquidem
818 1055 877 1135 qui
897 1054 1049 1134 alitibus,
1071 1072 1139 1118 non
1163 1055 1411 1121 laborantibus

174 1177 242 1224 nec
256 1161 490 1239 uentibu8,·de
505 1162 717 1228 necessariis
732 1160 892 1241 prouidet
907 1162 944 1224 in
958 1162 1044 1242 dies,
1057 1161 1124 1224 sibi
1139 1179 1292 1242 quoque,
1307 1162 1412 1227 cuius

169 1268 295 1347 capilli
310 1268 486 1331 numerati
505 1276 618 1345 erant,
640 1267 850 1348 prouidebit.
872 1267 950 1332 Hac
971 1269 1089 1350 itaque
1111 1286 1174 1348 spe
1196 1269 1350 1352 munita,
1372 1287 1412 1333 se

169 1375 320 1438 domum
335 1375 521 1454 conuertit,
545 1385 650 1454 atque
668 1392 734 1438 nec
753 1375 801 1438 ibi
820 1393 885 1438 nec
905 1375 1033 1438 alicubi
1054 1375 1231 1455 corporali
1246 1377 1326 1439 cibo
1351 1394 1411 1440 ue·

168 1481 354 1558 scebatur‚
378 1499 459 1544 cum
474 1482 560 1562 quid
574 1481 775 1546 comederet
791 1499 862 1544 non
875 1481 1010 1560 fuisset,
1033 1481 1096 1545 sed
1114 1482 1218 1546 simui
1234 1499 1314 1545 cum
1337 1482 1411 1562 iilia

172 1587 268 1650 fame
279 1587 383 1667 quasi
394 1587 659 1666 conficiebatur;
672 1589 802 1651 durnin
814 1589 1227 1667 supernorumbonorum
1239 1599 1409 1668 expecta·

171 1695 269 1758 tione
284 1695 472 1773 extitisset,
487 1713 554 1764 nec
568 1695 807 1774 comparando
824 1694 903 1757 cibo
923 1711 1069 1774 operam
1090 1694 1207 1774 dabat,
1225 1713 1269 1757 ne
1284 1694 1376 1758 forte
1389 1714 1411 1760 a

169 1817 248 1881 spe,
266 1819 373 1882 quam
388 1811 426 1865 ut
441 1802 598 1880 haberet,
620 1802 685 1865 sibi
701 1804 926 1864 consuluerat
941 1800 1191 1880 confessarius
1213 1800 1411 1868 recederet:

172 1908 269 1970 nullo
280 1907 422 1971 interim
440 1910 489 1982 (ut
501 1907 689 1986 credimus)
702 1907 952 1986 impatientiae,
970 1907 1274 1986 murmurationis,
1294 1907 1409 1970 detra·

167 2015 313 2092 ctionis,
323 2014 564 2094 blasphemiae
573 2015 723 2095 denique
732 2024 837 2093 atque
846 2013 1318 2094 desperationisinditio,sed
1330 2015 1407 2078 sola

169 2138 236 2200 spe
247 2121 481 2185 nutriebatur:
494 2131 631 2184 tanturn
641 2120 722 2184 fidei
734 2123 770 2184 in
782 2120 898 2183 uerbis
906 2119 1022 2183 Patris
1034 2119 1090 2182 sui
1101 2119 1295 2200 spiritualis
1305 2137 1404 2200 repo·

168 2227 327 2290 nendum
341 2236 496 2306 putarat,
513 2237 551 2290 ut
565 2228 596 2290 si
610 2229 665 2290 uel
680 2228 725 2289 ab
739 2228 867 2306 angelo
887 2227 943 2288 uel
962 2244 983 2288 a
998 2224 1162 2304 Domin0‚
1179 2224 1403 2306 quodmaius

164 2341 238 2412 est,
249 2345 480 2414 praeceptum
493 2333 629 2397 fuisset.
646 2333 723 2398 Hoc
736 2334 827 2410 dico,
844 2331 963 2407 effero,
977 2341 1011 2394 et
1025 2329 1202 2394 efferendo
1214 2341 1348 2412 repeto,
1361 2342 1400 2396 ut

165 2439 346 2520 frequenti
360 2443 487 2504 saltem
502 2441 712 2521 repetitione
730 2450 764 2503 et
780 2439 1000 2502 obedientiae
1021 2447 1055 2500 et
1076 2438 1268 2517 patientiae
1291 2439 1386 2501 uirtu
1399 2475 1409 2508 ·.

165 2558 254 2622 tem,
270 2547 301 2609 si
314 2565 386 2610 non
400 2546 552 2627 penitus,
568 2565 613 2610 ex
627 2556 728 2626 parte
742 2561 969 2625 cognoscam,
986 2544 1140 2623 discam,
1163 2560 1364 2608 exerceam.

232 2653 421 2717 Caeterum
435 2657 555 2733 plures
566 2672 588 2717 a
602 2639 746 2716 nefariis
761 2653 953 2716 sceleribus
967 2651 1234 2736 sacrilegiisqqe
1255 2653 1397 2716 auocati

163 2773 265 2838 sunt,
288 2777 334 2824 ex
358 2761 486 2840 quibus
511 2759 686 2841 quaedam
706 2760 833 2840 puella,
855 2757 924 2822 XX
948 2757 1022 2820 fere
1047 2774 1179 2820 annum
1204 2758 1396 2838 attingenS,

165 2883 261 2946 quae
276 2885 338 2946 per
352 2867 532 2930 biennium
547 2866 757 2931 foedissimis
773 2867 831 2929 aui
846 2864 1095 2944 cupiditatibus
1111 2864 1308 2944 obsequuta
1322 2864 1381 2928 fue
1393 2898 1409 2932 ·.

163 2985 239 3036 rat:
254 2974 398 3037 tandem
411 2974 619 3037 confessarii
640 2977 696 3038 sui
718 2975 1025 3038 exhortationibus
1047 2993 1068 3038 a
1088 2984 1187 3037 tanto
1209 2971 1398 3050 sacrilegio

162 3081 330 3143 recessit.
346 3079 529 3159 Quaedam
543 3090 579 3144 et
594 3082 730 3160 mulier,
746 3080 929 3144 detestatis
949 3081 1115 3161 peccatis,
1136 3079 1262 3161 quibus
1282 3077 1343 3141 diu
1357 3097 1396 3142 se

161 3186 381 3265 subiecerat,
396 3203 653 3250 conuersarum
666 3188 875 3267 religionem
886 3188 1048 3267 ingressa
1060 3194 1124 3250 est:
1138 3187 1208 3250 alia
1224 3202 1309 3248 uero
1323 3185 1400 3270 qui-¹

163 3291 248 3355 dem
262 3292 403 3372 ingredi
417 3295 611 3374 proposuit.
628 3293 677 3358 Vt
700 3306 818 3358 autem
837 3295 880 3357 de
895 3295 1057 3358 omnibus
1072 3294 1180 3356 semel
1201 3291 1330 3370 dicam,
1352 3309 1397 3356 ex

160 3399 220 3476 iis,
238 3400 298 3480 qui
317 3409 521 3464 nostrorum
541 3411 683 3481 patrum
704 3401 898 3464 ministerio
919 3409 1065 3464 utuntur
1086 3399 1124 3462 in
1145 3399 1391 3477 sacramentis,

164 3506 288 3584 plures
298 3515 332 3569 et
344 3507 509 3570 mulieres
521 3517 555 3570 et
567 3508 724 3587 uirgines
734 3508 942 3591 religionem
951 3506 1172 3585 ingrediendi
1181 3506 1313 3586 optimo
1322 3505 1393 3568 ani·

162 3629 225 3676 mo
240 3622 322 3676 sunt
336 3612 496 3689 affectae,
512 3624 547 3677 et
561 3616 680 3694 plures
699 3625 860 3678 caeteras
875 3615 921 3678 ad
939 3612 1181 3676 confessiones
1200 3611 1376 3675 exhortari
1392 3645 1402 3656 -

159 3731 236 3797 tur,
262 3719 355 3783 inter·
374 3737 463 3800 quas
485 3721 661 3802 quaedam
682 3721 893 3785 conditionis
907 3721 956 3800 (ut
977 3737 998 3783 a
1023 3719 1153 3784 mundo
1176 3719 1393 3800 asseclisque

159 3826 242 3889 suis
256 3827 490 3906 existimatur)
506 3826 664 3891 abiectae
679 3827 780 3908 duas,
797 3844 888 3908 quae
903 3843 981 3890 sese
997 3826 1028 3890 ei
1043 3825 1168 3888 obuiae
1180 3825 1391 3902 obtulerant,

157 3933 210 3996 ad
232 3932 466 3998 confessionis
487 3944 751 3998 sacramentum
772 3933 931 3997 attraxit:
955 3932 1047 4013 quod
1067 3951 1096 4004 a,
1111 3931 1242 4012 Spiritu
1263 3931 1396 3996 Sancto

159 4055 249 4102 uere
262 4039 398 4104 factum
411 4040 561 4119 uidetur,
583 4041 757 4124 siquidem
779 4042 919 4105 illarum
933 4042 1057 4119 altera,
1078 4056 1169 4119 quae
1187 4049 1298 4120 nupta
1320 4041 1392 4104 iam

155 4164 199 4210 se
210 4157 362 4228 peccato
373 4146 580 4228 tradiderat,
592 4151 742 4212 alteram
754 4165 904 4230 quoque,
918 4164 1009 4228 quae
1019 4147 1261 4211 immunditiae
1273 4148 1395 4211 nescia

151 4263 251 4332 erat,
267 4252 315 4316 ad
328 4252 548 4334 peccandum
562 4254 730 4320 inducere
745 4253 964 4333 decreuerat;
987 4271 1112 4318 uerum
1127 4253 1390 4318 confessionum

153 4359 333 4424 beneficio
346 4370 487 4426 tantum
500 4363 617 4425 scelus
632 4363 812 4442 repulsum
823 4360 898 4424 fuit.
910 4359 1101 4423 quencula
1115 4359 1262 4448 tandem!
1271 4361 1315 4424 ab
1327 4360 1388 4436 irn-

157 4467 308 4548 pudenti
320 4468 475 4548 quodam
497 4467 697 4546 sollicitata,
720 4484 802 4532 cum
816 4468 910 4531 nullo
926 4477 1031 4546 pacto
1052 4465 1194 4530 effrenis
1211 4467 1286 4530 eius
1302 4468 1391 4531 desi-

152 4573 270 4638 deriis
285 4591 412 4654 parere
425 4576 517 4638 uelle
531 4574 711 4654 obiiceret,
728 4575 876 4639 credidit
891 4574 948 4636 ilie
963 4574 1033 4636 alio
1048 4573 1336 4654 confugiendum,
1353 4585 1392 4638 ut

150 4681 309 4746 alterius
322 4679 506 4762 beneficio,
522 4683 617 4762 quod
630 4683 735 4747 nullis
750 4683 826 4764 ipse
839 4681 1004 4763 precibus
1026 4698 1091 4745 nec
1102 4682 1306 4764 muneribus
1320 4684 1391 4764 pol·
