3436 5526
663 517 726 572 An.
750 515 819 574 1556
1300 519 1359 578 007

125 657 275 736 quotidie
294 659 383 736 sere,
400 659 447 722 ad
460 673 685 724 sacramenta
702 661 901 724 admirabili
917 661 1049 725 Christi
1070 661 1245 724 desiderio
1266 681 1349 728 con-

126 763 242 844 fluunt;
257 766 294 828 in
309 767 421 830 saeris
436 777 553 831 autem
571 769 778 833 lectionibus
794 779 828 832 et
843 769 1072 834 concionibus
1088 785 1225 833 summa
1241 771 1349 852 inter·

126 863 202 935 su'nt
216 873 411 953 diligentia,
429 892 514 938 cura
526 893 569 940 ac
580 876 697 940 studio
713 885 750 940 ut
767 877 827 940 vix
839 893 993 957 unquam
1006 877 1249 956 absolvantur,
1264 879 1351 958 quin

125 979 278 1058 ingentia
293 981 458 1061 suspiria,
476 983 700 1046 manantibus
715 984 906 1060 lachrimis,
921 1003 965 1047 ex
980 984 1120 1048 sincero
1133 985 1274 1065 pietatis
1298 986 1348 1048 ai·

127 1085 214 1150 fectu
230 1088 450 1168 deprompta,
474 1089 675 1152 audiantur.

180 1193 282 1272 Quod
297 1194 386 1258 sesto
400 1194 505 1258 divae
520 1195 752 1275 Magdalenae
769 1196 804 1260 in
819 1206 941 1259 nostro
958 1198 1087 1276 templo
1104 1197 1243 1272 accidit,
1262 1214 1343 1277 pau·

124 1300 172 1362 cis
186 1301 349 1364 narrabo.
368 1301 502 1366 Nobilis
517 1301 691 1383 quaedam
706 1303 830 1366 mulier
846 1303 925 1382 (sed
942 1321 963 1366 a
978 1303 1045 1382 piis
1065 1304 1168 1366 rebus
1184 1303 1273 1366 adeo
1295 1321 1350 1366 re·

126 1417 230 1484 mota,
250 1417 285 1469 ut
301 1408 461 1472 omnibus
481 1410 614 1489 passim
635 1410 803 1474 vanitatis
818 1411 1016 1488 notaretur)
1038 1409 1073 1472 in
1090 1411 1274 1490 templum,
1293 1428 1348 1476 ne·

124 1513 195 1575 scio
208 1531 279 1594 quo
294 1515 400 1578 ducta
415 1516 560 1596 spiritu,
577 1535 614 1580 se
637 1517 851 1593 contulerat;
873 1516 1025 1596 dumque
1049 1516 1140 1578 ΝΜ
1161 1516 1197 1579 P.
1221 1516 1349 1598 Philip-

125 1635 197 1696 puS,
214 1621 319 1684 huius
333 1621 482 1702 Collegii
498 1622 638 1702 Reetnr‚
656 1623 939 1698 concionaretur,
957 1634 1029 1685 tam
1047 1623 1248 1686 vehementi
1263 1623 1351 1686 divi·

125 1725 157 1786 ni
172 1727 270 1789 verbi
286 1737 381 1792 tacta
397 1741 450 1792 est
465 1715 625 1803 fulmine,
643 1741 764 1792 utnon
788 1729 893 1793 modo
916 1729 1102 1810 pristinum
1123 1730 1217 1792 vitae
1238 1746 1351 1808 genus

125 1832 315 1912 reliquerit,
336 1835 399 1898 sed
419 1835 489 1897 iam
509 1836 614 1898 etiam
639 1851 769 1915 magna
796 1853 875 1898 eum
899 1836 1098 1898 humilitate
1124 1846 1349 1900 sacramenta

125 1936 335 2018 frequentem
358 1959 448 2022 quae
470 1957 601 2021 quanto
620 1953 742 2022 postea
764 1943 827 2006 toti
848 1942 986 2006 civitati
1006 1941 1112 2005 suerit
1133 1945 1293 2023 exemplo
1316 1954 1350 2008 et

126 2044 348 2111 admirationi
364 2049 425 2111 vix
440 2049 511 2112 dici
527 2059 652 2130 potest.

180 2153 277 2216 Bona
294 2155 401 2218 etiam
421 2157 523 2218 huius
537 2157 692 2219 civitatis
708 2172 793 2235 pars
808 2155 939 2219 divinis
957 2156 1061 2218 rebus
1077 2155 1217 2219 ardenti
1228 2173 1349 2220 amore

123 2258 179 2321 dat
194 2277 351 2339 operam,
368 2272 402 2325 et
417 2260 605 2326 Societatis
621 2262 736 2326 studia
751 2262 856 2326 avide
872 2271 1038 2340 sectatur;
1056 2262 1106 2325 ita
1122 2277 1208 2325 sane
1223 2271 1261 2324 ut
1275 2263 1350 2324 nul-

123 2365 189 2429 lam
210 2368 333 2430 diebus
352 2369 451 2432 sestis
472 2367 694 2444 concionem,
716 2370 850 2432 nullum
873 2369 984 2434 sextis
1010 2367 1106 2430 seriis
1134 2384 1350 2447 sermonem,

123 2472 177 2550 qui
192 2491 298 2553 super
314 2475 499 2539 Canticum
514 2477 732 2540 cantieorum
746 2473 796 2544 lit.
808 2475 942 2538 nullum
957 2475 1016 2537 vel
1028 2475 1137 2538 semel
1152 2487 1246 2537 certe
1263 2475 1342 2538 Mis·

120 2593 179 2640 sae
194 2580 407 2644 sacrificium
422 2581 496 2644 sine
513 2599 642 2660 magno
659 2582 766 2644 animi
782 2581 906 2645 dolore
923 2581 1156 2644 intermittere
1171 2581 1350 2646 videatur.

122 2682 206 2748 Cum
221 2701 339 2749 autem
361 2705 472 2767 nuper
493 2705 616 2767 preces
636 2688 875 2768 quadraginta
898 2688 1066 2752 horarum
1082 2687 1117 2750 in
1139 2691 1269 2767 templo
1290 2705 1348 2752 no·

121 2801 191 2854 stro
217 2793 484 2872 exhiberentur,
506 2811 637 2874 magna
657 2796 713 2858 die
737 2805 910 2875 nocteque
933 2794 1110 2858 orantium
1136 2793 1344 2875 frequentia,

121 2898 239 2962 videre
253 2911 329 2962 erat
345 2899 446 2964 fletus
462 2901 598 2978 ubereS,
616 2903 769 2982 suspiria
786 2901 961 2982 protunda
977 2911 1082 2981 atque
1098 2901 1166 2964 alia
1183 2900 1218 2963 id
1232 2918 1348 2980 genus

120 3002 258 3070 divinae
273 3008 411 3084 gratiae
426 3008 603 3071 orantium
618 3009 792 3072 mentibus
808 3006 945 3070 inlusae
957 3007 1073 3086 signa,
1087 3023 1176 3086 quae
1193 3006 1345 3070 incredi-

120 3109 176 3172 bili
199 3113 357 3190 proleeto
383 3115 539 3177 omnium
566 3115 800 3178 admiratione
829 3113 1096 3194 spectabantur:
1119 3124 1152 3174 et
1179 3129 1259 3176 cum
1280 3113 1350 3176 sub

120 3217 287 3280 orationis
305 3217 409 3282 finem
424 3220 548 3282 concio
564 3215 769 3298 haberetur,
787 3220 886 3282 multi
901 3237 946 3282 ex
961 3218 1092 3285 amoris
1108 3219 1268 3296 fervore,
1286 3236 1344 3281 ve·

118 3323 165 3386 lut
184 3334 285 3388 extra
305 3341 343 3388 se
365 3325 460 3405 ipsos
481 3327 573 3406 rapti
593 3336 698 3406 atque
720 3326 882 3404 abducti,
910 3325 1081 3388 concione
1106 3324 1283 3402 absoluta,
1308 3327 1345 3388 in

118 3431 274 3492 oratione
290 3433 577 3510 perseverabant.
594 3432 761 3497 Nonnulli
776 3432 884 3496 etiam
900 3429 1008 3510 (quod
1022 3430 1120 3493 dictu
1136 3441 1188 3492 est
1204 3434 1348 3510 mirum)

118 3535 204 3598 adeo
220 3553 299 3612 sese
312 3537 494 3602 lachrimis
509 3537 747 3616 coniecerant,
764 3548 802 3601 ut
819 3536 1075 3618 propemodum
1088 3537 1281 3601 exanimati
1293 3540 1342 3601 vi·

116 3640 290 3706 derentur.
307 3642 377 3708 Sed
398 3645 481 3724 quid
496 3645 539 3708 de
554 3645 608 3708 his
624 3646 740 3726 plura?
757 3655 882 3724 stupeo
898 3659 1045 3724 prorsus
1060 3643 1191 3722 vixque
1206 3645 1253 3706 ad
1268 3653 1343 3707 tan·

116 3759 150 3810 ta
168 3749 367 3814 enarranda
389 3753 446 3813 vel
465 3751 603 3814 hiscere
624 3753 745 3830 valeo,
766 3769 858 3834 quae
879 3761 962 3814 tunc
990 3749 1223 3814 admiratione
1246 3759 1342 3814 certe

114 3849 321 3934 dignissima
335 3857 617 3922 observavimus:
635 3858 698 3922 sed
713 3859 759 3922 ad
775 3859 844 3921 alia
860 3871 1019 3937 pergam.

172 3960 390 4043 Quicumque
405 3980 492 4044 erga
506 3962 718 4028 Societatem
734 3965 823 4028 bene
842 3962 958 4028 affecti
972 3973 1057 4026 sunt
1071 3979 1142 4026 non
1158 3963 1272 4026 solum
1288 3973 1339 4026 to·

113 4065 156 4128 tis
170 4069 305 4147 nervIS,
322 4086 413 4148 quae
428 4069 473 4132 ad
489 4071 654 4150 pietatem
670 4071 820 4148 iaciunt,
837 4071 1036 4149 requirunt,
1055 4069 1117 4132 sed
1138 4069 1244 4131 etiam
1264 4086 1341 4150 eoS,

111 4170 190 4237 licet
205 4175 409 4240 sacerdotes
422 4186 482 4240 aut
499 4177 698 4258 religiosos,
716 4194 804 4258 quos
824 4187 948 4240 contra
968 4173 1184 4242 Societatem
1206 4177 1338 4240 latrare

111 4287 144 4342 et
158 4281 343 4346 mussitare
362 4281 578 4364 intelligunt,
600 4284 772 4358 acerrime
792 4282 1066 4364 reprehendunt.
1089 4281 1338 4364 Imprimisque

111 4380 230 4450 Rmus.
251 4388 356 4452 huius
374 4387 531 4454 civitatis
550 4390 762 4471 Episcopus,
790 4391 851 4470 qui
874 4389 1091 4468 singularem
1114 4403 1202 4468 erga
1226 4387 1337 4453 Colle·

111 4490 206 4568 glum
220 4495 315 4558 omni
329 4495 366 4558 in
380 4512 419 4560 re
436 4513 519 4576 prae
534 4514 572 4560 se
587 4495 655 4560 lert
670 4497 802 4562 amoris
813 4495 978 4558 affectum
990 4507 1024 4558 et
1040 4494 1194 4560 maxime
1206 4495 1334 4576 insug-

112 4599 273 4674 gerendis
286 4599 388 4664 nobis
403 4603 516 4681 libris,
533 4603 684 4666 nummis
699 4615 733 4665 et
753 4603 1030 4683 quibuscumque
1051 4603 1155 4665 rebus
1176 4603 1331 4680 indigea-

114 4719 206 4782 mus;
221 4705 324 4787 idque
340 4718 438 4772 tanta
460 4707 687 4788 benignitate,
705 4720 738 4772 et
755 4707 991 4772 munificentia
1014 4709 1110 4787 lacit,
1132 4719 1169 4770 ut
1186 4706 1338 4792 Collegii
