3382 5528
358 505 415 572 tuat
745 509 916 570 errannn
935 524 1207 578 oununmasruus

361 655 470 734 Patri,
487 656 547 736 qui
562 657 713 720 intanto
727 655 826 720 uitae¹
837 655 1041 720 discrimine
1054 655 1278 732 uersabatur,
1294 653 1498 720 meliuscule
1507 669 1583 716 esse

361 783 382 826 a
396 762 555 844 febrique
569 761 732 844 relinqui:
754 773 809 826 est
823 771 943 828 tamen
957 762 1074 826 adhuc
1087 755 1227 826 infirma
1249 760 1440 825 admodum
1453 761 1567 825 ualetu

360 870 459 950 dine;
481 875 548 934 nec
563 870 599 934 id
613 871 740 934 mirum
760 869 872 934 uideri
891 868 1010 948 debet3
1030 869 1243 948 grauissime
1263 867 1358 932 enim
1371 867 1581 948 aegrotatur,

360 977 699 1057 purgationibusque
727 993 769 1040 ac
799 978 835 1041 ui
862 977 976 1040 morbi
1009 985 1239 1057 consumptus
1271 991 1402 1054 corpus
1429 984 1464 1040 et
1489 973 1578 1038 uires

360 1085 540 1150 amiserat.
556 1081 711 1148 Curatur
726 1084 831 1148 modo
845 1084 1113 1163 diligentissime
1128 1095 1166 1148 ut
1180 1099 1219 1146 se
1238 1081 1373 1146 reficiat
1384 1081 1576 1162 pristinam·

360 1209 428 1272 que
444 1201 627 1271 recuperet
641 1190 892 1255 ualetudinem.
913 1189 1001 1256 Sunt
1022 1190 1129 1256 etiam
1144 1188 1302 1254 nonnulli
1317 1205 1363 1252 ex
1378 1188 1457 1252 aliis
1470 1187 1576 1252 fratri·

359 1299 436 1377 bus,
453 1315 542 1379 quos
556 1297 630 1361 dixi
645 1297 682 1360 in
695 1297 820 1361 morbo
834 1315 928 1375 esse,
944 1297 1099 1362 nondum
1114 1297 1219 1377 plane
1233 1295 1444 1362 confirmati:
1460 1295 1496 1358 in
1510 1293 1581 1360 dies

360 1417 479 1470 tamen
499 1403 581 1486 Xpi.
603 1421 748 1468 munere
767 1404 982 1468 ualentiores
1002 1403 1100 1468 fiunt.
1118 1402 1216 1468 Haec
1237 1402 1355 1482 habui,
1373 1401 1448 1466 Rae
1466 1401 1577 1474 Pater,

360 1529 451 1594 quae
476 1512 519 1576 de
542 1511 613 1576 tuis
636 1510 732 1588 filiis,
756 1510 968 1592 praesertim
993 1512 1128 1590 aegris,
1154 1509 1363 1576 Paternitati
1387 1520 1471 1573 tuae
1495 1507 1577 1575 dice-

360 1636 447 1683 rem:
463 1617 588 1700 reliqui
603 1617 774 1682 mediocri
787 1617 988 1682 ualetudine
1002 1627 1160 1696 utuntur,
1180 1626 1376 1696 curentque
1392 1619 1442 1692 (ut
1458 1615 1578 1688 solent)

358 1735 397 1790 ut
416 1724 610 1806 iniunctum
632 1725 698 1788 sibi
718 1741 823 1805 opus,
847 1741 917 1805 qua
942 1724 1079 1805 possint
1104 1723 1286 1803 diligentia
1312 1733 1347 1786 et
1368 1721 1575 1800 integritate,

358 1832 554 1913 perficiunt.

291 1919 300 1930 ’
420 1939 538 2004 Redeo
553 1940 599 2004 ad
616 1939 662 2017 id,
679 1939 723 2003 de
738 1957 805 2022 quo
821 1939 857 2002 in
872 1939 1045 2020 principio
1057 1939 1227 2020 epistolae
1239 1948 1315 2002 erat
1330 1937 1417 2002 mihi
1429 1946 1579 2005 tractan-

358 2047 454 2126 dum,
470 2045 562 2128 quod
577 2046 717 2125 quidem
732 2047 768 2110 ln
782 2045 888 2110 finem
902 2047 945 2110 de
965 2045 1139 2113 industria
1157 2044 1292 2110 distuli:
1314 2045 1467 2126 primum
1489 2044 1576 2108 enim

358 2155 473 2218 locum
489 2153 644 2218 maxima
658 2153 717 2216 illa
732 2151 799 2216 Dei
815 2151 895 2232 Opt.
912 2152 1007 2217 Max.
1023 2153 1060 2216 in
1078 2169 1145 2216 nos
1158 2151 1329 2216 beneficia
1349 2169 1414 2216 suo
1428 2149 1575 2233 quodum

354 2259 434 2341 jure
449 2260 515 2324 sibi
529 2259 718 2324 uendicare
732 2258 954 2324 uidebantur.
970 2259 1215 2324 Denunciatus
1229 2259 1348 2340 itaque
1363 2268 1416 2323 est
1427 2257 1577 2340 superio·

357 2367 455 2431 ribus
488 2367 666 2431 mensibus
696 2365 901 2448 Olyssiponi
930 2365 1128 2446 jubilaeus,
1157 2365 1399 2446 singularique
1426 2366 1577 2430 omnium

356 2491 532 2538 consensu
547 2483 582 2537 et
596 2471 728 2552 gaudio
743 2473 793 2552 (ut
808 2489 960 2553 aequum
974 2472 1063 2551 erat)
1081 2481 1263 2554 exceptus.
1284 2471 1401 2538 Tanta
1421 2472 1576 2553 frequen·

356 2581 406 2644 tia
422 2580 487 2644 fuit
501 2595 640 2658 eorum,
657 2579 716 2660 qui
732 2580 777 2643 ad
797 2579 1060 2644 sanctissimum
1080 2578 1314 2644 consessionis
1332 2578 1576 2644 eucharistiae·

355 2703 423 2768 que
438 2695 700 2751 sacramentum
716 2687 751 2751 in
766 2695 926 2750 nostrum
940 2685 1129 2766 collegium
1144 2685 1415 2764 conueniebant,
1432 2695 1481 2765 ut,
1500 2703 1575 2751 cum

354 2794 522 2874 perpauci
537 2802 655 2858 essent
668 2793 894 2872 confessarii,
910 2792 1162 2874 quadringenti
1176 2801 1211 2856 et
1225 2792 1372 2873 triginta
1393 2809 1435 2857 eo
1457 2791 1516 2857 die
1534 2791 1575 2862 ud

353 2901 566 2964 dominicam
582 2917 741 2964 mensam
760 2899 987 2966 accesserint.

412 3007 486 3072 Nec
500 3008 611 3072 multo
625 3015 716 3088 post,
733 3008 889 3072 secundo
902 3007 1069 3072 nimirum
1080 3007 1308 3072 Pentecostes
1317 3008 1386 3088 die,
1398 3008 1447 3089 hi,
1460 3009 1520 3089 qui
1534 3008 1577 3078 ab
1679 2989 1680 3040 t

352 3113 618 3194 inquisitoribus
631 3113 668 3177 in
682 3115 825 3178 uincula
840 3114 981 3178 fuerant
992 3112 1155 3196 conjecti,
1168 3114 1205 3178 in
1217 3125 1448 3195 conspectum
1459 3114 1575 3198 populi

352 3229 452 3283 erant
468 3219 685 3300 producendi
700 3221 867 3286 inlocum
882 3221 928 3288 ad
939 3221 1008 3286 hoc
1016 3219 1119 3302 juxta
1130 3237 1229 3286 mure
1240 3231 1505 3304 praeparatum.
1517 3220 1574 3289 Pe·

351 3326 405 3390 tilt
425 3327 476 3405 (ut
494 3326 597 3405 solet)
618 3326 720 3391 Rau·
739 3345 878 3392 necnon
898 3326 1161 3409 Xpianissimus
1179 3328 1379 3397 Cardiualis
1401 3327 1410 3360 ⁸
1430 3347 1452 3394 a
1474 3328 1573 3396 Patre

350 3432 566 3500 Prouinciali
584 3434 607 3510 ¹,
629 3445 667 3499 ut
689 3435 824 3516 aliquot
843 3452 890 3500 ex
907 3434 1041 3501 nostris
1055 3451 1098 3500 co
1119 3435 1354 3516 mitterentur,
1375 3453 1420 3500 ea
1441 3436 1574 3517 potissi·

350 3557 448 3606 mum
461 3540 505 3604 de
518 3551 696 3616 causa„ut
711 3557 784 3622 eos,
800 3543 863 3624 qui
876 3542 922 3608 ad
937 3557 1061 3610 necem
1082 3551 1185 3608 erant
1203 3542 1440 3624 producendi,
1458 3559 1580 3608 conso·

348 3645 518 3724 iurentur,
535 3647 746 3728 optimisque
760 3649 915 3713 consiliis
930 3649 1140 3714 adiuuarent
1154 3658 1261 3730 atque
1275 3649 1483 3716 eorumdem
1497 3665 1574 3714 coo·

348 3753 522 3818 sessiones
536 3755 714 3818 audirent:
729 3753 767 3818 hi
781 3764 883 3820 erant
900 3767 1071 3836 quatuor,
1086 3765 1161 3820 tres
1175 3756 1244 3822 uiri
1259 3765 1295 3820 et
1313 3755 1494 3838 quaedam
1504 3773 1575 3822 mu
1677 3785 1678 3812 r

350 3863 425 3924 lier.
441 3861 540 3926 Missi
555 3873 637 3925 sunt
652 3879 697 3926 ex
711 3872 834 3926 nostro
851 3864 1002 3943 collegio
1017 3862 1086 3926 duo
1102 3861 1227 3930 Patres
1243 3873 1279 3928 et
1292 3864 1439 3946 quidam
1453 3864 1573 3934 irater.

349 3969 410 4048 qui
423 3968 565 4050 quidem
580 3985 643 4049 per
657 3969 791 4049 aliquot
805 3969 881 4033 dies
894 3969 1035 4034 fuerunt
1053 3970 1090 4034 in
1105 3987 1251 4038 carcere
1264 3989 1337 4036 noo
1355 3972 1432 4038 siue
1447 3987 1574 4052 magno

349 4075 549 4138 animorum
564 4073 692 4138 fructu.
708 4075 761 4139 lta
775 4076 870 4140 enim
883 4084 965 4140 sunt
980 4075 1123 4141 accensi
1141 4094 1184 4142 ac
1203 4076 1413 4147 inflammati
1430 4077 1577 4152 Parrum

349 4181 654 4245 cohortationibus
669 4190 705 4245 et
719 4182 894 4260 consiliis,
918 4181 1119 4264 Christique
1141 4184 1315 4266 imprimis
1334 4186 1515 4266 beneficio,
1537 4193 1573 4247 ut
1676 4181 1677 4206 ⁴

348 4305 420 4351 non
435 4288 550 4352 solum
567 4288 759 4369 patienter,
775 4290 959 4354 sedetiam
974 4291 1134 4370 libenter,
1151 4301 1187 4356 et
1199 4303 1238 4358 ut
1252 4292 1300 4360 ab
1312 4292 1449 4361 eisdem
1466 4293 1572 4360 Petri·

348 4396 415 4462 bus
435 4395 569 4476 accepi,
596 4395 827 4460 libentissime
853 4397 900 4462 ad
918 4398 1129 4478 supplicium
1150 4398 1380 4480 festinarent,
1397 4397 1576 4469 Christum

391 4673 399 4706 ¹
427 4673 564 4728 Henrlcuo,
575 4676 617 4729 qul
628 4685 762 4730 supremus
772 4675 797 4718 ln
807 4674 943 4720 Lusitania
954 4673 1094 4730 inquisitor
1103 4683 1170 4720 erut.
1216 4736 1220 4744 .

388 4743 400 4776 ¹
426 4744 707 4792 ldlcbullede'rorreu.
