3578 5534
369 509 406 564 (Ω
753 506 925 566 erraaas
944 521 1214 573 Quaoarunsrass

369 652 623 732 turpitudinem
638 651 874 726 sacerdotum,
890 669 966 716 rem
981 652 1027 715 ad
1049 651 1261 732 Episcopum
1282 653 1400 728 refert,
1422 650 1528 714 tradit
1542 668 1596 714 ra-

370 760 501 823 tionem
516 767 550 822 et
571 759 665 823 uiam
692 758 907 823 reformandi
933 759 1028 822 cleri.
1056 759 1260 822 Assentitur
1286 749 1445 838 optimus'
1462 766 1594 838 pastor,

371 867 478 930 resin
494 883 583 946 opus
598 865 768 942 educitur,
785 875 820 929 et
834 861 1024 946 ‘praeclara
1045 864 1219 945 quaedam
1241 873 1431 946 praecepta
1450 875 1485 927 et
1499 864 1582 928 insti

370 983 446 1036 tuta
458 971 703 1036 sacerdotibus
714 973 876 1052 eduntur,
886 989 976 1051 quae
987 973 1139 1051 quidem,
1153 973 1339 1036 breuitatis
1349 971 1478 1051 gratia,
1492 970 1596 1034 modo

372 1098 444 1144 non
458 1081 661 1144 recensebo,

430 1185 548 1268 Atque
563 1195 601 1250 ut
615 1186 855 1251 institutiones
874 1197 908 1249 et
928 1186 1088 1250 instituta
1109 1189 1353 1262 obseruentur,
1382 1198 1463 1249 sunt
1485 1188 1594 1250 creati

372 1295 408 1355 in
423 1294 589 1358 uniuersa
603 1293 844 1357 iurisdictione
859 1295 959 1357 multi
975 1293 1112 1371 vicarii,
1129 1311 1279 1374 quorum
1295 1293 1441 1373 quisquc
1456 1301 1596 1373 praeest

371 1411 469 1464 certo
493 1399 719 1464 sacerdotum
742 1417 905 1478 numero,
932 1402 1072 1465 illorum
1097 1401 1183 1464 uitia
1207 1409 1323 1479 notat,
1350 1383 1468 1464 mores
1491 1400 1594 1478 regit,

373 1507 571 1587 praeceptis
587 1506 721 1584 imbuit,
738 1517 773 1570 et
787 1506 892 1570 rebus
906 1506 1036 1570 diuinis
1046 1507 1198 1571 instruit.
1212 1506 1330 1586 Quare
1342 1507 1492 1584 singulis
1503 1521 1596 1568 men·

367 1615 468 1679 sibus
483 1615 537 1678 bis
551 1616 700 1695 quisque
715 1614 840 1677 horum
850 1613 1109 1694 praefectorum
1121 1614 1333 1678 conuocabit
1344 1631 1439 1691 suos,
1453 1623 1487 1675 et
1502 1612 1596 1675 insti·

371 1731 447 1785 ruet
460 1731 495 1784 et
523 1721 663 1784 ornabit
691 1721 796 1784 rebus
820 1720 961 1799 diuinis,
992 1731 1027 1784 et
1051 1723 1205 1784 maxime
1233 1721 1292 1784 illa
1320 1721 1479 1796 scientia,
1507 1737 1596 1800 quae

368 1837 509 1910 spectat
523 1828 569 1891 ad
583 1826 779 1891 sacerdotis
791 1827 953 1891 officium.

431 1935 546 2014 Leges
561 1951 669 2014 porro
683 1933 750 1998 hae
776 1943 810 1998 et
835 1935 994 1997 instituta
1014 1935 1082 1997 hac
1107 1935 1245 1998 ratione
1259 1945 1341 1998 sunt
1360 1935 1593 2015 promulgata.

373 2041 550 2122 Principio
564 2041 694 2105 Rector
708 2040 873 2123 praefixit
887 2059 951 2105 sex
971 2051 1031 2104 aut
1053 2051 1187 2122 septem
1209 2058 1322 2122 pagos
1340 2042 1597 2122 frequentiores

372 2149 478 2212 totius
493 2147 756 2228 iurisdictionis
773 2149 810 2211 in
824 2149 890 2211 hos
909 2147 1035 2212 deinde
1055 2149 1257 2212 uniuersum
1277 2149 1501 2212 sacerdotum
1520 2164 1596 2212 coe·

329 2239 334 2246 ’
372 2267 445 2320 tum
459 2254 646 2336 distribuit,
663 2257 728 2319 hos
742 2255 835 2334 huic,
853 2257 931 2318 illos
945 2273 1031 2318 uero
1046 2256 1096 2318 illi
1110 2255 1301 2335 designans
1315 2256 1404 2319 loco:
1421 2264 1496 2319 tum
1512 2271 1596 2318 uero

370 2362 467 2426 iubet
481 2361 537 2426 die
552 2372 649 2426 certo
664 2371 801 2425 mature
816 2363 852 2425 in
867 2363 1037 2442 templum
1052 2363 1185 2440 venire,
1203 2371 1236 2426 et
1248 2379 1533 2442 unumquemque
1546 2362 1596 2425 fa-

369 2487 453 2532 cere
477 2486 552 2533 rem
577 2469 745 2548 diuinam;
772 2485 827 2546 ac,
858 2470 963 2532 rebus
992 2470 1120 2533 diuinis
1140 2468 1322 2544 confectiS,
1353 2469 1448 2532 fores
1476 2471 1596 2550 templi

368 2574 500 2651 claudi,
517 2583 562 2654 et,
581 2575 731 2638 caeteris
746 2575 912 2652 dimissis
929 2578 1026 2639 solos
1046 2576 1250 2640 sacerdotes
1270 2593 1427 2654 manere,
1447 2575 1494 2639 ad
1507 2593 1597 2657 quos

372 2683 476 2744 habet
492 2681 697 2745 concionem
713 2682 755 2744 de
773 2682 971 2745 sacerdotis
987 2681 1112 2762 officio,
1133 2683 1169 2746 in
1192 2700 1262 2763 qua
1281 2683 1422 2762 quidem
1437 2683 1596 2748 oratione

372 2797 508 2852 tantum
534 2788 672 2852 roboris
697 2798 731 2851 et
753 2789 898 2868 spiritus
923 2791 1076 2870 optimus
1101 2789 1204 2871 Jesus
1229 2792 1433 2869 praestabat
1454 2789 1597 2854 Rectori

372 2906 505 2973 nostr0,
527 2904 565 2959 ut
588 2896 688 2959 multi
713 2894 917 2959 sacerdotes
940 2896 1306 2961 animaduerterentur
1331 2906 1365 2960 et
1392 2897 1597 2960 audirentur

369 3003 524 3083 plorare,
541 3012 575 3066 et
589 3021 611 3066 a
626 3005 795 3066 concione
807 3003 924 3082 ipsum
938 3005 1158 3068 uisitatorem
1169 3005 1434 3084 lachrymantes
1446 3005 1597 3084 alloque-

369 3120 502 3174 rentur.

430 3217 470 3280 In
488 3218 660 3298 proximis
686 3219 1025 3298 congregationibus
1046 3219 1274 3299 praescripsit
1295 3218 1538 3282 sacerdotibus
1561 3227 1598 3280 ut

370 3325 531 3405 quisque,
558 3341 665 3404 quam
689 3325 841 3388 formam
867 3325 1073 3388 absoluendi
1100 3334 1246 3402 teneret,
1273 3325 1506 3404 describeret,
1528 3341 1598 3406 quo

372 3429 407 3494 id
425 3447 534 3494 unum
550 3431 641 3495 inter
656 3441 797 3495 caetera
817 3430 909 3494 foret
930 3449 1054 3494 uerum
1074 3442 1108 3494 et
1131 3448 1351 3511 expressum,
1373 3433 1598 3511 ignorantiae

371 3537 603 3602 sacerdotalis
615 3539 864 3614 testimonium,
882 3548 958 3602 tum
971 3555 1057 3601 uero
1073 3555 1142 3619 quo
1157 3547 1191 3600 et
1204 3537 1278 3616 ipse
1290 3537 1488 3618 Episcopus
1500 3555 1599 3618 aper·

370 3646 440 3707 tius
465 3645 676 3723 intelligeret
701 3645 867 3708 miseram
889 3645 1126 3708 conditionem
1146 3654 1180 3706 et
1202 3644 1297 3707 vitae
1312 3645 1468 3708 rationes
1482 3661 1598 3709 sacer·

370 3752 504 3827 dotum,
518 3750 656 3830 illisque
667 3769 730 3831 pro
742 3751 877 3815 uiribus
890 3753 1073 3814 consulere
1085 3751 1288 3830 eniteretur;
1301 3750 1526 3815 sacerdotum
1537 3751 1599 3831 igi·

369 3871 428 3921 tur
438 3859 596 3938 plerique
606 3859 739 3921 nullam
750 3857 902 3920 formam
913 3857 1118 3921 absoluendi
1129 3858 1306 3936 tenebant,
1320 3875 1433 3939 neque
1442 3859 1598 3922 scribere

371 3982 485 4044 neque
513 3965 705 4045 depingere
730 3964 905 4042 sciebant,
933 3974 972 4026 ut
1001 3983 1046 4027 ex
1071 3964 1225 4044 propriis
1248 3964 1390 4044 scriptis
1416 3965 1597 4029 hominum

372 4087 608 4148 cognosceres
636 4069 846 4134 industriam
877 4081 912 4133 et
937 4071 1162 4151 sapientiam,
1191 4079 1225 4133 et
1250 4071 1407 4134 nonnulli
1433 4080 1598 4152 portenta

367 4165 545 4256 quaedam
571 4189 605 4243 et
629 4187 788 4242 monstra
813 4179 1003 4242 uerborum
1029 4194 1093 4256 pro
1119 4186 1348 4241 sacrosancta
1379 4178 1599 4243 absolutione

371 4284 439 4346 sibi
458 4296 682 4365 usurparent.

434 4388 522 4453 Sunt
537 4403 570 4455 et
585 4393 728 4474 quidam
744 4393 886 4474 reperti,
900 4393 961 4472 qui
972 4393 1210 4473 quadraginta
1221 4410 1335 4457 annos
1347 4411 1470 4458 curam
1481 4410 1599 4473 gesse·

372 4505 454 4560 runt
469 4497 668 4562 animarum
682 4509 716 4562 et
731 4517 912 4581 nunquam
928 4501 1113 4562 absoluere
1127 4510 1313 4576 nouerunt;
1331 4509 1377 4578 et,
1393 4499 1486 4580 quod
1506 4501 1598 4564 dete·

372 4605 445 4666 rius
460 4613 524 4682 est,
541 4615 686 4685 propter
698 4606 971 4684 ignorationem,
986 4623 1109 4670 omnes
1120 4624 1249 4670 causas
1261 4615 1295 4670 et
1307 4607 1504 4670 animarum
1517 4623 1599 4670 con·

367 4711 565 4774 trouersias
581 4711 754 4792 (quamvis
766 4721 826 4774 aut
839 4715 882 4776 ad
895 4713 1121 4794 Episcopum,
1135 4714 1254 4777 autad
1268 4713 1473 4778 Pontificem
1489 4719 1599 4782 maxi-
