3472 5528
392 496 448 558 264
775 495 945 556 errsnan
970 511 1240 565 ouanantnsruss

393 643 467 723 sed,
492 645 562 708 sint
582 645 658 708 Deo
683 647 876 708 immensae
895 645 1045 724 gratiae,
1071 644 1213 724 pauculi
1238 646 1329 708 rami
1355 644 1499 708 dissecti
1524 653 1615 722 sunt:

392 752 535 834 purgati
550 761 631 816 sunt
646 751 783 833 reliqui,
800 769 843 815 ac
858 749 993 814 firmius
1008 751 1169 829 radicati:
1186 752 1308 816 inserti
1323 760 1374 815 tot
1390 752 1516 831 denuo,
1533 763 1615 833 quot

393 861 456 923 vix
475 857 667 922 sufficimus
689 859 969 924 confessionibus
991 867 1026 921 et
1045 859 1351 922 communionibus
1375 862 1559 923 excolere:
1583 871 1615 922 et

394 983 465 1047 qua
488 967 548 1030 via
573 967 641 1047 piis
665 977 701 1031 et
719 965 896 1045 religiosis
920 965 1047 1030 studiis
1071 964 1327 1030 detrahendum
1348 965 1551 1045 videbatur,
1578 983 1616 1029 ea

394 1073 567 1138 Dominus
583 1084 633 1149 (ut
653 1073 753 1148 solet)
774 1090 905 1136 nouam
923 1081 957 1136 et
977 1073 1264 1136 excellentiorem
1282 1073 1484 1154 opinionem
1505 1073 1616 1138 conci·

394 1181 504 1260 liauit,
523 1181 626 1262 idque
642 1181 736 1261 apud
757 1182 888 1262 probos
901 1189 936 1244 et
957 1181 1093 1260 doctoS,
1110 1181 1204 1261 apud
1218 1182 1403 1262 religiosos
1424 1183 1559 1263 pariter
1578 1199 1618 1244 ac

396 1291 575 1353 seculares
594 1289 703 1367 viros;
720 1289 800 1352 heu!
822 1289 1043 1352 imbellicitas
1062 1289 1171 1353 animi
1190 1289 1258 1353 mei
1278 1289 1346 1353 hoc
1368 1289 1493 1368 effecit,
1517 1307 1616 1372 quae,

395 1397 426 1460 si
440 1397 600 1476 digerere
621 1397 757 1460 valeret
777 1397 928 1460 solidum
948 1396 1041 1460 bunc
1064 1397 1190 1476 cibum,
1212 1414 1282 1461 non
1297 1396 1445 1462 fuissent
1461 1396 1546 1461 mihi
1569 1405 1619 1461 tot

396 1506 610 1569 salsamenta
626 1513 659 1567 et
674 1502 899 1568 condimenta
915 1504 1130 1568 necessaria.

454 1611 519 1674 His
534 1611 732 1675 calcaribus
752 1630 773 1673 a
789 1605 942 1675 Domino
963 1612 1124 1692 excitati,
1141 1612 1346 1676 feruentiori
1366 1612 1483 1677 animo
1506 1614 1620 1692 coepi·

395 1737 473 1783 mus
488 1718 717 1782 concionibus
737 1727 770 1782 et
792 1718 1070 1795 confessionibus
1090 1719 1272 1784 insudare:
1296 1721 1439 1802 insuper
1461 1720 1619 1804 doctrina

395 1826 641 1892 christianam
657 1825 771 1890 tribus
784 1826 983 1907 parrochiis
997 1827 1135 1907 pueris,
1152 1836 1226 1891 tam
1240 1827 1360 1891 liberis
1375 1843 1482 1908 quam
1495 1827 1619 1904 seruis,

395 1933 588 2015 proposita,
615 1943 649 1997 et
675 1933 710 1996 in
733 1951 805 1996 vna
833 1950 956 1998 earum
980 1933 1265 2016 frequentissimo
1290 1937 1420 2016 populo
1445 1934 1621 2015 explicata

395 2041 471 2120 fuit;
489 2058 569 2104 cum
584 2050 701 2104 autem
717 2040 895 2104 auditores
911 2041 956 2105 ad
978 2040 1180 2120 erogandas
1199 2042 1432 2106 eleemosinas
1457 2042 1620 2106 exhorta·

395 2167 513 2214 remur
529 2148 611 2228 (fuit
625 2150 717 2213 enim
734 2148 769 2212 in
784 2149 851 2211 hac
865 2148 1050 2230 provincia
1066 2157 1164 2213 tanta
1178 2151 1327 2230 penuria
1344 2159 1381 2214 vt
1396 2149 1555 2213 nonnulli
1567 2166 1622 2212 or·

394 2258 524 2322 daceos
539 2255 692 2320 furfures
705 2272 771 2337 pro
787 2271 890 2336 pane,
907 2263 941 2320 et
957 2265 1078 2320 coctas
1093 2258 1246 2335 maluaS,
1262 2257 1338 2320 sine
1354 2259 1432 2322 oleo
1450 2257 1506 2320 vel
1521 2263 1622 2320 aceto

394 2366 465 2429 vllo
482 2379 545 2445 pro
560 2362 795 2434 condimento,
812 2364 1063 2443 vescerentur),
1081 2364 1116 2428 iu
1128 2372 1264 2428 tantam
1275 2364 1620 2429 commiserationem

395 2473 533 2537 animos
548 2489 670 2536 eorum
684 2469 858 2535 Dominus
873 2472 1077 2552 concitauit,
1093 2480 1132 2536 vt
1155 2474 1284 2536 multus
1298 2473 1413 2553 panis,
1429 2475 1549 2554 plures
1564 2489 1622 2554 pe·

395 2581 531 2658 cuniae,
559 2579 729 2660 plurimus
755 2579 905 2643 mundus
930 2581 1121 2659 muliebris
1148 2581 1185 2643 ia
1207 2579 1402 2645 subsidium
1428 2598 1623 2662 pauperum

394 2689 545 2752 collatus
561 2687 619 2751 sit:
635 2687 724 2751 haec
737 2688 888 2750 annulos
903 2705 922 2750 e
937 2687 1069 2767 digitis,
1085 2687 1296 2752 illainaures
1307 2688 1352 2751 ab
1364 2689 1519 2769 auribuS,
1534 2690 1624 2754 haec

395 2795 564 2872 armillas,
587 2795 699 2858 altera
722 2804 868 2873 vestem,
885 2794 956 2858 alia
977 2793 1126 2876 denique
1149 2796 1361 2859 calanticam
1384 2815 1405 2859 a
1427 2797 1545 2878 capite
1567 2797 1623 2862 de·

394 2911 546 2984 tractam
561 2901 770 2981 erogabant,
786 2901 911 2981 quibus
925 2901 1029 2981 graui
1049 2901 1193 2983 fereque
1213 2913 1393 2967 extremae
1416 2905 1625 2969 necessitati

393 3011 636 3091 plurimorum,
654 3025 724 3072 uon
739 3008 852 3073 solum
868 3009 905 3073 in
920 3009 1075 3090 ciuitate,
1093 3009 1155 3073 sed
1169 3009 1277 3075 etiam
1289 3020 1389 3074 extra
1403 3011 1528 3092 ipsam,
1545 3013 1623 3076 sub-

394 3126 539 3181 uentum
556 3127 620 3180 est.

454 3225 583 3291 Habita
599 3227 751 3305 quadam
768 3227 939 3290 concione
961 3226 1006 3289 ad
1029 3225 1236 3306 prostitutas
1259 3227 1475 3305 meretrices,
1500 3226 1624 3292 eduxit

392 3333 566 3398 Dominus
587 3333 632 3396 ad
656 3334 766 3397 vitam
786 3333 968 3398 meliorem
983 3333 1137 3414 quinque
1159 3351 1204 3396 ex
1225 3332 1439 3396 suburbanis
1453 3333 1560 3398 huius
1577 3335 1625 3398 ci·
1645 3355 1653 3374 ·

392 3444 529 3523 uitatis;
546 3449 619 3506 tres
633 3458 736 3518 vero,
753 3441 822 3504 alia
842 3441 1030 3517 concione,
1054 3459 1099 3504 ex
1114 3439 1244 3521 oppido
1264 3440 1401 3504 ciuitati
1417 3441 1554 3505 vicino:
1581 3461 1624 3505 ex

392 3548 447 3612 his
462 3549 553 3612 aliae
568 3548 749 3628 religioni,
767 3548 857 3612 aliae
872 3548 996 3628 nuptui
1018 3548 1170 3611 traditae
1192 3555 1284 3612 sunt.
1308 3547 1453 3612 Praeter
1476 3550 1619 3614 solitam

391 3655 563 3720 hactenus
577 3673 663 3736 erga
679 3672 861 3719 carcerem
876 3663 910 3718 et
925 3653 1149 3719 xenodochia
1163 3671 1299 3735 euram,
1317 3656 1550 3720 conuenimus
1565 3657 1623 3720 his
1719 3713 1720 3738 ,

392 3764 515 3828 diebus
530 3763 575 3827 ad
590 3764 664 3838 illa,
682 3779 776 3826 nunc
791 3771 879 3841 tres,
896 3779 990 3825 nunc
1005 3771 1158 3842 quatuor
1178 3762 1400 3827 sacerdotes:
1422 3763 1626 3828 audiuimus
1719 3741 1720 3818 l

392 3889 463 3936 non
477 3888 623 3952 paucaS,
639 3871 702 3935 sed
717 3870 938 3934 necessarias
950 3878 984 3934 et
1000 3887 1155 3934 annosas
1167 3886 1362 3951 pauperum
1374 3880 1409 3935 et
1421 3871 1624 3936 vinctorum

393 3980 645 4058 confessiones,
661 3995 774 4059 neque
790 3979 824 4042 id
835 3979 910 4041 sine
926 3993 1056 4058 magno
1073 3977 1232 4058 profectu
1244 3986 1278 4041 et
1290 3978 1387 4042 vitae
1398 3979 1555 4044 euidenti
1571 3997 1626 4044 re-

392 4089 619 4152 formatione:
642 4086 740 4163 hinc,
761 4085 920 4149 remissis
940 4084 1096 4163 iniuriis,
1117 4102 1189 4167 pax
1207 4085 1298 4150 inter
1319 4085 1457 4167 aliquos
1479 4103 1626 4167 compo·
1719 4082 1720 4102 ¹

394 4196 464 4260 sita
480 4203 543 4259 est.
1719 4253 1720 4256 ,

363 4343 373 4363 .
430 4341 432 4346 -
455 4302 655 4367 Visitarunt
670 4302 813 4385 quidam
829 4319 872 4366 ex
892 4303 1024 4367 nostris
1041 4301 1165 4366 Patres
1185 4319 1312 4367 nouem
1335 4301 1466 4383 oppida
1485 4302 1629 4367 ciuitati
1719 4353 1720 4356 ,

396 4412 477 4475 huic
494 4410 622 4487 vicina,
639 4411 673 4472 in
689 4410 815 4491 quibus
831 4427 934 4473 mane
955 4411 1145 4473 conciones
1164 4409 1354 4488 habebant:
1376 4426 1526 4490 vespere
1541 4427 1627 4475 con·

393 4517 565 4598 gregatis,
582 4527 730 4581 sonante
746 4517 909 4593 cimbalo,
927 4518 1055 4598 pueris,
1080 4517 1279 4582 doctrinam
1302 4517 1535 4582 christianam
1559 4519 1629 4582 cir·
1719 4507 1720 4544 l

394 4643 476 4689 cum
490 4626 657 4708 oppidum
671 4643 762 4690 voce
778 4626 906 4691 deuota
925 4643 1037 4707 vsque
1054 4627 1100 4690 ad
1115 4626 1303 4690 ecclesiam
1322 4625 1535 4704 referebant,
1561 4627 1627 4691 ibi·
1719 4613 1720 4682 l

396 4750 463 4818 que
480 4734 706 4816 congregatis
722 4734 908 4817 oppidanis
923 4733 1164 4814 declarabant,
1178 4741 1410 4818 segregantes
1423 4733 1626 4826 studiosum
