3410 5528
353 497 409 562 w
738 497 913 559 errnnan
929 509 1199 566 manninasrarts

353 643 500 709 nissimo
515 645 667 709 iubilaeo
683 653 783 709 tanta
795 643 841 708 ad
851 660 917 708 nos
928 643 1115 708 multitudo
1127 643 1295 722 cucurrit,
1309 652 1348 707 vt
1358 643 1420 708 uix
1432 641 1511 708 cibo
1526 659 1583 707 su·

353 751 492 827 mendo,
507 763 569 815 aut
583 751 680 815 horis
693 750 896 829 recitandis
913 759 1052 832 tempus
1066 749 1223 814 daretur.
1243 748 1409 831 Longum
1431 761 1525 816 esset
1539 751 1584 815 si·

352 857 502 938 gillatim
525 857 645 924 dicere
666 874 774 940 quam
794 858 894 922 multi
914 856 1045 921 fuerint
1065 857 1250 939 vtriusque
1274 874 1382 922 sexus
1408 857 1582 933 homines,

352 983 502 1046 quorum
515 965 576 1029 alii
589 982 611 1028 a
625 975 788 1047 quatuor,
804 964 864 1028 alii
878 983 901 1028 a
915 965 1081 1046 quinque,
1101 963 1163 1028 alii
1183 981 1204 1030 a
1220 981 1284 1028 sex
1299 965 1414 1046 annis,
1437 963 1583 1030 manda·

352 1072 398 1137 tis
411 1071 592 1136 Ecclesiae
605 1071 613 1102 ¹
626 1080 911 1152 nonparuerant.
924 1069 1095 1135 Foemina
1107 1069 1295 1152 quaedam,
1308 1087 1379 1135 non
1392 1070 1582 1136 attendens

352 1195 457 1260 quam
472 1179 709 1260 periculosum
722 1178 768 1242 sit
783 1194 913 1259 corpus
927 1177 1143 1242 dominicum
1158 1177 1302 1257 indigne
1314 1194 1465 1256 sumere,
1486 1175 1586 1243 omni

351 1301 483 1366 genere
494 1285 653 1350 sordium
667 1285 920 1363 contaminata,
936 1301 999 1366 per
1013 1284 1141 1365 viginti
1154 1285 1309 1367 quinque
1324 1302 1437 1350 annos
1448 1287 1486 1349 in
1503 1302 1582 1366 pec·

351 1405 432 1457 cato
447 1394 587 1457 mortali
607 1393 945 1471 communicauerat;
962 1407 1052 1472 quae
1064 1390 1207 1456 tandem
1218 1401 1367 1473 mutata,
1387 1408 1459 1456 non
1478 1409 1586 1457 secus

351 1516 393 1564 ac
407 1500 583 1580 quaedam
596 1499 608 1530 ¹
623 1499 846 1580 Magdalena,
863 1507 1049 1563 anteactae
1063 1499 1158 1563 uitae
1168 1498 1424 1584 turpitudinem
1439 1516 1525 1564 cum
1535 1501 1583 1564 la·

349 1607 542 1670 erimarum
555 1605 724 1671 effusione
738 1604 953 1670 salutariter
968 1603 980 1636 ⁸
995 1605 1148 1685 defleuit,
1164 1614 1199 1670 et
1214 1606 1319 1686 signa
1333 1623 1441 1672 uerae
1460 1607 1584 1688 poeni·

351 1714 482 1778 tentiae
496 1713 599 1778 nobis
614 1713 777 1778 ostendit.
794 1711 875 1778 Alia
890 1713 1077 1794 quaedam,
1094 1713 1189 1778 intra
1202 1729 1331 1778 nouem
1345 1729 1459 1778 annos
1470 1715 1585 1778 semel

348 1831 486 1885 tantum
500 1820 675 1900 consessa,
695 1820 831 1883 dicebat
845 1837 884 1883 se
904 1818 1021 1899 graui
1032 1820 1153 1884 morbo
1168 1818 1391 1902 compulsam
1412 1837 1491 1885 esse
1506 1818 1520 1852 ⁴
1536 1821 1585 1886 nd

348 1928 501 2008 priorem
517 1928 625 1992 uitam
637 1924 896 2006 corrigendam.
910 1925 977 1989 Vir
987 1925 1132 2008 quidam
1143 1925 1326 1990 inimicum
1336 1927 1482 2006 habens,
1496 1945 1584 1993 cum

349 2051 419 2116 quo
435 2035 641 2116 ingratiam
659 2033 776 2097 redire
797 2032 951 2112 nolebat,
973 2050 1125 2115 semper,
1148 2032 1231 2097 dum
1242 2041 1384 2114 precem
1399 2032 1417 2065 '¹
1430 2034 1584 2100 domini·

348 2158 428 2205 cam
441 2141 620 2218 recitaret,
642 2140 828 2205 omittebat
850 2140 946 2204 illam
959 2149 1097 2221 partem
1119 2145 1168 2218 (et
1186 2138 1325 2203 deint'tte
1339 2140 1441 2206 nobis
1462 2141 1585 2206 debr‘ta

347 2253 475 2312 nostra
489 2247 583 2312 se'cut
602 2245 708 2328 etc.)⁸
724 2247 793 2327 hic,
813 2257 1001 2328 postquam
1016 2247 1262 2312 sacerdotibus
1275 2250 1408 2313 nostris
1428 2259 1553 2314 errata
1574 2248 1586 2280 ²

347 2355 522 2438 exposuit,
536 2356 580 2419 de
591 2355 634 2418 iis
644 2353 895 2436 poenitentiam
902 2353 995 2433 fecit
1007 2353 1030 2433 ⁸,
1051 2363 1086 2418 et
1097 2353 1265 2436 deinceps
1279 2371 1344 2436 pro
1355 2355 1500 2422 inimico
1512 2371 1586 2422 suo

346 2480 385 2528 se
398 2463 490 2527 velle
505 2478 608 2528 orare
623 2461 725 2528 nobis
738 2461 916 2542 pollicitus
930 2469 994 2526 est.
1011 2461 1125 2538 Alius,
1141 2471 1247 2544 rupto
1261 2461 1489 2528 sanctissimo
1502 2462 1581 2529 ioe-

346 2569 430 2634 dere
445 2567 670 2647 matrimonii,
687 2578 822 2648 septem
836 2568 940 2632 annis
954 2586 976 2632 a
991 2564 1165 2648 coniuge⁹
1180 2585 1261 2634 cum
1275 2579 1431 2650 cognata
1443 2568 1587 2636 foedis·

345 2676 433 2742 sime
449 2677 599 2755 uixerat,
615 2675 687 2757 qui,
711 2687 937 2754 peccatorum
950 2676 1043 2738 mole
1057 2674 1229 2756 deposita,
1248 2676 1387 2741 nostris
1402 2673 1426 2706 ¹⁰
1445 2676 1581 2744 adhor-

345 2783 550 2862 tationibuS,
568 2782 615 2847 ad
628 2799 777 2846 vxorem
790 2781 904 2846 rediit.

404 2889 467 2954 Est
487 2889 582 2971 apud
600 2890 732 2954 siculos
751 2905 827 2952 mos
847 2898 886 2952 vt
906 2887 967 2952 lilii
986 2897 1021 2953 et
1042 2888 1135 2954 filiae
1155 2901 1342 2970 parentum
1362 2906 1491 2956 manus
1519 2909 1585 2960 ve·

344 2998 439 3078 speri
452 3008 488 3060 et
506 3013 610 3062 mane
625 2997 885 3074 exosculentur,
902 3012 971 3077 quo
990 2997 1231 3061 uenerationis
1245 2997 1349 3078 signo
1369 3014 1409 3062 se
1422 2999 1587 3080 morige-

344 3121 404 3168 ros
424 3103 570 3185 Deoque
590 3113 625 3167 et
645 3101 851 3184 parentibus
874 3099 1030 3167 debitum
1053 3103 1227 3168 honorem
1250 3102 1475 3170 tribuendum
1497 3123 1588 3174 esse
1641 3115 1644 3121 “

344 3211 600 3276 demonstrant:
615 3209 801 3290 quaedam,
818 3225 862 3272 ne
878 3207 945 3272 hoc
965 3209 1111 3290 iaceret,
1127 3226 1192 3274 sex
1207 3227 1321 3275 annos
1340 3211 1386 3276 ab
1402 3211 1500 3276 omni
1526 3232 1586 3279 sa·

344 3327 607 3382 crementorum
618 3316 843 3397 susceptione
854 3315 1083 3382 abstinuerat:
1097 3333 1202 3394 nunc,
1215 3318 1334 3397 gratie
1348 3316 1417 3382 Dei
1426 3325 1496 3398 per
1510 3337 1588 3388 nos

344 3435 525 3505 operante,
539 3440 578 3487 se
594 3422 615 3454 ¹¹
628 3423 767 3503 penitus
781 3421 993 3488 emendeuit.
1008 3423 1090 3488 Fuit
1104 3433 1139 3488 et
1154 3422 1223 3488 alia
1239 3424 1426 3505 quaedam,
1442 3441 1589 3494 conata

344 3547 408 3612 per
422 3531 586 3613 potiones
601 3540 635 3593 et
656 3528 913 3594 medicamenta
928 3528 1093 3596 abortum
1111 3529 1241 3610 iacere,
1262 3547 1355 3611 quae
1376 3548 1457 3596 cum
1476 3533 1586 3602 uide·

345 3649 398 3702 ret
410 3639 477 3702 hac
489 3647 566 3702 arte
577 3635 665 3700 nihil
675 3635 762 3715 fieri,
775 3636 884 3700 aliam
894 3637 1043 3702 tenteuit
1054 3637 1163 3702 viam:
1175 3636 1273 3702 humi
1283 3647 1478 3720 prostrata,
1492 3657 1597 3709 ven·-

344 3753 398 3808 tre
413 3747 551 3809 coelum
564 3759 701 3823 uersus,
717 3742 851 3806 tamdiu
865 3759 904 3807 se
918 3744 1087 3824 mancipii
1099 3743 1167 3824 sui,
1182 3742 1359 3810 foeminae
1373 3745 1589 3816 robustissi·

384 4023 394 4058 ⁸
422 4023 494 4068 eirca
505 4022 685 4078 consessionis
695 4023 896 4066 sacromentum
907 4020 1007 4067 eddidit
1019 4021 1147 4070 Polencus

386 4093 399 4126 ί
425 4093 677 4138 altere.l’otercos.

385 4163 398 4198 ⁸
424 4163 633 4210 relabemuln,
666 4197 670 4204 .

384 4240 395 4271 ⁴
424 4235 479 4281 Deo
489 4235 603 4280 iuuante
613 4235 733 4281 adducta
743 4240 792 4280 est.
804 4231 845 4280 ln.

370 4308 397 4346 .⁸
423 4309 582 4353 orationem.
594 4307 635 4352 lo.

383 4379 396 4414 ⁶
421 4383 493 4427 sicut
503 4383 530 4425 et
539 4389 587 4424 nos
596 4380 763 4423 alrammus
772 4378 941 4424 debitoribus
952 4381 1061 4425 nostris.
1074 4379 1114 4427 lo.

384 4451 395 4486 ἱ
423 4451 634 4499 επιὶιειιωυ.

386 4523 401 4562 ⁸
426 4523 538 4582 nudo.

386 4593 399 4630 ⁰
425 4598 532 4654 coniuge
543 4598 696 4652 separatus.
707 4594 743 4638 lo.

377 4667 400 4704 ¹⁰
424 4667 635 4725 peremtuslo.

375 4739 398 4776 ¹⁸
423 4741 512 4796 gretie
522 4739 570 4784 Dei
581 4739 609 4784 ed
619 4745 752 4796 operante,
764 4749 883 4786 errorem
894 4749 984 4788 mm.
994 4737 1034 4788 lu.
