3436 5526
386 503 442 566 (ἃ
774 587 783 610 α
850 505 1026 566 Aeeruolx
1045 521 1150 566 eamn

385 652 644 716 notablemente
659 657 737 717 mas
752 670 820 733 que
835 664 933 716 otros
948 651 1155 717 studiantes.
1171 653 1281 732 Plega
1301 657 1323 715 tt
1344 652 1385 716 Ν.
1409 650 1445 715 S.
1468 669 1533 732 que
1550 651 1602 713 aia

386 759 629 822 misericordia
644 759 688 822 de
702 777 763 822 sus
777 761 927 824 animas.

445 1081 711 1163 superscriptio
726 1084 764 1146 in
779 1090 912 1163 quarta
921 1084 1084 1164 pagina:
1105 1007 1180 1165 fils.
1203 1082 1250 1146 Al
1264 1100 1349 1164 muy
1363 1081 1441 1146 R.<¹⁰
1460 1099 1502 1146 en
1517 1079 1597 1159 xpo.

384 1187 499 1252 Pad1·e
514 1190 545 1252 el
560 1188 674 1252 Padre
691 1189 770 1253 M50
786 1189 931 1269 Ignacio
946 1189 1125 1270 preposito
1139 1190 1286 1269 general
1300 1190 1343 1254 de
1358 1190 1393 1252 la
1413 1187 1599 1268 Compalliu

384 1296 428 1358 de
442 1295 557 1378 Jesus,
574 1315 616 1359 en
633 1296 756 1360 Roma.

444 1403 529 1466 Alia
543 1421 670 1467 manu:
689 1403 766 1467 1553
779 1408 800 1468 ¹.
817 1403 950 1484 Quadr.
968 1404 1133 1468 Coimhra
1148 1402 1190 1467 30
1203 1403 1239 1468 di
1253 1403 1466 1468 Decembre.

443 1721 543 1800 Pag.
564 1723 662 1800 505,
675 1730 760 1803 post
784 1725 960 1803 hispanus
979 1722 1227 1786 Emmanuelis
1246 1723 1304 1800 (de
1329 1722 1440 1798 Saa?)
1466 1721 1600 1785 litteras

382 1829 573 1892 inserenda
588 1847 757 1910 sequens:

487 2259 699 2304 Praecedcntlum
708 2261 799 2304 fratris
808 2259 985 2306 Emmanuelis
1005 2261 1035 2304 de
1046 2262 1118 2313 Saul)
1128 2261 1276 2304 lltternrum
1286 2261 1369 2306 latinu
1379 2261 1468 2306 versio
1479 2263 1496 2304 ¹.

954 2455 1037 2568 tiis

438 2694 516 2758 Rflt
539 2695 574 2759 in
590 2695 730 2760 Christo
747 2695 864 2760 Pater.

438 2801 564 2867 Gratia
581 2814 615 2866 et
640 2821 710 2883 pax
735 2803 879 2867 Domini
905 2803 1017 2867 nostri
1040 2803 1124 2886 Jesu
1149 2803 1281 2868 Christi
1303 2803 1348 2868 sit
1374 2821 1513 2884 semper
1524 2821 1597 2867 cum

377 2911 549 2974 omnibus.
567 2910 694 2974 Amen.

436 3016 736 3097 Quadrimestrem
752 3019 937 3097 epistolam
952 3017 1129 3081 scribendi
1145 3035 1282 3100 mutius,
1300 3015 1345 3080 ad
1361 3017 1398 3082 id
1412 3018 1493 3081 licet
1507 3019 1595 3097 inep-

376 3133 444 3203 tus,
462 3125 641 3204 suscipere
656 3125 773 3188 iussus
787 3141 877 3202 sum;
895 3125 952 3187 cui
966 3124 1059 3186 enim
1070 3123 1105 3186 id
1116 3123 1232 3188 lucrat
1244 3124 1378 3204 negotii
1392 3125 1596 3195 iniunctum,

375 3232 446 3294 iam
458 3231 593 3310 pridem
605 3231 688 3294 hinc
701 3232 770 3294 alio
782 3229 977 3310 Dionysius
988 3231 1118 3293 missus
1129 3239 1194 3307 est,
1204 3229 1240 3294 id
1251 3229 1346 3311 quod
1358 3249 1464 3313 quam
1474 3241 1594 3311 potero

375 3354 482 3416 agam
501 3337 720 3401 breuissime.

435 3443 480 3506 Et
495 3444 635 3524 quidem
648 3453 685 3508 ut
697 3445 857 3508 omittam
866 3443 1132 3508 aduentantium
1144 3443 1380 3526 frequentiam
1391 3455 1426 3507 et
1438 3443 1482 3507 ad
1494 3444 1597 3507 susci·

374 3551 739 3632 piendasacramenta
754 3552 1019 3632 spiritualiaque
1038 3551 1212 3632 colloquia
1226 3549 1285 3632 [et]
1309 3553 1491 3628 exercitia,
1511 3569 1596 3632 quae
1695 3551 1696 3620 j

373 3657 441 3722 Dei
455 3658 573 3738 gratia
588 3659 723 3723 maiora
738 3660 774 3722 in
788 3659 865 3722 dies
879 3659 1008 3739 accipit
1023 3659 1253 3736 incrementa,
1276 3675 1371 3722 nunc
1391 3659 1593 3738 praesertim
1695 3653 1696 3694 l

374 3784 481 3847 quum
495 3783 557 3829 eos
582 3777 616 3830 el
641 3765 678 3829 Ρ.
706 3764 941 3829 Prouincialis
959 3765 1109 3845 publicis
1134 3765 1376 3841 concionibus¹
1406 3775 1441 3828 et
1463 3763 1500 3827 P.
1521 3765 1594 3828 Em·

373 3875 515 3938 manuel
528 3873 837 3937 adhortationibus
858 3882 1043 3952 tantopere
1058 3872 1103 3935 ad
1122 3873 1269 3936 meliora
1289 3881 1546 3950 commoneant,
1562 3883 1595 3934 ut

372 3980 440 4062 piis
455 3980 611 4043 omnium
625 3981 718 4042 uotis
733 3986 884 4059 nequeat
898 3977 974 4042 fieri
988 3979 1087 4058 satis;
1111 3989 1149 4042 ut
1164 3979 1270 4042 etiam
1289 3987 1429 4042 taceam
1447 3977 1596 4042 domilo·

372 4088 491 4169 risque
506 4087 688 4151 literarum
700 4085 869 4150 exercitia
881 4085 1147 4163 iniectionibus,
1160 4085 1429 4166 repetitionibus
1441 4093 1473 4148 et
1485 4085 1595 4165 dispu-

372 4193 574 4263 tentionibus:
594 4203 676 4256 sunt
700 4193 844 4256 enimin
865 4193 997 4255 nostris
1020 4191 1207 4272 dialectici,
1235 4193 1373 4274 physici
1396 4203 1431 4256 et
1444 4192 1594 4272 theologi

371 4318 443 4365 non
457 4302 574 4381 pauci:
591 4318 655 4364 sex
669 4301 763 4364 enim
778 4299 990 4378 theologiae,
1007 4299 1223 4380 totidemque
1243 4300 1414 4381 physicae
1426 4300 1595 4380 (quamuis

411 4543 418 4574 ¹
448 4543 498 4588 liic
507 4544 586 4587 etlam
597 4543 721 4598 scriptum
731 4545 816 4598 primo
826 4542 912 4586 iuerat
924 4542 982 4592 tent:
993 4553 1084 4586 verum
1095 4552 1186 4587 manns
1196 4549 1269 4586 certo
1279 4542 1387 4596 antiqua
1395 4541 1505 4586 mutavit
1516 4539 1562 4584 lln
1572 4541 1593 4581 8·

409 4616 421 4648 ¹
449 4616 619 4671 apographi.
629 4615 653 4657 in
662 4611 714 4657 voli
725 4613 974 4666 Quadrimestrinm
985 4613 1061 4664 1555,
1071 4613 1132 4656 lolio
1145 4613 1250 4668 duplici,
1260 4624 1303 4658 nn.
1313 4613 1382 4658 ollm.
1391 4613 1431 4658 218
1440 4618 1465 4656 et
1474 4611 1591 4664 219,ch

369 4699 433 4732 vero
445 4687 483 4732 ut
494 4693 520 4731 et
532 4685 813 4746 ltl.-Quaedamhaeq
827 4685 915 4736 habet,
926 4695 992 4739 quae
1009 4685 1034 4727 in
1049 4684 1157 4738 hispano
1172 4686 1292 4739 exemplo
1309 4685 1494 4734 desiderantur.
1507 4689 1534 4726 et
1543 4683 1593 4726 nlla

368 4758 568 4816 praetermittit.
578 4768 643 4813 quae
655 4755 689 4799 lbi
700 4755 839 4799 habentur.
