3368 5528
402 471 460 534 548
790 471 961 534 errsnas
979 487 1249 544 ouaournsrrtns

402 627 544 701 patrum
566 635 609 682 ac
631 617 782 683 fratrum
803 618 1039 700 patrocinium
1061 619 1235 684 humiliter
1258 616 1487 698 imploramus.
1508 608 1591 684 Vale,

402 725 625 791 obseruande
640 726 676 789 in
692 725 835 790 Christo
850 724 966 790 Pater.

462 833 611 914 Bluona,
628 834 749 916 quinto
764 850 877 898 nonas
893 831 1059 898 Octobris
1076 850 1168 898 anno
1187 830 1274 895 1556.

624 940 781 1004 Tuorum
795 940 831 1004 ln
845 938 909 1004 X.⁰
923 939 1076 1005 filiorum
1090 940 1268 1018 minimus,

1050 1153 1296 1219 Ecsusuamus
1310 1151 1498 1216 Pouraaus.

460 1478 506 1544 In
522 1485 654 1561 quarta
664 1478 807 1559 pagina
821 1477 907 1540 haec
920 1482 1064 1540 tantum
1076 1474 1266 1555 leguntur:
1280 1471 1367 1536 1556.
1381 1471 1510 1536 Biuona
1521 1465 1606 1548 quin,

398 1598 435 1653 to
450 1591 563 1653 nonas
578 1584 755 1651 Octobris.
773 1584 816 1665 Q.
833 1583 869 1649 S.

452 2467 486 2526 P.
501 2467 648 2540 Joannes
662 2466 802 2526 Rethius

487 2563 579 2624 Patri
592 2563 719 2637 Jacobo
733 2563 885 2640 Laynez,
902 2563 1048 2624 vicario.

519 2659 689 2735 Coloniae,
704 2661 723 2720 3
736 2661 890 2723 Octobris
907 2662 976 2722 1556
990 2661 1012 2720 ¹.

972 2896 1047 3014 uis
1094 2953 1097 2959 ·

453 3187 577 3252 Gratia
603 3198 637 3251 et
662 3205 734 3268 pax
753 3188 896 3254 Domini
922 3189 1042 3254 Nostri
1062 3187 1166 3254 IESV
1192 3187 1322 3252 Christi
1348 3179 1394 3251 s¹it
1420 3199 1552 3269 semper
1572 3180 1598 3242 in

391 3292 560 3357 cordibus
575 3296 719 3358 nostris

452 3396 582 3462 Missas
597 3401 642 3464 ad
658 3418 724 3464 nos
739 3403 860 3465 literas
882 3402 925 3466 de
940 3402 1054 3466 foelici
1075 3401 1145 3465 Rtss
1166 3400 1282 3466 Patris
1303 3403 1416 3466 nostri
1431 3398 1552 3482 Ignatii
1565 3391 1599 3459 ad

392 3505 528 3568 coelum
544 3507 773 3587 migratione,
795 3525 922 3590 nuper,
947 3508 1022 3573 Rae
1042 3509 1163 3588 Pater,
1183 3509 1393 3588 recepimus.
1420 3507 1550 3589 Quibus
1567 3504 1601 3565 le·

389 3609 515 3688 pendis
532 3614 685 3690 primum
701 3615 842 3697 quidem
857 3634 927 3680 non
942 3633 1067 3698 parum
1083 3615 1282 3680 contristati
1297 3631 1420 3680 omnes
1440 3631 1556 3681 sumus
1567 3609 1601 3674 ob

389 3716 477 3780 tanti
491 3715 611 3784 Patris
626 3721 857 3786 amissionem
872 3723 900 3800 ',·
915 3733 996 3804 post
1016 3741 1100 3787 uero
1123 3722 1312 3805 plurimum
1332 3723 1507 3787 consolati
1526 3715 1601 3804 quod

389 3837 468 3885 cum
483 3841 554 3888 non
570 3835 645 3891 tam
661 3829 839 3907 amisisse,
861 3848 968 3910 quam
988 3831 1034 3894 ad
1056 3829 1235 3894 Christum
1255 3829 1483 3911 praemisisse
1503 3827 1602 3896 uidea-

389 3943 482 4008 mur,
500 3948 569 4012 quo
585 3943 619 3998 et
643 3935 718 4015 ipse
739 3938 936 4017 praemium
956 3937 1090 4000 laboris
1109 3937 1299 4018 reciperet,
1325 3947 1360 4000 et
1381 3937 1485 4002 nobis
1504 3938 1601 4001 locum
1656 3987 1657 4002 .

391 4051 634 4120 praepararet,
651 4045 875 4124 gratiamque
895 4044 1095 4108 uberiorem
1109 4043 1325 4124 impetraret.

451 4143 627 4223 Quoniam
643 4159 760 4214 autem
776 4161 914 4231 tempus
929 4149 1195 4231 appropinquat
1211 4147 1235 4229 ³,
1250 4167 1320 4231 quo
1333 4147 1374 4213 R.
1388 4150 1429 4214 T.
1446 4151 1490 4214 de
1505 4151 1603 4216 fractu

430 4343 438 4380 ⁸
467 4347 665 4406 Autourapbae,
677 4354 738 4398 ollm
748 4355 834 4400 laval.
847 4355 1010 4399 Germaniae
1020 4353 1158 4404 Epistulae
1174 4355 1284 4408 mixtae,
1300 4353 1358 4406 1¹11.
1367 4355 1394 4400 ln
1409 4355 1566 4413 quadrupucl
1578 4352 1603 4395 lt

390 4417 430 4468 llo.
443 4429 484 4464 aa.
496 4423 609 4476 anthuls
618 4424 718 4480 275-ἵΠ,
729 4427 917 4471 recentioribus
926 4425 1027 4480 335-338,
1038 4438 1104 4470 nunc
1114 4435 1203 4471 antem
1213 4426 1244 4470 N.
1255 4428 1274 4472 l.
1284 4425 1376 4478 Quartl
1385 4427 1440 4472 lolll
1448 4429 1531 4484 prima
1539 4425 1602 4472 tecla
1655 4423 1656 4436 ¹

389 4489 469 4535 altltla
481 4499 529 4546 eet,
540 4495 626 4539 altera
637 4503 738 4541 tantum
748 4498 861 4543 contlnet
873 4497 1126 4552 superscriptionem.
1137 4496 1225 4543 Pauca
1236 4499 1261 4542 ln
1273 4498 1303 4542 lle
1318 4499 1466 4545 enendnvlt
1484 4499 1601 4545 Polancus.

387 4573 453 4616 uuae
465 4573 510 4608 not
521 4575 567 4619 pro
578 4577 649 4610 more
660 4569 838 4614 indicabimus.

428 4635 438 4666 ¹
467 4635 628 4682 absentiam.
640 4637 785 4684 Poctacus.

429 4705 439 4738 δ
468 4709 628 4754 «attalaia.
