3472 5528
630 557 694 619 An.
722 551 791 620 ibbo
870 517 873 526 ,
1268 555 1320 617 281

159 703 226 769 Sed
252 724 297 769 ne
321 705 479 787 pluribus
503 723 632 784 morer,
659 715 694 770 et
719 715 756 770 ut
783 707 987 770 vniuersant
1012 722 1087 769 rem
1112 722 1182 767 vno
1211 705 1321 768 verbo
1415 771 1418 778 ,

112 814 331 894 complectar,
356 813 538 878 Valentini
562 813 724 878 homines
749 831 830 878 cum
855 814 892 878 in
915 813 1122 878 memoriam
1148 821 1323 876 revocant

113 920 312 999 praeteritos
326 938 439 986 annos
454 931 488 985 et
503 939 584 986 cum
595 921 842 1002 praesentibus
857 930 1077 1003 comparant,
1090 929 1195 984 antea
1209 919 1323 983 Deum

112 1028 269 1107 optimum
284 1035 319 1092 et
332 1030 526 1093 maximum
543 1029 623 1092 buic
646 1027 782 1093 ciuitati
804 1030 934 1093 iratum
951 1028 1070 1107 fuisse,
1094 1045 1189 1092 nunc
1205 1036 1323 1091 autem

112 1135 370 1200 clementissime
384 1134 507 1201 fauere
519 1137 694 1201 dictitant:
710 1144 814 1201 antea
829 1135 1003 1217 siquidem
1017 1136 1118 1200 rixae
1133 1144 1168 1198 et
1179 1143 1323 1198 conten·

111 1241 223 1322 tiones,
239 1259 334 1308 nunc
348 1260 421 1324 pax
436 1251 471 1308 et
490 1243 682 1308 concordia
697 1255 732 1309 et
748 1260 886 1309 summa
906 1243 1103 1328 animorum
1124 1241 1322 1308 consensio:

113 1359 205 1413 nntea
219 1349 339 1414 carnis
352 1351 540 1415 illecebrae
565 1351 799 1434 imperabant,
821 1368 914 1414 nunc
937 1349 1085 1414 castitas
1109 1348 1321 1412 dominatur:

113 1465 206 1522 antea
219 1457 325 1538 furta,
337 1458 540 1539 homicidia,
557 1459 807 1534 detractiones
824 1475 918 1523 nunc
933 1458 1022 1522 haec
1037 1457 1199 1537 neglecta
1219 1465 1253 1519 ct
1273 1471 1325 1519 se·

111 1565 210 1642 puitn;
225 1554 391 1629 charitati
406 1565 523 1630 omnia
549 1566 707 1630 vincenti
721 1567 976 1647 obtemperant.
993 1555 1090 1628 Deus
1103 1563 1326 1644 omnipotens

112 1669 202 1751 faxit,
219 1681 257 1736 ut
283 1673 482 1738 animorum
502 1673 690 1738 vtilitatem
717 1674 920 1738 inchoatam
934 1672 980 1736 ad
1000 1671 1105 1738 finem
1125 1687 1235 1754 vsque
1251 1687 1325 1752 per-

112 1776 218 1843 ducat.

166 1885 392 1952 Orationibus
416 1897 452 1954 et
473 1889 625 1954 assiduis
649 1889 813 1970 precibus
831 1889 929 1953 Tuae
955 1877 1182 1951 paternitatis
1202 1903 1325 1950 ornnes

113 1991 231 2058 fratres
244 1996 550 2076 commendantur;
566 2006 601 2061 et
616 2012 684 2076 ego
700 1991 883 2076 imprimis,
900 1995 982 2076 quia
998 1995 1114 2074 magis
1129 1992 1284 2073 indigeo.

167 2101 219 2166 Ex
230 2102 316 2166 vrbe
332 2103 535 2184 Valentina,
552 2114 653 2167 sexto
669 2102 747 2168 idus
762 2102 858 2182 Maii,
876 2120 969 2166 anno
984 2101 1127 2166 Domini
1145 2099 1222 2164 1556

242 2210 339 2276 Tuae
354 2210 584 2276 Paternitatis
598 2211 690 2278 filius
704 2221 738 2275 et
753 2228 878 2276 seruus
890 2209 1167 2290 indignissimus

1068 2425 1209 2490 Gnncm
1225 2425 1246 2489 ¹.

169 2748 432 2830 Superscrr'ptae'o
451 2750 489 2812 in
511 2755 643 2830 quarta
663 2750 856 2830 pagina.·†
876 2750 921 2813 Al
937 2765 1021 2830 muy
1036 2748 1114 2812 R.‘¹⁰
1134 2765 1178 2812 en
1189 2747 1330 2812 Christo

115 2853 218 2920 Padre
233 2856 270 2920 P.
287 2855 336 2920 Μ.
352 2857 498 2937 Ignacio
518 2857 561 2921 de
576 2857 723 2938 Loyola,
744 2856 928 2936 Preposito
944 2847 1094 2936 ‘general
1116 2855 1159 2919 de
1180 2856 1214 2918 la
1229 2853 1331 2920 Com·

116 2966 212 3042 partia
227 2965 270 3029 de
284 2965 400 3048 Jesus,
417 2982 460 3028 en
480 2963 605 3028 Roma.

170 3071 250 3180 Αἱξα
263 3089 394 3136 manu:
412 3071 498 3134 1556.
515 3071 694 3136 Valentia.
710 3070 995 3151 Quadrimestres
1013 3069 1050 3134 10
1064 3068 1159 3133 Maii.

178 3178 377 3276 Vestigium
388 3195 488 3243 cerae
507 3177 637 3258 sigilli.

123 3337 321 3350 *a*-

151 3419 160 3451 ¹
188 3419 272 3468 Primo
280 3423 323 3468 hie
333 3423 460 3478 scriptum
470 3429 528 3466 erat
539 3423 731 3477 canteranum,
742 3423 832 3467 littera
845 3421 896 3466 Ciu
907 3422 928 3466 6
939 3427 1098 3466 commutata
1109 3427 1135 3464 et
1147 3420 1298 3465 cancellatis
1307 3419 1334 3464 tt·

118 3495 320 3548 neasnperdncta
332 3495 347 3540 b
358 3501 384 3539 et
396 3507 454 3547 rra,
463 3496 580 3540 additum
594 3501 633 3540 est
648 3495 701 3546 cia,
714 3496 752 3540 ita
766 3501 795 3539 ut
810 3494 946 3549 legendnm
960 3493 995 3538 sit
1013 3493 1051 3538 Ga
1067 3505 1082 3535 r
1095 3492 1145 3537 cia.
1158 3491 1249 3536 Manus
1264 3499 1333 3536 certe

117 3571 210 3608 nonest
219 3565 306 3611 inuis
317 3567 389 3611 Petri
400 3566 526 3612 Cabrera.
538 3567 586 3612 Hic
600 3573 688 3612 autem
703 3566 801 3612 Gareia
816 3568 872 3623 quis
885 3566 964 3611 tuerit
979 3565 1118 3618 nescimus;
1135 3575 1214 3620 quare
1229 3563 1278 3608 baa
1292 3564 1335 3608 tit·

118 3639 191 3688 teras,
202 3639 316 3692 quamvis
326 3639 493 3698 archetypas,
505 3639 683 3696 autographas
693 3639 779 3685 dicere
790 3649 841 3683 non
852 3639 983 3684 audemus.
