3368 5528
364 525 418 590 set
644 538 645 543 ’
755 519 926 590 [menan
944 539 1218 600 qnanmunsraas

364 675 483 742 Deum
497 675 681 758 Diuosque
695 674 852 740 conuitia
865 677 1150 756 exterminanda,
1168 673 1468 740 circumforaneos
1482 670 1581 734 circu·

364 785 499 850 latores
517 783 626 866 (quod
640 783 948 865 peruersissimum
962 783 1048 850 illud
1058 800 1172 865 genus
1182 782 1367 847 bominum
1385 780 1529 844 multum
1540 775 1581 839 ibi

366 892 539 969 afflueret)
552 889 733 973 pellendos
741 890 1054 974 profligandosque
1062 891 1237 970 attineret,
1251 887 1581 970 praetermissurum

366 999 433 1064 sibi
448 999 617 1079 deinceps
631 1015 754 1062 curam
769 998 812 1062 de
833 999 1056 1064 xenodochio
1074 999 1242 1064 futuram:
1265 1013 1330 1078 pro
1356 990 1581 1060 confirmanda

366 1116 486 1172 autem
501 1106 596 1172 inter.
606 1105 763 1186 reliquos
777 1105 894 1169 adhuc
908 1107 1082 1187 quosdam
1097 1106 1195 1170 ciues
1206 1121 1295 1187 pace
1307 1105 1437 1185 (quam,
1452 1107 1582 1182 propter

367 1213 566 1278 absentiam
591 1211 868 1292 nonnullorum,
892 1213 953 1294 qui
979 1212 1025 1278 ad
1050 1230 1130 1278 eam
1156 1209 1459 1286 desiderarentur,
1482 1203 1581 1270 nostri

367 1323 470 1402 plene
486 1319 676 1384 conciliare
698 1319 963 1400 nequiuissent),
990 1321 1146 1402 quinque
1161 1335 1201 1382 se
1220 1318 1319 1380 uiros
1333 1334 1379 1380 ex
1395 1315 1488 1379 omni
1508 1311 1582 1378 ciui·

368 1437 442 1493 tate
458 1427 604 1492 idoneos
622 1425 854 1492 delecturum.

429 1533 671 1599 Accesserunt
681 1542 716 1597 et
727 1533 797 1599 duo
809 1552 858 1596 ex
869 1533 1009 1598 nostris
1020 1533 1229 1599 adMontem
1241 1531 1411 1598 Sanctum
1425 1530 1489 1608 (sic
1499 1527 1583 1610 oppi·

369 1641 454 1706 dum
464 1639 641 1722 quoddam
657 1639 693 1704 in
707 1639 838 1705 Piceno
853 1640 1008 1720 uocant),
1027 1640 1131 1720 vnde,
1148 1639 1276 1722 quibus
1290 1637 1424 1702 studiis
1437 1635 1584 1702 Societas

369 1749 517 1812 multum
537 1747 702 1812 exerceri
718 1748 916 1828 consueuit,
936 1748 1196 1828 amplissimum
1214 1746 1370 1812 fructum
1390 1745 1582 1809 retulerunt.

369 1852 427 1920 Ad
438 1869 589 1932 magnas
604 1855 698 1918 enim
708 1863 743 1918 et
754 1853 913 1919 difficiles
925 1855 1169 1919 restitutiones
1181 1854 1355 1935 quosdam
1369 1851 1582 1916 induxerunt.

370 1959 624 2026 Monasterium
643 1961 900 2026 monacharum
919 1963 996 2026 eius
1016 1961 1174 2026 ciuitatis
1192 1961 1363 2042 pristinae
1387 1956 1582 2038 integritati.

369 2067 566 2132 communis
580 2077 615 2130 et
629 2059 706 2130 siue
716 2067 870 2148 proprio
885 2068 981 2132 uitae
992 2067 1140 2146 rationi,
1155 2067 1250 2132 sacri
1264 2065 1419 2131 conuiuii
1425 2066 1583 2144 frequen·

369 2173 752 2244 tattbru'restituerunt.
775 2173 933 2256 Aliquot,
955 2173 1136 2240 Satbanae
1156 2174 1216 2239 diu
1238 2173 1462 2256 mancipatos
1486 2170 1583 2236 serui·

370 2280 447 2360 tuti,
463 2279 604 2345 Christo
618 2293 858 2347 asseruerunt.
878 2283 935 2348 Ac
949 2284 1042 2348 inter
1061 2301 1123 2348 eos
1138 2283 1338 2361 iuuencula,
1353 2282 1405 2346 illi
1419 2283 1490 2346 iam
1505 2275 1585 2361 pesti

371 2387 416 2452 ab
439 2387 678 2468 impurissima
704 2399 818 2454 matre
842 2390 1031 2466 destinata,
1059 2408 1184 2456 eorum
1205 2405 1327 2470 opera,
1351 2389 1424 2452 imo
1452 2384 1583 2460 Christi,

370 2495 557 2575 implorato
583 2495 814 2576 magistratus
837 2497 982 2576 auxilio,
1007 2497 1052 2562 ab
1074 2497 1278 2579 turpissimo
1292 2496 1438 2561 interitu
1452 2509 1584 2559 reuoca·

370 2610 407 2664 ta
429 2600 507 2680 fuit,
534 2611 669 2666 etcum
692 2603 906 2682 magistratu
928 2603 962 2668 id
978 2604 1153 2682 effectum,
1180 2614 1219 2669 ut
1243 2621 1323 2668 eam
1341 2603 1418 2686 ipse
1442 2614 1584 2666 commu·

370 2725 449 2772 nem
465 2708 594 2788 oppido
621 2710 827 2792 adoptatam
852 2711 961 2776 liliam
986 2710 1080 2792 apud
1105 2711 1273 2775 honestas
1298 2725 1471 2791 personas
1491 2707 1583 2772 collo

370 2823 479 2879 caret.
907 2815 913 2824 '

427 2921 626 2988 Necminus
637 2925 673 2988 in
685 2922 817 2988 Sancto
832 2924 1015 3005 Seuerino,
1026 2926 1183 2992 eiusdem
1195 2925 1316 2990 Piceni
1327 2924 1470 3006 oppido,
1480 2919 1584 2988 aliiad

379 3029 560 3110 religionis
572 3030 727 3096 studium
739 3033 874 3112 paucis,
888 3049 977 3114 quas
987 3033 1037 3099 ibi
1052 3035 1262 3112 habuerunt,
1282 3032 1506 3096 contionibus
1517 3043 1583 3110 pro·

368 3136 538 3216 iecerunt;
554 3155 597 3202 ea
611 3155 765 3220 namque
779 3157 863 3204 mox
879 3142 1072 3220 uoluntate,
1089 3141 1184 3205 haud
1199 3139 1248 3204 ita
1263 3138 1401 3220 pridem
1415 3138 1484 3204 sibi
1498 3139 1584 3217 igno-

369 3253 441 3308 tam
456 3243 670 3309 Societatem
686 3253 857 3323 nostram,
874 3263 957 3310 cum
971 3248 1134 3330 populus,
1150 3259 1227 3312 tum
1241 3247 1467 3311 sacerdotum
1479 3241 1584 3324 impri-

370 3351 436 3414 mis
460 3352 622 3433 collegia,
645 3363 728 3417 sunt
753 3354 940 3433 complexi,
966 3364 1092 3419 utnon
1113 3364 1186 3418 tam
1199 3353 1332 3418 distare
1353 3353 1472 3433 aliquo
1492 3351 1535 3415 ab
1549 3365 1585 3411 ea

370 3458 583 3539 discrimine,
596 3476 703 3542 quam
716 3461 791 3524 eius
803 3461 947 3525 omnino
959 3462 1030 3526 iam
1041 3463 1151 3527 ueluti
1162 3462 1321 3526 membra
1333 3461 1507 3542 quaedam
1518 3472 1586 3522 esse

369 3565 567 3632 uideantur.
583 3567 824 3632 veneratione
839 3577 958 3633 autem
973 3578 1073 3633 tanta
1088 3579 1169 3633 sunt
1185 3577 1327 3632 nostros
1348 3565 1536 3648 prosecuti,
1551 3570 1585 3626 ut

369 3675 486 3738 clerus
505 3674 621 3738 omnis
645 3675 753 3756 longo
778 3675 913 3755 ordine,
940 3685 1110 3758 tanquam
1128 3675 1165 3740 in
1186 3675 1299 3740 sacris
1314 3671 1583 3745 lustrationibus,

370 3781 640 3864 procedens,.ad
659 3793 868 3864 suggestum
891 3783 1180 3850 concionatorem
1200 3783 1401 3862 deduceret,
1419 3791 1455 3846 et
1473 3779 1585 3845 eodem

369 3905 493 3955 rursus
514 3890 660 3970 honore,
686 3891 781 3956 tacta
806 3893 983 3970 contione,
1008 3892 1205 3956 reduceret.
1226 3889 1478 3968 Encanonicis
1491 3902 1585 3970 porro

370 3997 574 4062 honoratim
589 3998 737 4080 quisque
753 3999 894 4079 nostriS,
911 3999 942 4062 si
961 4015 1066 4062 sacra
1086 3999 1256 4075 iacerent,
1277 3996 1435 4061 studiose
1458 3991 1585 4078 cupide·

370 4123 437 4187 que
451 4105 659 4184 inseruiret,
684 4106 766 4170 licet
780 4106 909 4172 obnixe
934 4105 1003 4170 illis
1024 4107 1148 4185 nostri,
1172 4105 1269 4169 utin
1291 4103 1464 4170 eiusmodi
1477 4121 1516 4168 re
1529 4115 1586 4184 par

370 4222 435 4290 est,
451 4213 704 4277 reniterentur.

429 4318 480 4384 Ibi
495 4337 581 4385 uero
591 4319 820 4401 quatriduum
832 4322 1053 4401 commorati,
1066 4319 1295 4386 Camerinum
1307 4327 1390 4384 sunt
1401 4315 1583 4400 progressi.

370 4427 438 4492 Hic
452 4425 522 4492 iam
538 4427 634 4491 urbis
649 4427 857 4510 Episcopus,
874 4429 934 4512 qui
948 4429 1144 4494 incredibili
1159 4445 1221 4493 eos
1235 4426 1461 4492 contentione
1483 4421 1585 4506 requi·

370 4533 489 4614 sierat,
518 4540 552 4598 et
576 4533 752 4600 desiderio
784 4546 1008 4618 expectaret,
1035 4535 1162 4600 maiori
1187 4535 1322 4600 laetitia
1348 4549 1391 4598 ac
1419 4534 1584 4614 uoluptate

371 4641 520 4722 excepit.
537 4641 626 4708 Cum
647 4659 689 4706 eo
715 4641 869 4707 ciuitatis
897 4643 1122 4708 Gubernator
1142 4642 1220 4726 pari
1245 4641 1288 4705 de
1306 4641 1408 4706 nobis
1434 4638 1584 4722 opinione

372 4758 476 4833 atque
491 4749 750 4814 existimatione
766 4757 891 4830 certat;
907 4768 951 4816 ac
969 4750 1126 4816 nondum
1144 4750 1188 4814 ab
1208 4749 1250 4814 iis
1265 4750 1450 4830 salutatus,
1469 4745 1583 4812 aduen-
