3410 5528
155 1559 327 1620 Arnoldus
341 1561 509 1632 Conchus,

189 1655 241 1716 Ex
254 1659 498 1718 commissione
514 1659 623 1719 Patris
636 1659 732 1720 Pauli
744 1659 775 1719 d’
788 1661 937 1730 Achillis.

227 1758 321 1818 Patri
330 1757 459 1833 lgnatlo
469 1757 512 1818 de
524 1757 665 1833 Loyola.

281 1856 505 1930 Panormo,21
521 1856 599 1932 Maji
614 1857 684 1919 1556
696 1859 716 1916 ¹.

553 2195 560 2209 .
667 2091 765 2232 Jhssus.

160 2391 236 2456 Pax
251 2390 396 2456 Christi.
411 2416 414 2426 ·

160 2499 338 2579 Quoniam
362 2497 410 2561 ita
425 2498 537 2578 iubes,
552 2496 629 2562 R.‘¹0
646 2496 763 2578 Pater,
786 2515 877 2579 quae
896 2500 1060 2580 proximo
1079 2498 1330 2580 quadrimestri

101 2607 223 2672 diuina
236 2605 378 2671 bonitas
392 2621 456 2686 per
470 2621 535 2668 nos
550 2604 715 2686 indignos
726 2611 850 2670 'seruos
861 2615 1007 2686 operata
1023 2616 1088 2686 est,
1100 2607 1226 2688 paucis
1236 2623 1327 2670 com·

100 2713 308 2794 plectemur.

158 2820 336 2902 Imprimis
350 2838 408 2885 res
422 2820 601 2900 gymnasii
616 2820 730 2884 nostri
747 2818 922 2884 foeliciter
936 2821 1024 2884 satis
1039 2829 1074 2885 et
1089 2837 1134 2884 ex
1154 2821 1329 2885 sententia

99 2928 308 2993 succedunt.
322 2925 414 2990 Nam
427 2925 501 2991 sere
516 2943 639 2991 omnes
654 2927 870 3005 scholastici,
887 2937 922 2990 et
941 2928 1052 2992 literis
1067 2937 1102 2992 et
1123 2927 1243 3008 probis
1258 2945 1328 2992 mo·

99 3035 198 3098 ribus
212 3035 346 3114 imbuti,
369 3051 469 3115 spem
489 3032 592 3098 nobis
613 3050 683 3098 non
703 3051 853 3114 paruam
865 3035 1082 3114 promittunt
1097 3031 1119 3098 ⁸.
1137 3033 1236 3100 Multi
1257 3051 1330 3098 non

97 3142 289 3206 medlocris
303 3141 436 3218 ingenii
452 3140 676 3205 diuersarum
690 3140 858 3204 classium
877 3140 1032 3222 quotidie
1044 3142 1181 3206 solicite
1196 3142 1330 3205 instant

97 3261 137 3312 vt
153 3250 192 3312 in
211 3249 398 3329 collegium
418 3248 646 3329 recipiantur,
670 3247 860 3328 exquibus
880 3248 949 3313 duo
971 3248 1149 3314 oratoriae
1170 3249 1331 3314 facultati

95 3357 252 3435 student,
268 3365 481 3435 nostraeque
501 3355 739 3435 expectationi
758 3371 829 3418 non
851 3355 967 3419 minus
987 3355 1113 3436 spiritu
1135 3374 1241 3438 quam
1256 3357 1330 3420 lite·

96 3463 147 3525 ris
162 3461 394 3544 respondent,
410 3460 470 3542 qui
484 3460 572 3525 nihil
585 3461 768 3525 ardentius
782 3469 916 3542 optant,
934 3479 1055 3542 quam,
1073 3463 1205 3526 relictis
1219 3463 1330 3527 semel

96 3569 274 3648 omnibus,
291 3567 444 3632 Domino
459 3570 582 3632 'nostro
592 3567 673 3650 Jhu,
686 3567 779 3649 Xpo.
793 3586 832 3631 se
843 3577 937 3632 totos
948 3571 1165 3650 mancipare,
1179 3585 1330 3650 quorum

93 3675 307 3758 patientiam
322 3685 356 3739 et
370 3676 606 3740 constantiam
623 3691 745 3739 omnes
764 3674 993 3740 admiramur:
1010 3676 1040 3740 si
1060 3675 1172 3756 Xpus.
1187 3673 1329 3756 fauerit,

95 3784 202 3848 breui
220 3793 303 3848 sunt
320 3782 541 3863 impetraturi
560 3781 654 3863 quod
672 3791 807 3864 petunt.
834 3780 1086 3864 Praeceptores
1100 3801 1165 3847 suo
1186 3801 1330 3847 munere

94 3891 297 3971 iunguntur
321 3889 603 3970 diligentissime:
629 3889 760 3953 fratres
784 3889 979 3954 domestica
1006 3889 1120 3954 officia
1147 3907 1211 3971 pro
1236 3890 1331 3954 uirili

94 4006 336 4079 exequuntur.
491 3983 494 3990 ’
670 4060 672 4066 ,

157 4104 321 4185 Quantus
339 4104 384 4168 sit
404 4103 645 4169 confitentium
665 4121 832 4168 numerus
851 4123 897 4168 ex
917 4122 959 4168 eo
979 4115 1079 4185 potes
1100 4121 1331 4184 cognoscere,

93 4209 195 4293 quod
215 4211 357 4276 tametsi
376 4211 490 4274 simus
510 4228 531 4274 a
551 4211 652 4292 plebe
671 4210 890 4291 longiuscule
911 4211 1037 4276 semoti
1058 4209 1080 4291 ¹,
1102 4223 1220 4277 tamen
1238 4211 1333 4277 domi

92 4329 242 4384 nostrae
256 4319 293 4382 in
307 4318 399 4382 festo
413 4317 595 4399 paschatis
607 4317 750 4382 circiter
765 4318 834 4382 duo
856 4318 964 4383 millia
981 4329 1062 4383 sunt
1078 4319 1243 4384 confessi.
1264 4319 1331 4384 No·

134 4565 144 4597 ¹
177 4562 367 4618 Autographae
378 4561 474 4617 duplici
485 4561 555 4616 lolio,
564 4573 605 4605 un.
617 4561 655 4606 tot
665 4569 691 4605 et
704 4561 751 4608 155.
765 4559 811 4606 Est
823 4567 848 4606 et
859 4563 1047 4617 apographum,
1058 4573 1115 4606 eum
1126 4561 1234 4607 Polancl
1243 4547 1328 4607 emeri-

105 4635 268 4688 dationibus,
279 4635 355 4679 unico
366 4633 437 4690 lolio,
447 4645 471 4678 n.
485 4633 530 4678 159.

145 4707 158 4741 ¹
188 4707 361 4762 pollicentur.
370 4706 511 4751 Focaneus.

138 4779 151 4812 ³
181 4777 302 4833 quamvis
311 4788 328 4822 ι
338 4777 412 4833 plebe
423 4777 583 4832 longiuscule
594 4777 675 4822 simus
685 4777 786 4822 semoti.
796 4775 838 4823 ln.
935 4783 937 4788 ·
951 4793 953 4800 ·

255 4863 295 4928 T.
311 4883 356 4928 tv.
