3410 5528
719 565 723 572 .
780 517 952 580 Lirrsaas
970 527 1239 586 quaomuasraas

447 1560 611 1637 Aegidius
623 1561 744 1633 Faber,

485 1657 540 1718 Ex
552 1657 795 1718 commissione
809 1659 920 1720 Patris
932 1656 1071 1717 Antonii
1084 1655 1210 1729 Vinclr,

517 1757 609 1818 Patri
621 1757 750 1848 ignatio
764 1755 805 1816 de
818 1755 958 1830 Loyola.

554 1857 716 1929 Messana,
731 1855 764 1914 21
780 1855 859 1930 Maji
873 1853 943 1914 1556
956 1855 976 1911 ¹.

973 2091 1048 2207 nis

453 2389 578 2452 Gratia
592 2395 626 2451 et
641 2404 713 2468 pax
728 2385 870 2451 Domini
885 2385 998 2450 nostri
1011 2385 1095 2470 Jesu
1114 2385 1247 2450 Christi
1266 2385 1311 2449 sit
1329 2383 1517 2448 nobiscum
1536 2401 1624 2450 sem·

396 2513 470 2576 per.
491 2493 618 2559 Amen.

452 2601 588 2666 Memor
604 2601 696 2665 illius
710 2609 793 2664 tuae
807 2600 909 2680 legis,
926 2598 1002 2663 Rssl‘
1019 2601 1056 2664 in
1077 2599 1218 2663 Christo
1237 2595 1355 2678 Pater,
1375 2615 1467 2679 quae
1486 2599 1625 2664 succin-

394 2717 470 2772 ctas
486 2717 622 2772 tantum
638 2708 790 2772 admittit
802 2708 933 2782 literas,
948 2707 995 2770 ita
1008 2724 1063 2770 me
1074 2707 1300 2787 comparah0,
1313 2722 1358 2770 ne
1369 2705 1426 2770 uel
1438 2705 1573 2770 nimiae
1590 2707 1624 2769 in

393 2815 578 2880 scribendo
595 2805 808 2897 prolixitatis
823 2814 947 2878 merito
965 2814 1143 2894 redargui,
1160 2813 1217 2877 vel
1233 2812 1328 2877 aliud
1342 2829 1448 2893 quam
1463 2813 1563 2893 quod
1578 2814 1622 2877 si·

394 2923 501 2986 lentio
523 2924 666 2986 omnino
686 2922 873 3004 praeteriri
890 2939 963 2985 non
982 2928 1134 3003 poterat,
1151 2920 1187 2984 in
1207 2920 1362 2985 medium
1385 2937 1431 2984 ex
1456 2919 1623 3001 proximo

392 3029 641 3111 quadrimestri
656 3030 814 3094 attulisse
829 3028 964 3092 videar.

451 3136 569 3219 Atque
594 3145 633 3200 vt
659 3155 680 3201 a
703 3136 829 3200 studiis
849 3136 978 3215 ordiar,
1003 3136 1133 3202 crescit
1152 3137 1189 3200 in
1209 3135 1284 3200 dies
1299 3135 1416 3216 magis
1435 3137 1625 3219 magisque

391 3244 644 3326 discipulorum
659 3260 838 3322 numeruS,
852 3253 899 3322 et,
913 3243 1009 3325 quod
1024 3243 1266 3324 experimento
1281 3242 1488 3324 quotidiano
1504 3244 1625 3308 edocti

392 3353 629 3432 intelligimus,
647 3353 829 3416 literarum
843 3350 992 3414 scientia
1007 3367 1087 3414 cum
1102 3367 1239 3414 morum
1255 3351 1460 3430 integritate
1476 3353 1624 3416 coniun-

392 3459 505 3540 gitur:
529 3477 619 3540 quae
639 3475 724 3522 sane
744 3476 801 3523 res
820 3457 1000 3539 impulisse
1019 3457 1175 3523 creditur
1197 3457 1350 3522 nobilem
1370 3457 1561 3538 quemdam
1582 3475 1625 3521 ac

392 3584 463 3629 non
485 3565 652 3647 postremi
671 3566 707 3628 in
726 3563 919 3646 Republica
937 3565 1088 3628 nominis
1109 3564 1242 3643 virum,
1264 3574 1304 3628 vt
1322 3563 1526 3646 nuperrime
1551 3581 1624 3628 vno

392 3672 585 3753 eodemque
613 3673 668 3735 die
696 3672 848 3752 quinque
876 3671 988 3750 filioS,
1023 3687 1180 3734 summae
1216 3670 1289 3753 spei
1324 3671 1622 3748 adolescentulos,

393 3780 543 3844 aliorum
564 3780 696 3844 ferulae
717 3779 927 3857 subtractos
953 3779 1021 3842 huc
1042 3777 1253 3842 erudiendos
1274 3776 1489 3858 perduxerit:
1516 3786 1624 3859 atque

393 3887 499 3950 ctiam
524 3887 575 3964 (vt
599 3886 740 3950 interim
764 3887 853 3949 alios
875 3885 1108 3966 praeteream)
1133 3900 1309 3948 summum
1332 3883 1460 3948 Curiae
1485 3882 1624 3966 Regiae

391 3994 561 4077 Judicem,
583 4001 623 4056 vt
647 4000 682 4055 et
706 3993 781 4072 ipsc
807 4001 878 4055 tres
900 3991 989 4055 lilios
1008 3991 1140 4055 nostris
1160 3989 1367 4054 formandos
1388 3991 1620 4056 commiserit.

350 4242 354 4250 ,
434 4197 442 4230 ¹
470 4197 534 4241 Bina
544 4205 603 4242 sunt
613 4198 706 4242 harum
717 4197 865 4241 litterarum
876 4197 1001 4250 exempla,
1010 4197 1120 4240 alterum
1132 4195 1157 4240 lu
1168 4194 1228 4238 lolio
1239 4194 1344 4248 duplici,
1355 4195 1451 4250 primo,
1469 4207 1492 4238 n.
1510 4195 1565 4250 ito,
1585 4209 1623 4240 se-

392 4271 476 4313 cundo
486 4275 687 4320 nounumerato.
699 4271 810 4312 alterum
820 4268 915 4323 duplici
927 4268 988 4312 item
999 4268 1073 4320 lolio,
1088 4278 1130 4310 nn.
1147 4265 1185 4310 til
1202 4271 1228 4310 et
1244 4266 1290 4310 its
1306 4265 1418 4310 Diversa
1433 4273 1473 4311 est
1488 4278 1558 4321 qnae
1573 4269 1626 4323 pri·

391 4353 459 4385 mum
470 4341 590 4386 exaravit
601 4351 690 4386 manos
701 4343 734 4385 ab
749 4352 787 4394 ea,
803 4351 869 4395 quae
886 4339 1026 4384 seeundum
1041 4337 1161 4383 coniecit.
1177 4337 1271 4382 Utrum
1287 4344 1375 4382 autern
1389 4349 1477 4383 eorum
1491 4345 1620 4395 autogra-

391 4415 469 4466 phum
479 4415 523 4466 sit,
533 4423 566 4457 an
576 4424 640 4456 vero
649 4419 785 4467 utrumque
796 4411 984 4467 apographum,
996 4410 1135 4454 decernere
1146 4420 1196 4454 non
1207 4411 1331 4462 salemum
1341 4410 1402 4466 qnia
1412 4421 1539 4466 nusquam
1551 4412 1619 4455 alias

392 4486 418 4530 ln
427 4486 503 4541 hnjnn
514 4485 618 4538 Aegldti
628 4483 707 4529 Fabri
717 4491 790 4527 certo
800 4484 979 4538 autographas
989 4483 1094 4526 litteras
1103 4481 1246 4532 incidimus,
1258 4491 1304 4525 nec
1314 4482 1396 4526 ullum
1409 4492 1473 4536 prae
1488 4493 1516 4525 se
1533 4483 1622 4527 ierunt

391 4559 456 4603 haec
465 4557 584 4611 exempla
594 4555 722 4607 indicium,
734 4566 783 4609 qno
794 4555 931 4610 diiudicari
945 4554 970 4598 ld
986 4559 1057 4597 certo
1072 4552 1162 4608 possit.
1178 4552 1323 4609 Utrumque
1340 4560 1427 4598 tamen
1448 4553 1622 4611 archetypum

393 4628 572 4673 existimamus
586 4625 705 4670 Messana
724 4625 830 4670 Romam
847 4627 966 4679 missum
983 4635 1042 4670 nam
1060 4625 1085 4669 ln
1099 4631 1209 4680 utroque
1224 4624 1329 4668 Polancl
1345 4635 1449 4670 manum
1465 4631 1506 4669 est
1522 4625 1623 4680 videre,

392 4700 518 4756 quaedam
528 4710 611 4753 pauca
621 4698 646 4742 in
656 4697 738 4753 primo
748 4698 917 4752 emendantis,
928 4697 981 4741 alia
992 4696 1017 4741 in
1029 4697 1113 4741 altero
1124 4697 1158 4740 ad
1168 4697 1277 4740 chartae
1289 4707 1361 4740 orant
1369 4697 1514 4751 scribentis,
1524 4699 1622 4752 qulbus

393 4772 452 4829 quid
464 4772 567 4817 litterae
577 4772 705 4816 haberent
715 4767 877 4823 indigitaret.
888 4768 1005 4824 Utraque
1016 4779 1062 4813 nos
1071 4769 1105 4813 ad
1115 4769 1226 4823 paginae
1238 4770 1334 4813 calcem
1344 4769 1517 4824 subjiciemus.
