3410 5528
375 529 429 592 348
710 525 719 554 ·“
759 531 931 592 erruuuo
950 547 1222 601 Quuomuusruus

435 675 566 756 Queste
581 695 680 754 sono,
697 677 822 755 Padre,
840 680 980 757 iocose,
997 679 1029 742 ie
1044 680 1146 758 qualo
1159 679 1192 744 ci
1204 677 1438 744 occursero'di
1448 677 1591 744 serioue

375 785 444 848 alla
466 783 507 847 R.
529 784 568 847 P.
588 783 632 848 V.
657 783 764 848 Resto
790 787 866 850 solo
892 786 957 848 che
981 785 1016 850 di
1041 788 1209 850 continuo
1234 787 1267 850 ci
1291 785 1590 850 ruccomuudiamo

374 893 454 956 tutti
469 893 536 955 alle
553 891 705 956 orationi
720 903 754 955 et
767 893 881 956 suncti
897 893 1060 956 sacrificii
1075 895 1153 957 suoi
1167 910 1234 957 con
1249 900 1341 960 tutto
1355 893 1379 956 ii
1394 910 1511 958 cuore.

434 997 480 1062 Di
494 998 669 1078 Palerm0,
687 1017 707 1062 a
722 999 812 1062 <1130
827 999 863 1063 di
877 998 1022 1080 Maggio
1040 999 1127 1062 1556.

434 1103 501 1168 Per
517 1105 764 1169 commissione
779 1106 822 1170 de
832 1115 958 1202 ‘nostro
973 1105 1098 1171 Padre.

403 1245 405 1250 ,
434 1211 535 1276 Della
550 1212 591 1276 R.
609 1212 648 1276 P.
664 1212 709 1276 V.
726 1213 880 1294 indegno
895 1215 931 1277 in
947 1212 1056 1279 Giesu
1071 1213 1135 1280 X.⁰
1148 1201 1280 1294 figliulo
1295 1224 1330 1279 et
1344 1231 1449 1278 seruo
1464 1214 1587 1292 inutile,

1027 1429 1177 1494 Auouuo
1200 1429 1399 1496 Pumrcuto.

433 1752 700 1832 superscriptio
721 1769 759 1814 m
779 1757 911 1831 quarta
924 1752 1085 1831 pagina:
1098 1754 1120 1826 †
1134 1749 1181 1817 Al
1196 1753 1303 1818 molto
1314 1750 1391 1818 R.d⁰
1406 1752 1442 1818 in
1457 1751 1590 1818 Christo

374 1859 487 1924 Padre
515 1860 541 1924 ii
565 1859 603 1922 Ρ.
629 1859 675 1922 M.
703 1859 841 1940 Ignatio
865 1858 900 1922 di
924 1858 1077 1939 Loyola,
1102 1858 1288 1940 Preposito
1313 1862 1480 1940 generale
1507 1859 1590 1924 delia

373 1965 592 2048 Compagnia
607 1965 641 2030 di
657 1965 778 2030 Giesu.
795 1965 829 2030 A
843 1963 967 2030 Roma.

433 2073 518 2137 Alio
532 2090 655 2138 manu:
670 2071 712 2152 Q.
729 2072 891 2138 Palermo
904 2070 945 2138 30
958 2073 1001 2140 de
1016 2071 1135 2161 Magio
1154 2071 1279 2150 1556.†

912 2719 1061 2806 DXVI

424 3073 460 3132 Ρ.
477 3073 623 3147 Joaunes
636 3075 678 3134 de
691 3076 908 3144 Salvatierra.

418 3157 421 3164 ’
458 3169 512 3230 Ex
524 3171 767 3232 commissione
782 3173 818 3232 P.
833 3173 971 3247 Joannis
985 3171 1079 3234 Pauli
1094 3174 1182 3246 (olim
1196 3173 1370 3246 alvarus),

495 3268 588 3330 Patri
600 3269 730 3344 lunatio
743 3271 784 3331 de
798 3271 938 3346 Loyola.
1463 3270 1465 3279 ’

417 3385 422 3406 ’
530 3368 692 3430 Saulucar
705 3368 746 3430 de
760 3368 975 3442 Barrameda,
988 3369 1022 3430 31
1038 3369 1117 3446 Maji
1132 3369 1201 3430 1556
1214 3369 1233 3426 ¹.

947 3607 1021 3724 uis

418 3901 632 3968 'Admodum
647 3901 724 3967 Rsst
746 3904 782 3966 iu
797 3902 888 3983 Xpo.
906 3901 1024 3966 Pater.

428 4011 505 4076 Pax
519 4011 601 4091 Xpi.
619 4019 687 4074 etc.

429 4118 594 4183 Occurrit
610 4119 869 4199 quamprimum
882 4117 918 4182 in
933 4116 1261 4199 quadrimestrihoc
1276 4116 1426 4198 epistola
1440 4115 1592 4179 scriben-

368 4225 451 4289 dum
466 4225 564 4290 Tuae
579 4224 787 4290 Paternitati
803 4223 987 4288 insudasse
1010 4223 1048 4287 P.
1075 4224 1264 4289 Rectorem
1289 4233 1450 4288 nostrum
1474 4221 1592 4285 'circa

368 4333 469 4398 verbi
482 4331 549 4397 Dei
572 4331 872 4412 praedicationem
898 4329 1037 4413 iu'ipsa
1063 4333 1212 4396 ecciesia
1239 4331 1378 4410 maiori,
1405 4341 1440 4394 et
1463 4329 1593 4409 inipso

367 4441 477 4504 maris
496 4439 599 4504 litore
618 4441 664 4504 ud
689 4441 846 4504 marinos
871 4448 907 4502 et
929 4439 1093 4503 nauticos
1113 4439 1289 4516 homines,
1316 4437 1398 4506 cum
1422 4432 1593 4519 spirituali

409 4720 417 4753 ¹
445 4719 633 4774 Autograptme
645 4719 720 4764 unico
730 4719 799 4772 tolio.
810 4730 835 4762 u.
845 4717 893 4764 wi.

407 4793 418 4828 ⁸
446 4791 473 4837 P.
484 4789 608 4846 Joannem
619 4791 737 4847 Paulum,
747 4792 789 4848 qui
800 4797 878 4836 tutet
888 4789 1000 4846 Jonuues
1010 4791 1124 4839 Alvnrez
1134 4791 1279 4836 dicebatur.
