3504 5532
402 515 455 584 162
691 589 697 598 ,
784 517 955 582 [1111111111
973 533 1244 592 Quafismnsrnss

397 667 607 732 necessitate
627 667 767 732 diuersa
788 669 957 734 incumbit
976 669 1201 734 cura‘Pater
1224 669 1318 732 enim
1340 665 1474 732 Rector
1495 667 1532 732 11
1557 667 1625 732 hoc

396 775 549 840 maxime
562 787 768 856 occupatur,
784 786 823 839 ut
836 778 956 858 plures
970 793 1111 858 semper
1125 791 1347 858 quocumque
1359 773 1464 839 modo
1479 773 1525 838 ad
1548 791 1625 838 san·

396 892 476 947 ctae
491 883 724 948 confessionis
739 902 781 948 ac
796 885 1053 948 communionis
1068 883 1387 965 frequentationem
1402 881 1559 961 inducat,
1576 882 1625 946 in·

396 990 590 1072 ductosque
604 992 641 1054 in
656 992 732 1055 dies
748 993 863 1072 magis
877 993 923 1056 ad
938 992 1239 1072 perseuerandum
1259 973 1453 1054 confirmet.
1475 989 1577 1069 Quod
1594 991 1624 1054 si

395 1097 473 1178 quis
488 1108 631 1178 propter
646 1099 796 1179 negocia
816 1099 886 1162 alia
905 1097 1095 1180 aliquando
1115 1097 1301 1176 destiterit,
1328 1097 1447 1161 statim
1462 1096 1509 1161 ad
1523 1097 1624 1162 redu·

394 1205 544 1269 cendam
559 1223 661 1270 ouem
677 1207 723 1270 ad
736 1206 877 1270 foelicia
892 1223 1025 1286 pascua
1036 1205 1284 1287 proficiscitur.
1302 1205 1370 1285 Qui
1382 1205 1489 1270 etiam
1499 1202 1625 1268 diebus

395 1309 580 1378 dominicis
595 1323 674 1393 post
688 1311 876 1394 prandium
890 1314 926 1377 in
942 1313 1073 1394 templo
1087 1323 1211 1377 nostro
1227 1312 1451 1392 euangelium
1466 1309 1552 1375 illud
1566 1329 1626 1376 ex·

394 1419 503 1498 ponit,
518 1421 612 1500 quod
623 1419 748 1484 eodem
759 1421 814 1484 die
826 1420 932 1484 fuerit
943 1421 1141 1484 recitatum:
1156 1437 1226 1501 quo
1239 1418 1401 1483 absoluto
1412 1417 1625 1482 Doctrinam

393 1525 633 1591 Christianam
655 1545 676 1590 a
698 1545 808 1607 puero
829 1527 900 1608 illic
924 1527 1125 1592 immediate
1150 1527 1335 1590 recitatam
1358 1526 1624 1605 interpretatur:

393 1633 519 1711 quibus
533 1634 670 1698 duabus
691 1635 901 1699 lectionibus
921 1635 1104 1710 absolutis,
1124 1635 1224 1716 pueri
1245 1651 1368 1697 omnes
1387 1642 1559 1713 quotquot
1576 1633 1625 1697 ibi

392 1739 637 1816 interfuerunt,
663 1742 722 1822 qui
737 1757 860 1805 omnes
881 1741 1052 1806 interesse
1072 1741 1209 1816 debent,
1232 1739 1278 1804 ad
1297 1757 1467 1821 uesperas
1481 1739 1625 1804 audien·

392 1845 457 1910 das
472 1847 670 1911 mittuntur.
957 1905 962 1915 .

452 1953 531 2034 Ipse
544 1955 652 2018 etiam
668 1954 785 2034 Pater,
801 1965 906 2036 prout
922 1973 1067 2020 necesse
1078 1955 1195 2034 fuerit,
1208 1953 1430 2020 xenodochia
1446 1953 1625 2020 interdum

391 2060 487 2139 uisit,
504 2061 563 2125 ubi
578 2063 608 2126 si
623 2080 729 2144 quem
744 2063 913 2140 inueniat,
929 2063 990 2145 qui
1001 2080 1072 2127 non
1084 2063 1129 2126 sit
1141 2062 1257 2126 adhuc
1272 2061 1466 2141 confessus,
1484 2061 1529 2126 ad
1541 2079 1624 2126 con·

391 2165 579 2232 sessionem
603 2169 758 2246 inducar
782 2169 876 2250 quod
898 2187 1005 2251 saepe
1032 2170 1172 2234 accidit.
1196 2167 1286 2233 Nam
1311 2169 1378 2232 etsi
1399 2185 1471 2232 non
1495 2167 1625 2232 desunt

390 2273 461 2338 11113
484 2276 544 2357 qui
573 2277 756 2350 audiendis
781 2276 1064 2342 confessionibus
1089 2287 1228 2355 uacent,
1250 2292 1321 2340 non
1343 2284 1462 2340 tamen
1488 2275 1623 2340 frustra

388 2380 470 2444 illuc
493 2401 531 2446 se
553 2383 659 2448 Pater
679 2384 827 2462 confert;
848 2385 1060 2466 quandoque
1078 2384 1172 2448 enim
1194 2383 1335 2462 accidit,
1355 2392 1393 2448 ut
1412 2382 1471 2464 qui
1490 2383 1625 2448 nemini

389 2489 458 2552 aiio
474 2489 633 2554 confiteri
648 2493 810 2567 uoluerit,
824 2492 892 2572 ipsi
906 2492 942 2556 id
953 2491 1072 2556 facere
1088 2509 1159 2556 non
1169 2500 1317 2555 recuset.
1332 2489 1494 2554 Infirmos
1505 2488 1624 2554 adhuc

388 2613 453 2674 per
463 2597 553 2661 alias
566 2598 691 2662 domos
705 2599 886 2663 curandae
900 2599 1039 2666 animae
1051 2615 1160 2662 causa
1173 2597 1305 2661 inuisit:
1322 2596 1525 2662 inimicitias
1536 2598 1622 2660 mul·

388 2711 444 2766 tas
467 2703 503 2766 in
525 2705 700 2770 amicitias
722 2715 756 2770 et
777 2723 841 2770 sua
865 2715 900 2770 et
921 2705 1071 2770 aliorum
1093 2722 1201 2786 opera
1221 2705 1337 2768 uertit.
1363 2701 1462 2766 Multi
1480 2721 1623 2785 quoque

389 2812 622 2892 concubinaS,
652 2830 802 2893 quarum
827 2831 936 2877 causa
961 2829 1025 2894 per
1050 2813 1183 2892 aliquot
1208 2827 1322 2876 annos
1350 2827 1371 2873 a
1396 2809 1622 2874 confessione

388 2917 644 2998 abstinuerant,
658 2921 799 2984 demum
811 2921 943 2984 relictis
955 2920 1034 2998 illie,
1046 2919 1113 2984 hoc
1125 2936 1218 2982 anno
1230 2918 1382 2984 confessi
1394 2933 1476 2982 sunt
1488 2917 1510 2981 ·.
1523 2918 1621 2982 Idem

387 3041 526 3105 quoque
545 3027 705 3092 fecerunt
723 3028 793 3108 qui,
815 3028 859 3091 ob
881 3028 1034 3107 capitale
1054 3027 1145 3090 inter
1159 3043 1198 3090 se
1218 3025 1354 3104 odium,
1375 3024 1536 3089 confiteri
1556 3041 1621 3105 per

387 3149 498 3196 annos
513 3135 642 3196 multos
657 3143 803 3212 peccata
818 3136 1016 3210 noluerant,
1033 3143 1067 3195 et
1083 3133 1141 3213 qui
1157 3134 1202 3197 ab
1222 3133 1393 3196 uxoribus
1408 3132 1482 3196 suis
1502 3131 1618 3196 seiun-

385 3239 435 3302 cti
449 3257 521 3303 non
535 3240 658 3319 paucis
673 3242 776 3304 annis
790 3241 966 3320 dixerant,
983 3240 1132 3321 denique
1152 3239 1196 3302 ad
1212 3256 1274 3303 eas
1288 3256 1326 3303 se
1342 3238 1519 3303 redituros
1534 3249 1617 3320 post

387 3345 520 3410 factam
538 3357 766 3426 peccatorum
781 3347 1040 3412 confessionem
1055 3347 1304 3426 promiserunt.

447 3450 639 3518 Sedunum
655 3454 740 3518 illud
755 3454 839 3518 mihi
854 3454 1028 3535 imprimis
1042 3453 1243 3518 mirandum
1257 3452 1407 3532 uidetur,
1422 3453 1517 3535 quod
1532 3453 1618 3518 dex-

386 3568 463 3624 tera
477 3559 621 3624 Domini
636 3578 700 3640 per
715 3561 830 3642 ipsum
845 3560 883 3624 P.
900 3559 1088 3625 Rectorem
1102 3571 1264 3624 nostrum
1278 3569 1425 3642 operata
1444 3571 1498 3624 est
1515 3577 1618 3640 supe·

385 3665 539 3731 rioribus
554 3667 678 3730 diebus
693 3677 775 3731 ante
791 3668 1120 3748 quadragesimam:
1136 3666 1201 3731 fuit
1222 3669 1314 3732 enim
1334 3667 1477 3748 quidam
1497 3667 1533 3731 in
1553 3685 1613 3732 xe-

384 3772 562 3838 nodochio
579 3771 638 3836 8³¹
657 3774 805 3856 Joannis
820 3783 999 3854 aegrotus
1016 3774 1086 3855 qui,
1103 3783 1143 3837 ut
1156 3775 1300 3856 quidam
1315 3773 1466 3850 dicebat,
1487 3791 1509 3837 a
1529 3777 1616 3840 mul-

384 3880 429 3943 tis
441 3881 544 3944 annis
557 3897 723 3960 egressus
735 3880 850 3945 fuerat
860 3881 1067 3961 religionem
1079 3881 1162 3960 (sic)
1175 3899 1218 3946 ac
1228 3881 1288 3946 diu
1300 3881 1491 3962 pessimam
1502 3881 1619 3948 uitam

383 4003 488 4051 suam
503 3987 569 4050 sub
584 3987 706 4052 militis
720 3987 844 4052 habitu
859 3988 908 4051 ita
924 3987 1086 4066 duxerat,
1104 3996 1141 4051 ut
1157 3989 1289 4052 nullum
1303 4005 1451 4069 prorsus
1461 3989 1497 4052 in
1509 4007 1550 4054 eo
1565 4007 1618 4052 re-

383 4093 530 4174 ligionis
555 4094 743 4174 uestigium
769 4095 921 4174 amplius
947 4105 1146 4176 appareret.
1169 4094 1237 4158 Hic
1256 4095 1365 4175 igitur
1383 4112 1463 4160 cum
1484 4096 1554 4158 iam
1577 4098 1617 4160 in

383 4201 548 4264 morbum
565 4200 759 4279 incidisset,
776 4210 810 4264 et
830 4201 873 4264 de
894 4200 1103 4266 confitendis
1124 4202 1281 4282 peccatis
1302 4201 1484 4283 quaesitus
1505 4213 1613 4283 esset,

383 4324 496 4388 neque
508 4307 545 4371 id
555 4307 674 4370 facere
686 4307 867 4383 uoluisset,
881 4309 1017 4372 accitus
1032 4307 1176 4372 tandem
1188 4309 1269 4372 illuc
1282 4306 1387 4372 Pater
1397 4325 1436 4372 se
1451 4309 1613 4387 contulit,

383 4551 454 4602 bore,
465 4549 609 4594 Antoninus
620 4550 651 4594 de
662 4549 782 4596 Henrlcle
792 4557 818 4595 et
833 4551 989 4606 Stephanus.
1005 4551 1098 4596 barum
1114 4553 1262 4596 litterarum
1275 4558 1376 4598 auctor.
1392 4551 1521 4596 Postremi
1534 4551 1614 4608 halus

383 4631 523 4676 cognomen
534 4621 689 4675 ignoremus.
700 4621 812 4666 Tantum
822 4634 855 4667 ex
864 4622 982 4668 Ponsuco
993 4623 1018 4666 11
1030 4623 1162 4674 chronici,
1170 4629 1189 4666 t.
1201 4633 1236 4678 m,
1246 4624 1393 4678 accepimus
1407 4635 1465 4668 eum
1480 4621 1529 4668 hoc
1545 4635 1615 4670 enno

382 4691 486 4748 Tybure
496 4690 621 4746 Magistro
630 4693 709 4738 Petro
720 4693 810 4749 Sylvlo
821 4693 984 4739 successisse.

423 4763 431 4798 ¹
462 4760 504 4808 Sic
514 4763 635 4820 periodus
645 4765 710 4812 haec
721 4767 856 4830 perspicue
869 4767 894 4810 in
904 4777 951 4826 ms.
