3368 5528
348 495 405 564 52
733 503 905 569 errmn
922 518 1187 576 ouanmuasrnas

348 649 457 714 nollet
467 651 618 734 collegio
627 651 821 734 discedere,
831 655 868 719 iu
879 652 1109 718 sanctissimis
1118 649 1251 716 deliciis
1263 660 1394 733 putare
1403 651 1559 728 uisusast,

350 755 408 820 uel
421 775 461 820 re
474 759 596 839 magis
609 761 692 841 ipsa
706 762 877 840 ostendit,
892 772 973 826 ante
986 755 1228 844 [discessum],
1243 757 1433 824 uilioribus
1447 759 1564 824 nostris

349 863 604 932 sacrificiorum
619 869 837 934 uestimentis
856 887 899 934 ac
921 869 1042 946 calice,
1062 868 1097 932 in
1115 865 1313 932 domestico
1335 877 1469 944 nostro,
1493 866 1563 930 licet
1662 908 1663 937 l

349 971 518 1038 t'nornalo
532 991 576 1038 ac
587 992 742 1058 paupere
754 993 900 1058 prorsus
912 976 1052 1054 sacello,
1065 989 1139 1040 rem
1150 971 1310 1036 diuinam
1322 973 1454 1052 iacere3
1466 989 1565 1052 eaque

350 1089 507 1160 peracta,
523 1083 767 1162 pronunciatis
781 1084 829 1150 illi
843 1085 909 1148 sub
924 1083 1116 1148 discessum
1128 1081 1171 1144 ab
1181 1095 1252 1142 uno
1265 1080 1505 1146 studiosorum
1516 1077 1566 1142 aii·

351 1197 435 1268 quot
464 1189 638 1270 uersibus,
664 1191 861 1256 incredibili
884 1191 1047 1273 perfusus
1070 1185 1299 1266 iucunditate,
1323 1193 1411 1268 post
1435 1197 1567 1268 paterne

351 1311 475 1360 omnes
486 1299 708 1378 amplexatos
720 1299 896 1364 discessit.

412 1402 450 1467 ln
465 1404 642 1486 plerisque
657 1405 698 1470 R.
715 1405 965 1486 Augustanum
980 1401 1177 1470 cardinalis
1197 1401 1243 1464 ab
1264 1401 1379 1466 lmola
1400 1402 1409 1434 ¹
1426 1400 1568 1466 imitatus

351 1513 546 1592 expressit.
561 1511 630 1576 Hic
645 1531 716 1578 non
731 1514 780 1578 ita
794 1515 904 1578 multo
919 1522 998 1594 post
1012 1511 1105 1575 illius
1119 1506 1379 1588 profectionem
1398 1506 1565 1574 successit.

352 1615 515 1682 Totidem
529 1627 564 1682 et
578 1619 665 1700 ipse,
682 1619 718 1684 in
733 1620 864 1702 templo
885 1620 1049 1696 alteram,
1071 1624 1175 1697 atque
1195 1615 1232 1678 in
1253 1618 1341 1682 aula
1362 1633 1443 1682 curn
1465 1613 1567 1693 ampla

352 1728 386 1786 et
400 1723 544 1790 illustri
553 1725 688 1791 familia
704 1729 865 1806 alteram,
883 1726 1071 1790 conciones
1087 1722 1221 1798 audire,
1237 1739 1286 1786 ex
1302 1723 1436 1788 nostris
1450 1722 1566 1802 aliquot

352 1847 438 1896 suae
453 1849 597 1898 mensae
611 1833 800 1913 adhibere,
817 1835 977 1915 singulos
999 1847 1154 1914 quosque
1168 1829 1204 1892 in
1224 1829 1348 1896 sinum
1366 1841 1400 1896 et
1414 1839 1566 1912 paternos

352 1941 539 2020 amplexus
561 1941 726 2022 excipere
751 1942 878 2020 uoluit;
905 1951 1010 2022 atque
1029 1939 1112 2004 dum
1131 1937 1323 2003 nonnullos
1342 1939 1471 2004 diutius
1488 1937 1565 2000 inter

351 2045 501 2111 brachia
515 2047 700 2125 retineret,
718 2047 807 2112 alios
825 2049 956 2130 patris,
972 2047 1061 2112 alios
1074 2043 1209 2123 fratris,
1232 2045 1328 2110 alios
1348 2046 1408 2111 filii
1427 2042 1562 2116 nomine,

352 2153 485 2233 insigni
499 2154 641 2233 pietatis
655 2164 690 2219 et
705 2156 839 2220 amoris
854 2153 1125 2235 significatione,
1140 2153 1381 2232 compellauit.

411 2259 523 2325 Ducis
538 2259 665 2326 Vrbini
681 2263 813 2328 coniux
828 2261 856 2342 ¹,
873 2279 954 2328 cum
969 2261 1105 2326 duabus
1118 2258 1201 2323 liliis
1214 2267 1251 2324 et
1272 2277 1408 2342 magno
1422 2259 1505 2326 satis
1518 2273 1565 2320 co·

352 2367 494 2446 mitatu,
521 2385 602 2431 cum
622 2369 804 2448 religionis
822 2369 939 2448 gratia
963 2377 998 2433 et
1024 2367 1165 2430 votiuae
1190 2367 1488 2446 peregrinationis
1507 2365 1565 2428 buc

352 2475 523 2552 uenisset,
540 2475 619 2554 ipsa
639 2485 675 2540 et
689 2475 781 2540 filiae
802 2484 837 2540 et
859 2474 994 2556 reliqua
1009 2471 1122 2538 omnis
1137 2473 1239 2536 simul
1259 2473 1428 2540 clientela
1441 2479 1566 2540 nostros

352 2581 419 2646 sibi
434 2581 623 2661 adoptauit
639 2582 891 2648 confessarios.

413 2687 532 2769 Atque
563 2688 656 2753 idam
689 2689 766 2770 pari
795 2707 882 2771 erga
911 2687 1123 2754 Societatem
1150 2687 1404 2754 beneuolentia
1435 2693 1567 2770 egerunt

352 2795 395 2860 R.
410 2795 592 2860 Marchiae
606 2795 682 2860 siue
696 2795 817 2860 Piceni
835 2806 871 2862 et
889 2796 1151 2861 Firmianorum
1172 2793 1436 2874 gubernatores
1454 2794 1568 2872 aliique

352 2901 513 2984 primarii
528 2901 606 2981 uiri,
628 2913 801 2984 quotquot
825 2904 936 2969 ferme
955 2912 1016 2966 aut
1040 2919 1086 2966 ex
1111 2901 1234 2966 itinere
1254 2901 1329 2967 huc
1352 2905 1569 2970 diuerteruutr

353 3019 413 3074 ant
439 3008 558 3074 dedita
583 3025 692 3090 opera
719 3021 902 3076 uenerunt.
926 3009 1094 3090 Magnam
1119 3025 1203 3073 uero
1229 3009 1406 3076 laetitiam
1431 3023 1464 3077 et
1486 3007 1571 3074 uolu-

353 3126 488 3198 ptatem
502 3115 754 3198 percipiebant,
772 3117 829 3181 ubi
841 3117 934 3183 hanc
949 3116 1136 3182 ecclesiam
1151 3133 1172 3179 a
1187 3113 1368 3182 Societate
1383 3127 1502 3183 nostra
1522 3109 1574 3178 ad·
1678 3103 1679 3158 l

354 3223 549 3290 ministrari
563 3230 661 3286 tanta
676 3223 863 3290 sedulitate
878 3225 1139 3290 intellexerunt.

415 3328 454 3394 ln
477 3346 519 3392 ea
549 3330 739 3394 conciones
768 3331 909 3411 quidem
937 3330 1038 3409 fiunt,
1069 3330 1210 3410 quando
1240 3349 1303 3412 per
1333 3345 1473 3400 caetera
1500 3331 1577 3396 licet

357 3437 490 3516 officia,
519 3446 554 3500 et
578 3438 849 3518 peregrinorum
868 3438 1066 3519 frequentia
1091 3437 1126 3501 id
1145 3436 1299 3519 patitur,
1325 3452 1461 3506 auleas
1481 3439 1577 3505 adue·

355 3545 492 3609 nientes
507 3543 685 3624 principes
706 3555 813 3625 atque
835 3545 1022 3626 optimates
1043 3545 1233 3624 postulant.
1260 3546 1450 3614 Lectiones
1470 3565 1513 3612 ex
1529 3559 1581 3606 sa·

356 3669 419 3717 cra
445 3650 628 3730 Scriptura
653 3651 803 3731 singulis
823 3652 1016 3733 quibusque
1040 3650 1141 3716 lestis
1166 3652 1290 3718 diebus
1315 3673 1360 3720 ac
1388 3651 1580 3722 dominicis,

332 3785 334 3793 ·
357 3777 463 3824 casus
478 3767 596 3824 autem
611 3758 862 3838 conscientiae,
876 3759 919 3823 iis
931 3759 1101 3839 exceptis,
1118 3775 1180 3838 per
1196 3760 1353 3842 reliquos
1368 3763 1445 3828 dies
1458 3759 1579 3828 bebdo-

359 3866 484 3932 madae
504 3867 767 3946 praeleguntur.
790 3865 830 3932 In
849 3867 979 3948 oppido
998 3876 1033 3930 et
1059 3865 1283 3932 xenodochio
1305 3865 1504 3953 frequentes
1520 3883 1578 3932 no·

359 3974 423 4040 stri
449 3972 691 4036 adolescentes
716 3965 916 4038 concionati
937 3983 1029 4038 sunt.
1051 3973 1244 4040 Lauretani
1269 3975 1417 4043 iuuenes
1440 3977 1579 4042 societa-

359 4095 431 4148 tem
446 4079 637 4161 quamdam
651 4080 806 4146 inierunt
820 4091 855 4146 et
870 4081 1069 4162 praeceptis
1087 4079 1131 4144 de
1152 4081 1309 4148 uitandis
1329 4083 1520 4150 maledictis
1537 4092 1580 4144 ac

360 4186 605 4269 blasphemiis,
626 4187 670 4254 de
689 4187 942 4270 componendis
960 4189 1052 4300 iuter
1075 4206 1113 4253 se
1138 4188 1340 4270 discordiis,
1367 4192 1411 4258 de
1430 4191 1580 4272 trequen-

401 4467 409 4501 ¹
439 4465 609 4522 Hieronymus
619 4466 740 4522 Daadlal.
751 4467 888 4514 &esem
900 4467 982 4524 “Jullo
994 4467 1031 4516 lll
1042 4469 1161 4516 Pontifici
1172 4469 1308 4516 tuccetis
1317 4469 1376 4526 luit.
1388 4483 1404 4518 a
1421 4483 1470 4530 qno
1484 4469 1579 4516 sanato

360 4537 427 4586 alam
438 4538 698 4591 purpurmautlault
707 4539 755 4589 tub
763 4539 839 4586 titulo
851 4539 868 4586 s
887 4539 1013 4586 idatlbael
1026 4541 1050 4586 ln
1061 4539 1195 4588 iteratam
1206 4539 1265 4594 luat,
1275 4543 1407 4600 nimae
1417 4543 1453 4592 llll
1468 4541 1577 4589 cardiu·

361 4605 706 4726 ῗὲἒνηὲοἱιεηοῖεοῗοὲἔῗιιὶη
721 4611 883 4660 adoneum...
894 4642 902 4655 .
913 4611 981 4656 Obllt
998 4611 1172 4666 mulviul.
1190 4611 1293 4658 Aetatis
1304 4611 1349 4667 L..
1365 4615 1490 4662 anattr.
1504 4609 1575 4657 ltalia

402 4749 413 4780 ¹
442 4745 560 4794 Victoria
571 4749 694 4800 Fatum.
704 4753 843 4801 otmarus
852 4755 1003 4812 uiuamus,
1022 4759 1076 4812 l.c.‚
1087 4756 1102 4813 9
1112 4757 1133 4801 7.
