3504 5532
740 507 803 566 Art.
830 506 899 567 1556
1380 507 1432 566 117

200 651 298 718 baud
318 653 388 716 sibi
407 653 622 733 denegatum
635 654 849 735 praesidium
871 654 1015 732 inuenit;
1042 669 1126 717 nam
1146 653 1258 734 quiin
1279 651 1433 732 propriis

200 760 398 840 largiendis
412 759 516 851 bonis
529 777 568 824 se
580 761 761 825 liberalem
786 759 1078 835 demostrauerat‚
1099 759 1287 840 quominus
1306 759 1431 822 iisdem

199 866 309 930 rebus
322 867 492 947 tutandis,
508 867 554 930 ab
569 868 717 932 aemulis
731 868 767 930 in
782 868 1044 932 contentionem
1061 866 1196 948 positis,
1218 883 1256 930 se
1272 863 1431 930 defenso·

197 989 276 1037 rem
295 973 531 1054 praebuisset,
555 974 640 1055 quin
665 973 741 1038 fieri
765 975 934 1056 potuerit?
954 985 988 1038 et
1013 991 1117 1055 quem
1141 973 1432 1054 amplificatorem

197 1080 414 1145 confidimus
428 1081 533 1161 (quod
548 1082 675 1163 reipsa
689 1081 806 1146 adhuc
821 1091 1045 1162 perspectum
1064 1085 1143 1160 est),
1161 1099 1242 1146 eum
1257 1098 1327 1146 non
1341 1090 1432 1144 tuta·

197 1199 319 1251 turum
335 1197 440 1268 parta
454 1188 670 1268 sperandum
689 1189 780 1252 erati
804 1187 926 1268 Itaque
948 1189 984 1253 id
1006 1188 1232 1269 impetratum
1256 1198 1321 1266 est,
1336 1187 1432 1268 quod

198 1295 334 1375 optimo
350 1295 478 1376 cuique
492 1312 514 1357 a
529 1294 622 1360 iusto
637 1294 752 1358 iudice
769 1311 950 1376 nunquam
974 1295 1100 1360 merito
1118 1294 1333 1375 denegatum
1353 1294 1430 1373 luit3

197 1403 283 1466 licet
298 1411 418 1466 autem
433 1419 498 1482 pro
514 1401 660 1466 arbitrio
678 1403 794 1466 nostri
812 1402 858 1465 ad
881 1403 1016 1468 exitum
1037 1419 1095 1467 res
1110 1403 1281 1482 perducta
1300 1419 1431 1482 nequa·

198 1527 309 1590 quam
323 1509 441 1588 suerit,
457 1519 576 1574 tamen
591 1527 613 1572 a
635 1511 894 1574 resurrectione
919 1509 1062 1574 Domini
1080 1509 1186 1572 finem
1206 1509 1351 1590 negotio
1370 1509 1432 1572 im·

199 1617 356 1697 positum
370 1617 413 1680 iri
428 1627 609 1697 receptum
624 1616 701 1696 suit,
718 1634 790 1680 non
804 1635 850 1680 ex
871 1633 992 1680 eorum
1015 1617 1157 1697 quidem
1175 1617 1335 1694 scientia,
1357 1617 1432 1696 qui-

197 1724 266 1787 bus
280 1725 391 1804 siper
405 1723 565 1788 homines
580 1724 697 1804 potius
711 1741 818 1804 quam
832 1741 896 1804 per
911 1722 1025 1788 Deum
1038 1725 1089 1803 (ut
1098 1735 1133 1787 et
1147 1723 1266 1787 uerbis
1277 1733 1312 1787 et
1326 1723 1432 1786 rebus

198 1830 334 1894 inferre
347 1831 438 1895 uelle
458 1831 634 1912 uidentur,
661 1831 783 1894 sedin
808 1831 843 1894 id
868 1830 1081 1909 suspicionis
1106 1830 1261 1895 incidere
1276 1830 1432 1910 nolim)e

197 1937 347 2001 ciuitate
362 1948 504 2002 nostros
519 1937 792 2019 quamprimum
816 1937 1041 2018 proiicerent,
1065 1936 1128 2000 sed
1140 1955 1186 2000 ex
1209 1947 1294 2002 voto
1308 1945 1430 2002 nostro

197 2061 276 2108 rem
291 2044 542 2125 perficiendam
561 2061 651 2124 esse,
677 2046 738 2125 qui
760 2044 912 2124 gloriam
937 2044 1041 2108 modo
1062 2044 1130 2108 Dei
1155 2044 1369 2124 quaerimus:
1385 2061 1430 2108 ex

201 2169 274 2234 quo
288 2150 476 2232 dupliciter
489 2159 744 2232 prouenturum
759 2168 943 2232 speramus
957 2150 1156 2226 utilitatem,
1177 2159 1212 2215 et
1231 2151 1275 2214 ad
1290 2151 1429 2214 morda-

200 2275 266 2322 ces
277 2275 395 2335 canes,
412 2258 539 2338 quibus
552 2257 762 2322 deartuandi
777 2258 965 2322 occasione
979 2257 1129 2336 sublata,
1146 2273 1227 2321 cum
1241 2258 1326 2338 quid
1347 2258 1427 2322 diri-

200 2365 314 2446 piant,
330 2365 417 2428 nihil
432 2365 662 2446 relinquetur,
685 2365 776 2428 sorte
802 2364 974 2428 dilaniare
998 2363 1178 2444 desistent,
1194 2365 1264 2428 nisi
1287 2365 1426 2429 dentem

196 2473 305 2536 dente
320 2471 483 2546 roserint;
499 2471 562 2534 sed
577 2471 661 2552 quid
676 2471 825 2536 iuuabit?
849 2471 966 2536 dicam
985 2471 1021 2534 id
1044 2471 1137 2550 quod
1160 2470 1343 2550 Martialis,
1366 2471 1428 2536 sed

198 2579 400 2660 peregrinis
416 2588 497 2641 utar
515 2578 634 2641 verbis
648 2589 700 2662 ypsi
711 2587 742 2640 eo
754 2585 834 2658 aar<
845 2586 923 2663 ἒχειν,
939 2587 993 2652 tter
1007 2582 1160 2657 almorum
1177 2579 1198 2641 ¹:
1215 2587 1250 2642 et
1264 2578 1311 2642 ad
1330 2595 1426 2656 onec,

195 2701 291 2767 quae
305 2685 374 2748 buc
387 2685 494 2748 illhuc
510 2695 672 2748 errantes
693 2694 787 2749 etex
807 2703 869 2748 ore
894 2686 1036 2765 rapacis
1061 2687 1183 2764 erepti,
1201 2685 1247 2748 ad
1271 2685 1365 2748 ouile
1379 2685 1428 2748 di·

196 2802 390 2870 uertentes,
406 2790 590 2854 tutissimis
605 2792 708 2854 uallis
723 2793 922 2871 cingentur,
947 2809 1017 2854 non
1038 2809 1140 2856 secus
1163 2809 1204 2856 ac
1224 2791 1283 2873 qui
1299 2793 1336 2854 in
1350 2809 1429 2872 por-

191 2911 275 2963 tum
294 2899 445 2979 appulsi,
472 2897 672 2963 firmissima
698 2899 855 2963 anchora
882 2900 986 2978 iacta,
1014 2909 1162 2962 cunctas
1188 2908 1428 2980 tempestates

195 3005 410 3085 despiciunt:
426 3006 548 3084 quanti
562 3023 647 3070 uero
663 3008 889 3070 emolumenti
903 3023 924 3068 a
937 3005 1090 3070 Domino
1114 3006 1284 3085 recipient
1304 3003 1429 3069 Patres

192 3112 323 3192 nostri,
339 3111 398 3192 qui
413 3112 571 3192 perditas
585 3129 671 3176 oues
686 3115 942 3192 recuperarint,
959 3130 1063 3176 nemo
1078 3123 1132 3176 est
1152 3113 1305 3176 nescius.
1325 3112 1430 3176 Faxit

193 3219 297 3283 Deus
325 3227 363 3282 ut
389 3229 614 3282 caeterorum
638 3219 835 3283 mictirismi
859 3219 942 3294 (sic)
967 3227 1180 3299 nostraeque
1206 3220 1241 3282 in
1266 3229 1429 3284 caeteros

192 3327 360 3406 eulogiae
374 3326 529 3405 gloriam
543 3325 686 3389 tandem
700 3327 744 3404 ei,
757 3327 815 3406 qui
828 3327 969 3408 quidem
981 3327 1097 3406 gloria
1110 3329 1208 3390 solus
1222 3325 1350 3407 dignus
1363 3340 1427 3404 est,

193 3433 302 3497 nobis
315 3450 401 3497 uero
417 3451 460 3496 ac
474 3433 612 3497 cunctis
626 3433 862 3498 immortalem
881 3433 1133 3498 beatitudinem
1153 3434 1306 3514 pariant;
1326 3452 1427 3514 prac-

192 3540 320 3604 sertim
336 3549 455 3602 autem
469 3539 552 3602 Dux
567 3539 642 3620 ipse
652 3541 833 3620 quippiam
844 3541 1004 3604 utilitatis
1016 3541 1193 3621 decerpet,
1207 3541 1336 3620 dignus
1348 3559 1428 3604 meo

193 3647 340 3728 quidem
355 3646 498 3725 iudicio,
514 3663 577 3726 pro
592 3662 662 3726 quo
677 3647 810 3727 absque
824 3649 896 3710 ullo
906 3649 1074 3727 temporis
1086 3647 1273 3711 interuallo
1286 3647 1426 3711 animae

198 3769 287 3818 suae
306 3755 459 3816 salutem
479 3771 499 3815 a
522 3751 677 3816 Domino
702 3754 866 3833 precibus
891 3753 1157 3832 contendamus
1177 3754 1237 3834 qui
1263 3753 1426 3817 omnibus

191 3862 271 3925 sere
286 3859 506 3942 temporibus
521 3859 639 3924 omnia
655 3861 816 3924 omnibus
827 3861 1022 3924 concedere
1033 3862 1133 3939 solet,
1145 3870 1180 3924 et
1195 3877 1266 3924 non
1281 3862 1426 3924 insuam

195 3983 265 4031 nos
279 3965 385 4030 modo
410 3965 652 4030 defensionem
676 3967 856 4047 suscipere
877 3984 920 4030 ac
945 3965 1144 4044 defendere,
1172 3983 1296 4030 uerum
1321 3965 1427 4030 etiam

191 4073 351 4138 caeteris
372 4089 429 4136 res
453 4081 595 4135 nostras
618 4073 962 4136 commendationum
987 4073 1127 4136 labores
1153 4091 1224 4136 non
1246 4089 1424 4151 recusare,

189 4180 370 4260 siquidem
383 4178 479 4242 lll.mo
494 4177 675 4243 Cardinali
688 4177 701 4209 ¹
715 4197 786 4242 non
801 4178 1007 4258 uulgaribus
1021 4161 1237 4244 sane'uerbis
1250 4197 1428 4245 commen·

237 4525 247 4562 Ι
277 4537 400 4572 ..uterne
409 4537 474 4583 opu
484 4533 533 4582 eet,
548 4528 570 4572 sl
585 4535 661 4573 ntur
675 4539 731 4573 ense
746 4528 819 4573 velis.
833 4527 986 4582 Mauricus,
1003 4526 1084 4582 Epic.
1097 4528 1142 4572 lib.
1157 4529 1240 4580 sual,
1253 4528 1282 4574 ln
1296 4529 1428 4574 detrecto·

188 4611 261 4700 a?
270 4600 361 4716 {2-
370 4671 478 4716 relictus
486 4677 527 4716 est
537 4643 637 4716 nonus
645 4671 809 4727 pronominis
818 4671 994 4726 inscriptione.
1003 4671 1109 4728 Agitur,
1116 4679 1145 4718 nt
1160 4684 1193 4718 ex
1203 4673 1369 4736 praecedenti
1379 4673 1426 4720 lla·

193 4743 251 4789 ilco
260 4743 379 4797 exemplo
388 4749 509 4798 apparet,
516 4743 548 4788 de
559 4741 653 4788 carolo
663 4743 694 4788 de
704 4741 791 4799 Gulae,
802 4741 963 4798 Lotberingo
972 4743 1016 4799 (dc
1026 4743 1143 4800 herena)
1152 4743 1299 4792 cardinale.
