3472 5528
640 458 703 516 An.
726 457 795 516 1556
1274 453 1327 512 213

164 607 254 669 Loco
284 604 605 686 superscriptiom's
632 605 717 667 haec
744 604 782 666 in
810 608 942 682 quarta
966 601 1111 682 pagina
1136 599 1326 680 leguntur:

111 715 201 796 Jhus
227 712 493 793 Quadrimestre
513 713 556 776 de
577 712 766 793 Coymbra.
789 710 839 773 2³
862 709 931 788 uia,
953 709 1010 773 del
1031 707 1130 772 Abril
1150 708 1207 771 del
1225 707 1281 785 56,
1304 711 1324 770 a

113 820 226 884 Roma.

164 927 246 991 Alia
260 945 390 990 manu:
405 925 446 1008 Q.
463 927 640 992 Coimbra.
656 927 707 1005 56,
725 928 786 990 ult.
804 925 916 1006 April.

130 1676 338 1724 Praecedeutium
348 1678 439 1722 fratris
450 1677 584 1723 Franciscl
596 1677 700 1722 Adorno
711 1678 859 1722 litterarum
870 1676 950 1718 latlua
967 1671 1052 1718 versio
1063 1683 1078 1716 a
1089 1671 1170 1716 fratre
1182 1670 1295 1716 Antonio

555 1751 678 1794 Audrsde
687 1752 834 1804 subscripta
846 1749 862 1793 Ι.

699 1979 721 2050 †

647 2055 761 2137 Jesus.

158 2326 359 2391 Admodum
374 2328 520 2392 colende
535 2329 570 2391 in
586 2327 726 2392 Christo
741 2326 857 2390 Pater.
1300 2385 1307 2398 ,

159 2433 283 2499 Gratia
299 2445 334 2498 et
354 2434 498 2498 Domini
517 2433 600 2515 Jesu
624 2433 756 2498 Christi
771 2452 871 2498 amor
886 2434 1016 2497 nostris
1036 2433 1162 2496 animis
1183 2450 1321 2513 semper

17 2529 18 2588 ἒ
107 2541 292 2606 inhaereat.

157 2649 202 2713 Ut
216 2658 315 2714 tuum
329 2658 559 2731 praeceptum
574 2652 746 2730 expleam,
764 2655 832 2729 quo
850 2650 948 2712 iubes
960 2657 993 2711 te
1008 2667 1028 2711 a
1045 2650 1145 2712 nobis
1157 2649 1200 2711 de
1213 2649 1320 2711 omni·

106 2755 173 2834 buS,
189 2774 280 2838 quae
294 2758 314 2819 4
328 2757 524 2838 quibusque
539 2757 716 2820 mensibus
732 2758 825 2837 apud
847 2773 912 2819 nos
927 2765 1110 2836 gerantur,
1134 2756 1320 2818 certiorem

106 2861 183 2942 lieri,
199 2881 292 2927 nunc
313 2881 404 2944 quae
425 2865 625 2942 praeteritis
643 2865 663 2926 4
679 2865 857 2927 mensibus
877 2862 1070 2926 acciderint
1090 2863 1245 2925 breuiter
1264 2879 1321 2926 cx·

106 2986 237 3047 ponam.
259 2969 313 3034 Ac
336 2970 489 3051 primum
509 2968 552 3033 de
571 2970 739 3034 iratribus
762 2969 901 3034 videtur
922 2969 1150 3050 loquendum,
1172 2986 1321 3049 quorum

105 3079 369 3141 exercitationes
385 3079 421 3140 in
436 3078 478 3142 iis
493 3077 662 3157 figuntur,
685 3095 775 3158 quae
791 3079 836 3140 ad
856 3079 1026 3169 maiorem
1046 3076 1114 3139 Dei
1133 3075 1273 3139 laudem
1289 3073 1330 3138 et*

105 3193 254 3248 nostram
274 3185 430 3248 omnium
453 3187 604 3248 salutem
619 3185 840 3248 sanctissime
860 3183 1051 3247 instituisti.
1076 3185 1114 3247 In
1136 3184 1322 3246 seruandis

105 3293 238 3370 regulis,
253 3293 373 3355 multis
388 3299 423 3354 et
438 3292 542 3354 nouis
555 3291 721 3355 remediis
736 3291 913 3367 adhibitis,
932 3300 1029 3353 tanta
1049 3290 1164 3371 posita
1180 3301 1233 3353 est
1247 3291 1322 3354 dili-

104 3399 231 3477 centia,
255 3409 293 3463 vt
313 3399 471 3479 plerique
490 3399 569 3462 illas
590 3400 780 3462 memoriae
801 3397 1024 3475 tradiderint,
1046 3415 1115 3478 quo
1136 3398 1170 3460 in
1192 3415 1322 3476 genere

105 3507 241 3570 multum
264 3506 312 3569 illi
333 3506 435 3568 nobis
456 3506 689 3583 satisfaciunt,
713 3507 772 3586 qui
795 3505 910 3567 adhuc
927 3505 1137 3585 probantur,
1159 3505 1196 3569 in
1211 3505 1321 3568 literis

105 3611 308 3689 laborantes,
326 3612 386 3692 qui
402 3622 474 3675 tum
486 3613 670 3688 modestia,
684 3621 757 3676 tum
769 3613 918 3675 aliarum
931 3613 1101 3674 virtutum
1113 3629 1183 3674 non
1200 3597 1321 3675 obscu-

105 3719 146 3780 ris
160 3719 311 3796 indiciis,
329 3737 409 3783 eam
423 3719 525 3782 nobis
539 3730 761 3783 commouent
777 3719 989 3798 opinionem,
1004 3731 1040 3781 ut
1053 3719 1242 3798 aliquando
1257 3736 1322 3782 suo

105 3833 253 3907 ternpore
272 3845 354 3890 eum
375 3827 529 3890 fructum
550 3827 619 3890 sint
639 3815 826 3907 prolaturi,
849 3827 907 3907 qui
927 3827 971 3888 ab
991 3827 1059 3889 illis
1079 3827 1244 3906 copiosus
1265 3845 1320 3888 ex·

104 3943 267 4009 pectatur.
295 3933 428 3998 Eorum
450 3951 649 4012 sermones,
676 3952 763 4014 quos
788 3935 918 3997 habent
943 3935 1069 4014 quietis
1087 3943 1260 4013 tempore,
1288 3945 1321 3996 et

104 4040 183 4103 alias
198 4041 292 4104 facta
305 4049 491 4122 potestate,
506 4050 586 4104 sunt
598 4042 641 4104 de
653 4042 784 4120 regulis
797 4041 994 4120 seruandiS,
1008 4040 1096 4104 etde
1112 4057 1234 4103 earum
1247 4059 1321 4121 per-

104 4144 255 4227 fectione,
272 4148 315 4212 de
331 4147 542 4226 obedientia,
559 4148 659 4210 cuius
674 4157 712 4211 ut
727 4165 860 4226 omneS,
875 4149 934 4228 qui
949 4149 983 4210 in
996 4157 1155 4211 nostram
1168 4145 1319 4212 Societa-

102 4264 163 4316 tem
181 4255 441 4334 ingrediuntur,
463 4273 570 4335 quam
588 4255 836 4318 studiosissimi
860 4257 940 4332 sint,
963 4255 1148 4334 diligenter
1164 4272 1184 4317 a
1200 4255 1238 4317 P.
1256 4254 1319 4318 Re-

101 4373 189 4424 ctore
207 4373 364 4427 curatur.
382 4362 420 4425 ln
440 4363 532 4425 hanc
552 4363 762 4425 sententiam
782 4364 899 4442 plura,
921 4380 1011 4441 quae
1032 4363 1216 4425 interillos
1237 4379 1317 4425 con·

106 4537 308 4550 U-—u-a—

138 4637 145 4670 ¹
173 4638 342 4695 Archetypae
352 4640 375 4683 in
385 4637 445 4683 lolio
457 4640 560 4694 duplici,
573 4651 613 4684 un.
626 4641 664 4683 153
674 4647 700 4684 et
712 4641 815 4684 lot-in
828 4642 858 4686 iis
873 4647 974 4686 tantum
984 4647 1114 4696 postrema
1125 4643 1206 4686 verbu
1220 4641 1320 4685 Conim-

105 4705 231 4756 ἣκειν...
242 4711 378 4764 audrade,
387 4717 447 4756 eunt
458 4721 534 4756 manu
545 4711 625 4767 ipsius
641 4713 771 4758 andraee.
