3472 5528
370 557 425 620 222
754 559 925 622 Luraana
945 573 1215 630 oununruusraes

371 707 571 788 ditibusque
596 708 664 771 tria
692 708 800 771 millia
825 708 1034 772 ducatorum
1060 709 1241 771 cedebant:
1270 707 1377 788 pollet
1403 705 1546 785 ingenio
1566 717 1605 768 et

371 815 530 894 corporis
544 813 672 894 forma,
689 832 816 878 nomen
832 833 918 879 vero
933 815 1081 878 Doctori
1097 814 1209 878 Solier
1227 813 1235 846 ¹
1251 825 1315 878 est.

431 920 633 986 Studiorum
648 920 785 986 fructus
806 932 841 986 et
860 923 1156 986 scholasticorum
1177 931 1329 1003 quantus
1351 921 1407 1000 sit,
1429 939 1475 983 ex
1495 920 1604 983 huius

371 1027 490 1109 oppidi
503 1029 652 1106 clericis,
666 1030 771 1109 quiin
787 1039 928 1093 nostras
944 1029 1085 1094 scholas
1100 1029 1250 1093 docendi
1269 1029 1415 1092 veniunt
1438 1027 1603 1106 (audiunt

369 1137 461 1200 enim
477 1137 732 1216 grammaticae
748 1137 1112 1217 praeexercitamenta
1125 1139 1278 1217 quinque
1289 1145 1323 1199 et
1335 1135 1474 1215 viginti)
1491 1134 1602 1197 facile

371 1243 555 1323 intelliges
573 1243 746 1307 Dominus
761 1244 864 1327 Jcsus
877 1246 966 1308 tales
981 1243 1020 1308 T.
1038 1243 1074 1308 P.
1093 1244 1194 1322 filios,
1209 1253 1247 1306 vt
1262 1241 1462 1306 huiusmodi
1478 1258 1602 1304 neces·

371 1351 581 1414 situdinibus
596 1349 802 1415 satisfacere
817 1361 958 1432 queant,
972 1352 1158 1432 parturiat,
1173 1361 1276 1432 teque
1289 1350 1390 1414 nobis
1406 1349 1443 1411 in
1453 1348 1602 1411 laudem

371 1475 472 1520 suam
486 1458 696 1522 incolumem
712 1469 841 1522 seruet.
1573 1485 1580 1520 t

430 1563 608 1646 Meptinae
623 1565 704 1644 (sic)
718 1565 831 1645 pridie
847 1565 1014 1629 calendas
1029 1565 1124 1644 Maii,
1143 1583 1236 1630 anno
1263 1565 1350 1628 1556.

430 1671 567 1736 Inutilis
584 1671 673 1735 filius
688 1681 721 1735 et
737 1689 862 1736 seruus
878 1671 917 1735 T.
935 1672 972 1736 P.

793 1885 868 1966 †P.
892 1885 1029 1951 Puraus
1050 1888 1153 1952 Mruz.
1178 1905 1202 1951 n
1223 1887 1371 1952 Buxapo
1386 1885 1451 1968 '.†

432 2207 698 2290 superscriptio
710 2210 747 2272 in
764 2217 895 2290 quarta
915 2210 1107 2290 pagr‘na.·†
1127 2209 1220 2273 ihus:
1237 2210 1440 2274 Admodum
1461 2208 1540 2272 R.‘¹⁰
1561 2209 1600 2273 in

373 2315 516 2380 Christo
528 2317 565 2381 P.
580 2318 728 2398 ignatio,
743 2315 949 2398 Praeposito
965 2317 1130 2380 Generali
1142 2316 1434 2399 SocietatisJesu‚
1449 2315 1598 2380 Romae.

430 2423 515 2486 Alia
529 2442 652 2488 manu:
671 2425 757 2488 1556.
777 2424 943 2506 Methyna
958 2424 1036 2502 (sic)
1052 2425 1187 2505 Campi,
1205 2423 1490 2504 Quadrimestres
1503 2441 1601 2487 men·

371 2529 420 2593 sis
440 2530 535 2594 Maii.

434 2637 558 2708 Manet
572 2639 768 2718 vestigium
783 2656 883 2702 cerae
897 2639 1025 2719 sr'gr'llr'.

370 2801 580 2809 ——m—

411 2881 419 2916 ί
450 2879 494 2924 Dr.
506 2880 682 2924 Ferdlnandus
693 2881 860 2934 (Herrrnnrio)
870 2881 961 2926 Soller.

409 2951 421 2984 ἱ
448 2951 562 2996 Vocibus
573 2953 613 2994 his
625 2963 640 2994 n
653 2953 765 2995 Baaedo
775 2954 888 3006 patriam
898 2955 1005 3007 exprimi
1018 2953 1185 3006 intelligimus
1196 2954 1271 3008 hujus
1283 2953 1370 2997 Patris
1381 2953 1452 2997 Petrl
1463 2953 1593 2998 Mertinoz

370 3021 417 3066 Est
428 3024 495 3066 enirn
506 3021 616 3066 Buxedo
628 3025 669 3066 vel
679 3023 783 3078 uusado
794 3026 912 3078 oppidum
923 3023 1050 3078 quoddam
1061 3025 1184 3068 dioecesis
1194 3025 1336 3078 burgensis.
1345 3025 1416 3077 Quod
1426 3025 1448 3068 tl
1457 3026 1494 3068 ita
1503 3037 1599 3081 reapse

371 3089 412 3146 sii,
423 3101 476 3137 tum
488 3095 566 3148 probe
578 3095 599 3136 is
610 3094 805 3148 distinguendus
815 3103 854 3138 est
865 3095 898 3138 ab
909 3097 953 3138 illo
964 3095 1077 3149 ejusdem
1093 3095 1202 3138 nominis
1216 3107 1246 3139 ac
1262 3097 1428 3150 cognominis,
1439 3107 1507 3140 anno
1522 3108 1600 3151 prae·

369 3165 469 3208 cedenti
481 3166 505 3208 in
517 3163 674 3209 Societatem
685 3167 792 3219 adscito.
805 3166 836 3209 de
846 3177 896 3220 quo
905 3165 1076 3218 Snurrvaauz.
1085 3165 1207 3209 Historia
1218 3179 1263 3211 ms.
1271 3166 1338 3211 dela
1349 3167 1494 3212 Provincia
1503 3170 1536 3212 de
1545 3170 1599 3212 An·

368 3235 486 3286 daturin,
496 3237 540 3279 lib.
552 3247 568 3290 1,
579 3247 635 3290 cap.
647 3248 717 3286 xxrx.
728 3249 752 3280 n.
768 3241 788 3290 ·“,
799 3237 892 3292 quique
903 3243 976 3280 ortus
987 3243 1045 3280 erut
1055 3237 1081 3280 lu
1092 3237 1184 3292 oppido
1195 3236 1363 3290 Rivairecha.
1375 3237 1599 3293 calagurritanae

369 3307 501 3351 dloeceels.
