3578 5534
786 511 957 573 inrisus
975 523 1247 582 Queuaruesrass

900 1043 1127 1130 GDLXIX

451 1357 487 1416 Ρ.
502 1358 654 1435 Raphatil
667 1359 778 1422 Riera.

487 1455 543 1516 Ex
556 1459 797 1519 commissione
812 1461 922 1520 Patris
936 1459 1075 1522 Oliverii
1088 1459 1248 1533 Macarei,

523 1556 616 1616 Patri
628 1557 757 1632 ignatio
771 1557 812 1618 de
825 1558 965 1634 Loyoia.

556 1653 715 1728 Laureto,
731 1656 764 1715 16
778 1655 928 1730 Januarii
943 1657 1013 1716 1556
1026 1658 1046 1713 ¹.

879 1863 978 1946 Jhus.
1003 1865 1127 1930 Maria.

458 2054 583 2118 Gratia
598 2053 741 2116 Domini
756 2053 868 2115 nostri
882 2051 967 2133 Jesu
982 2051 1125 2130 Christi,
1144 2063 1212 2116 etc.

453 2159 524 2224 Sub
540 2160 738 2224 obedientia
752 2158 794 2223 R.
812 2158 1039 2222 Paternitatis
1054 2159 1094 2224 T.
1112 2173 1147 2224 et
1161 2159 1340 2241 Deiparae
1355 2161 1517 2240 Virginis
1538 2178 1623 2226 con-

394 2267 519 2345 stituti,
535 2266 612 2330 R.de
624 2269 659 2330 in
675 2265 815 2331 Christo
835 2263 957 2346 Pater,
979 2267 1140 2345 cogimur
1161 2269 1304 2331 statutis
1324 2268 1541 2348 temporibus
1564 2285 1628 2348 ea,

395 2391 488 2455 quae
503 2392 524 2435 a
539 2373 608 2436 tuis
624 2372 774 2436 alumnis
789 2371 853 2434 sub
869 2380 988 2435 tantae
1003 2371 1128 2435 Matris
1148 2373 1315 2453 auspiciis
1329 2385 1430 2454 gesta
1451 2383 1543 2454 sunt,
1566 2393 1621 2438 re·

396 2497 553 2543 censere.
569 2477 690 2559 Neque
705 2479 798 2541 enim
812 2477 866 2540 sas
882 2487 934 2541 est
954 2488 1091 2542 tantum
1106 2479 1326 2544 obedientiae
1341 2482 1504 2544 meritum
1519 2499 1618 2561 prae·

395 2587 600 2664 termittere‚
614 2603 726 2666 neque
739 2584 879 2648 divinae
886 2586 1080 2665 potentiae,
1089 2587 1286 2666 saptentiae
1293 2594 1326 2650 et
1334 2589 1501 2652 bonitatis
1510 2605 1623 2668 opera·

394 2692 532 2756 silentio
552 2692 756 2773 praeterire.

453 2798 644 2879 Postquam
669 2801 788 2880 itaque
811 2800 855 2862 ad
875 2797 978 2862 finem
1000 2799 1153 2878 Augusti
1172 2799 1378 2864 Rechanato
1402 2802 1437 2863 in
1456 2801 1549 2864 hanc
1571 2803 1619 2864 ai·

392 2923 486 2970 mam
498 2907 641 2969 domum
656 2915 815 2970 nostrum
827 2899 1070 2969 transtulimus
1082 2905 1288 2987 Collegium,
1303 2908 1482 2986 coepimus
1494 2907 1618 2970 arden-

391 3015 541 3078 tioribus
566 3015 692 3077 animis
717 3015 819 3077 solita
844 3012 1032 3077 societatis
1058 3031 1204 3078 munera
1231 3013 1339 3077 obire.
1368 3014 1501 3078 Aderat
1530 3023 1617 3078 tunc

390 3121 558 3202 temporis
584 3137 741 3184 summus
765 3121 1033 3201 peregrinorum
1053 3136 1263 3196 concursus,
1291 3121 1350 3201 qui
1370 3122 1532 3201 sequenti
1557 3120 1617 3206 Se·

388 3228 540 3309 ptembri
554 3239 588 3290 et
603 3226 759 3305 Octobri,
775 3236 920 3308 propter
935 3227 1113 3306 plenarias
1129 3226 1367 3306 indulgentias
1387 3228 1468 3290 huic
1484 3230 1617 3308 templo

387 3335 553 3410 indultaS,
571 3336 620 3397 ita
636 3335 699 3396 iuit
715 3343 850 3411 auctus
867 3343 905 3396 ut
920 3334 1118 3396 certissima
1133 3333 1269 3396 ratione
1282 3334 1383 3396 nobis
1395 3344 1616 3414 compertum

388 3443 444 3522 sit,
462 3443 523 3504 tali
537 3451 705 3522 tempore,
722 3441 875 3521 quinque
889 3440 1195 3503 hebdomadarum
1210 3441 1336 3520 spatio,
1355 3451 1434 3504 octo
1450 3441 1558 3504 miliia
1580 3453 1616 3504 et

388 3549 632 3630 septingentas
660 3547 802 3610 animas
827 3545 838 3577 ¹
864 3548 1045 3627 accepisse
1070 3564 1212 3610 sacram
1241 3549 1534 3611 communionem.
1562 3547 1615 3612 Eo

387 3657 494 3736 igitur
509 3664 666 3736 tempore
682 3672 720 3716 se
734 3655 845 3717 nostri
868 3664 902 3717 et
917 3658 1046 3732 patres
1061 3659 1095 3716 et
1117 3651 1273 3717 ³iratres
1296 3653 1555 3717 {eruentissime
1577 3655 1614 3717 in

386 3779 500 3826 messe
516 3761 659 3825 Domini
674 3770 918 3824 exercuerunt.
937 3760 1073 3822 Patres
1089 3757 1256 3840 ‘quidem
1278 3761 1314 3823 in
1332 3761 1625 3824 confessionibus,

386 3871 591 3951 praecipue,
613 3884 762 3948 quarum
782 3866 1011 3944 multitudini,
1036 3867 1199 3947 quamuis
1220 3867 1426 3930 continuum
1446 3867 1520 3930 fere
1543 3866 1621 3930 diei·

384 3977 542 4040 laborem
557 3976 602 4038 ad
617 3975 749 4054 aliquot
770 3989 880 4053 usque
900 3972 1008 4036 horas
1030 3973 1144 4036 noctis
1163 3974 1430 4052 protraherent,
1447 3973 1611 4036 omnibus

383 4089 502 4146 tamen
517 4080 684 4145 libentius
698 4081 746 4142 ad
760 4097 797 4141 se
812 4095 918 4159 quam
933 4080 980 4140 ad
995 4078 1088 4141 aiios
1103 4078 1392 4157 conuoianrious,
1405 4079 1615 4144 satisfacere

426 4323 432 4355 ¹
461 4321 629 4377 Archetypae
640 4319 734 4374 duplici
746 4321 814 4373 ioiio,
826 4331 867 4363 nn.
877 4320 901 4362 it
920 4325 946 4362 et
960 4318 1161 4364 itt-Postrema
1177 4327 1278 4364 tantum
1293 4321 1375 4364 verba
1392 4317 1434 4362 Ex
1448 4319 1614 4362 conimissio·

385 4403 462 4437 κω..
472 4391 564 4445 Risui,
575 4393 675 4435 suntab
686 4393 742 4445 ipso
751 4390 883 4445 Rapuaue
894 4389 974 4434 Riera
982 4391 1185 4435 exarata-Eas
1194 4391 1319 4446 expolivit
1328 4389 1465 4442 Polancus;
1475 4397 1501 4433 et
1511 4400 1557 4433 nou
1564 4401 1624 4444 pro.

384 4475 453 4508 more
468 4469 557 4507 nostro
567 4473 633 4517 quae
643 4463 747 4506 sustulit
758 4462 810 4516 ilie,
820 4462 862 4506 hic
874 4461 975 4506 italicis
986 4461 1167 4514 describemus;
1177 4473 1242 4516 quae
1254 4463 1416 4505 sublatorum
1427 4463 1481 4505 ioco
1493 4460 1612 4515 scripsit,

381 4537 414 4579 ad
426 4535 537 4589 paginae
548 4535 645 4576 calcem
656 4533 829 4588 subjiciemus.

421 4607 432 4637 ¹
459 4605 638 4659 septingentos
648 4604 777 4648 homines.
789 4603 930 4648 cociacus.

422 4675 433 4702 ³
460 4675 614 4719 sacerdotes
624 4679 649 4718 et
660 4675 717 4718 aiii.
729 4674 765 4719 lo.

422 4748 433 4781 ⁴
462 4746 560 4791 tilido,
