3368 5528
361 515 417 580 nst
746 524 920 586 errnnnn
938 540 1209 595 onnonmnsms

361 667 458 748 giate
478 669 509 732 ie
535 671 734 735 ceremonie
760 671 816 736 del
841 671 921 737 ΒΜ
936 672 1172 751 matrimonio,
1198 683 1323 737 contra
1346 675 1368 738 l'
1390 674 1532 756 antiqua
1553 681 1582 734 et

362 791 547 838 commune
562 779 815 843 consuetudine
830 779 865 842 di
879 781 1070 858 maritarsi,
1093 783 1204 862 peria
1219 783 1295 844 sola
1316 780 1395 846 sede
1409 779 1493 845 data
1508 781 1581 844 dall'

363 897 433 944 uno
449 883 482 945 al
498 883 588 946 altro
603 887 632 947 s'
655 903 765 949 erano
787 888 970 968 congiunti
991 889 1150 952 insieme:
1171 890 1205 951 la
1225 889 1309 970 qual
1329 888 1469 953 machia
1493 897 1582 952 tanto

363 1005 422 1052 era
444 989 658 1070 inuechiata,
680 993 745 1057 che
766 1011 837 1058 non
856 1012 963 1059 senza
977 1013 1119 1060 somma
1141 993 1310 1059 difficultn
1329 998 1358 1058 s’
1379 995 1499 1062 hanno
1514 1011 1582 1076 pos·

363 1105 441 1159 suto
457 1097 585 1162 aduste
601 1115 622 1161 a
638 1101 817 1164 celebrare
831 1102 863 1164 le
883 1102 1039 1182 legitime
1054 1119 1154 1167 noze:
1171 1105 1199 1166 s’
1217 1101 1263 1164 ha
1281 1101 1371 1166 fatto
1391 1107 1477 1184 pero
1495 1102 1582 1167 final·

363 1211 479 1267 mente
494 1221 561 1268 con
577 1207 600 1269 l’
617 1207 714 1270 aiuto
729 1208 820 1271 della
833 1209 953 1291 diuina
967 1209 1086 1292 gratia
1101 1211 1168 1274 che
1183 1212 1232 1274 tal
1243 1227 1394 1291 persone
1408 1209 1539 1292 pentite
1550 1209 1581 1272 di

362 1315 455 1376 cossi
470 1313 599 1390 grandi
614 1316 738 1393 errori,
753 1316 775 1378 il
790 1318 875 1379 letto
888 1318 952 1380 che
966 1318 1080 1397 prima
1091 1317 1254 1382 haueano
1266 1317 1582 1399 turpissimamente

363 1419 551 1496 machiato‚
567 1419 715 1484 iacendo
731 1423 773 1486 de
791 1423 800 1485 i
815 1422 961 1503 figliuoli
977 1424 1078 1504 quasi
1099 1425 1134 1488 in
1150 1441 1197 1487 nn
1217 1432 1314 1488 certo
1336 1424 1580 1496 concubinam,

362 1525 454 1606 dopo
469 1543 535 1589 con
550 1529 750 1592 castissimo
767 1531 992 1594 matrimonio
1006 1532 1039 1594 lo
1054 1529 1327 1595 santificassero.

421 1631 465 1697 Se
480 1650 567 1698 sono
592 1635 752 1699 anchora
777 1637 889 1700 sedati
914 1647 949 1702 et
976 1638 1054 1702 tolti
1069 1639 1128 1702 uia
1143 1637 1249 1702 molte
1271 1639 1502 1716 contentioni,
1522 1638 1582 1702 dis·

361 1739 492 1818 cordie,
509 1750 543 1804 et
558 1741 629 1804 odii
649 1741 684 1805 di
700 1744 807 1822 longo
823 1755 941 1824 tempo
961 1756 995 1809 et
1018 1745 1210 1810 inuechiati
1232 1754 1288 1809 tra
1313 1745 1434 1810 mariti
1458 1755 1492 1809 et
1516 1761 1581 1808 mo·

360 1847 420 1926 gli.
438 1847 477 1910 L’
494 1849 600 1912 altrui
616 1849 736 1929 robba,
755 1850 819 1915 che
836 1852 881 1916 da
895 1852 993 1915 molti
1013 1868 1051 1916 se
1073 1852 1270 1933 possedeua
1290 1851 1581 1926 iniustamente,e

362 1963 455 2017 stata
471 1971 534 2034 per
548 1973 655 2020 mano
671 1957 752 2021 delli
767 1959 880 2023 nostri
889 1958 995 2022 Padri
1009 1960 1069 2023 alli
1080 1959 1215 2040 proprii
1226 1959 1376 2040 padroni
1391 1959 1581 2024 fidelmente

361 2061 547 2126 restituita.
566 2061 641 2127 Non
665 2065 770 2144 pochi
796 2067 899 2130 furno
924 2067 1067 2148 grauati
1091 2075 1126 2130 et
1151 2065 1285 2130 carichi
1311 2066 1382 2130 dei
1403 2065 1537 2147 peccati
1550 2065 1582 2128 di

361 2170 457 2232 molti
474 2160 568 2248 anni,
583 2173 663 2235 altri
678 2172 708 2251 4,
726 2172 806 2238 altri
825 2173 856 2251 6,
873 2174 954 2237 altri
978 2171 1009 2250 8,
1027 2175 1107 2237 altri
1135 2173 1183 2250 12,
1200 2174 1224 2237 li
1242 2173 1338 2255 quali
1355 2173 1426 2238 rnai
1447 2173 1582 2238 dinanzi

361 2283 529 2346 haueano
540 2279 742 2358 consessati,
760 2281 824 2344 che
841 2281 1000 2356 insciam,
1018 2283 1088 2345 imo
1102 2290 1239 2361 gettato
1254 2282 1345 2346 dalle
1368 2283 1444 2346 loro
1464 2282 1579 2362 spalle.

362 2400 459 2454 tanto
475 2407 586 2470 graue
603 2405 699 2469 peso,
715 2405 784 2452 non
799 2405 905 2452 senza
921 2386 1042 2451 dolore
1054 2397 1088 2452 et
1103 2389 1223 2469 pianto
1239 2404 1326 2452 sono
1341 2387 1427 2450 stati
1447 2403 1510 2468 ρετ
1524 2387 1580 2450 noi

361 2500 393 2559 al
424 2496 808 2560 misericordiosissimo
839 2493 989 2576 Signore
1017 2495 1238 2560 riconciliati.
1265 2493 1373 2558 Molte
1399 2493 1581 2560 elemosine

362 2604 549 2667 habbiamo
561 2612 760 2684 procurate,
780 2619 842 2682 per
857 2605 888 2664 le
904 2603 999 2683 quali
1015 2603 1140 2666 alcune
1154 2601 1277 2666 orlane
1292 2617 1330 2664 se
1345 2602 1579 2666 maritassero:

360 2713 448 2775 altre
462 2711 498 2774 in
514 2719 705 2792 augmento
719 2709 775 2773 del
787 2709 907 2772 diuino
922 2711 1017 2773 culto
1029 2709 1065 2772 in
1077 2708 1169 2774 uarii
1183 2707 1308 2788 luoghi
1318 2717 1353 2772 et
1366 2707 1568 2772 monasterii
1573 2751 1579 2774 ,

360 2827 460 2897 parte
475 2835 538 2898 per
551 2815 804 2882 sostentatione
821 2815 876 2879 dei
891 2816 1024 2896 poueri,
1041 2815 1228 2880 habbiamo
1244 2813 1454 2879 distribuito.

418 2926 469 2990 La
481 2924 600 2988 chiesa
616 2933 738 2986 nostra
750 2923 1045 2986 anchoraestata
1055 2922 1297 2987 liberalmente
1309 2921 1445 2986 aiutata
1457 2921 1500 2985 da
1513 2937 1578 2984 nna
1626 2971 1630 2980 .

360 3032 477 3095 donna
492 3032 600 3095 molto
615 3039 729 3104 santa,
746 3030 780 3092 la
796 3030 898 3109 quale
913 3028 942 3092 si
959 3045 1076 3092 morse
1091 3029 1114 3091 li
1130 3028 1248 3108 giorni
1261 3029 1410 3109 passati.
1428 3027 1580 3092 Peroche

248 3150 251 3160 ·
358 3137 483 3202 offense
499 3137 702 3212 moltiscuti
718 3136 763 3199 ad
776 3153 845 3199 nno
854 3135 909 3198 dei
926 3135 1036 3200 nostri
1048 3135 1167 3215 Padri,
1183 3153 1251 3200 con
1263 3136 1288 3200 li
1304 3136 1402 3216 quali
1416 3138 1445 3200 ε’
1462 3141 1579 3199 ecom·

358 3255 458 3327 prata
474 3263 544 3309 una
559 3245 650 3308 bella
666 3244 825 3308 custodia
841 3244 1023 3320 deaurata,
1046 3243 1137 3307 doue
1151 3243 1181 3306 si
1196 3259 1370 3306 conserua
1384 3243 1409 3306 il
1430 3241 1579 3307 Sanctis·

357 3353 446 3417 simo
462 3350 704 3416 sacramento.
721 3349 800 3414 Non
816 3360 981 3414 contenta
997 3350 1032 3414 di
1049 3361 1184 3432 questo,
1201 3349 1344 3414 dinanzi
1356 3349 1421 3414 che
1435 3351 1463 3412 s'
1479 3331 1579 3413 infe'r-

358 3477 474 3524 masse
489 3461 524 3524 in
546 3460 701 3539 pericolo
727 3459 761 3522 di
787 3468 911 3535 morte,
938 3457 1157 3538 disponendo
1183 3458 1279 3520 assai
1303 3458 1392 3521 bene
1418 3457 1504 3521 delle
1519 3471 1579 3518 sne

358 3585 450 3646 cose,
469 3568 559 3630 oltra
576 3567 597 3630 l’
613 3567 701 3629 altre
717 3565 918 3637 elemosine,
948 3565 1012 3628 che
1037 3564 1148 3628 lascid
1175 3582 1195 3628 a
1221 3563 1344 3644 poueri
1367 3573 1401 3628 et
1416 3561 1577 3642 religiosi,

357 3692 445 3736 sono
462 3675 545 3738 stati
560 3673 677 3737 alcuni
692 3671 774 3737 doni
795 3673 903 3736 molto
927 3670 1008 3735 belli
1031 3688 1093 3751 ρετ
1117 3671 1331 3735 iurnimento
1355 3669 1447 3734 della
1461 3677 1576 3732 nostra

359 3782 533 3845 sacristia.
552 3781 684 3861 Questa
699 3779 828 3856 donna,
845 3779 972 3855 Padre,
995 3795 1055 3842 era
1076 3777 1225 3857 uedoua,
1242 3777 1357 3842 nobile
1372 3786 1407 3842 et
1426 3777 1529 3851 ricca,
1546 3783 1577 3836 et

357 3891 466 3952 molto
482 3889 613 3952 diuota.
628 3887 775 3966 Perche,
792 3889 882 3951 oltra
904 3887 936 3949 le
952 3885 1172 3962 domeniche,
1188 3885 1218 3948 si
1240 3885 1506 3950 communicana
1521 3897 1576 3944 an·

356 3997 466 4059 chora
494 3996 549 4058 ira
564 3996 752 4059 settimana
768 3996 893 4058 alcune
907 3995 1013 4058 nolte:
1030 4002 1064 4057 et
1079 4003 1179 4058 tanto
1194 4009 1254 4056 era
1277 3991 1396 4057 dedita
1419 3993 1484 4055 alle
1499 4007 1577 4053 cose

356 4103 484 4180 diuine,
503 4104 568 4166 che
584 4104 700 4166 tiraua
716 4119 799 4166 seco
813 4119 883 4165 non
899 4103 1095 4165 solamente
1111 4102 1144 4162 la
1160 4115 1225 4164 sua
1238 4099 1417 4179 lameglia‚
1432 4100 1464 4162 la
1479 4097 1576 4178 quale

357 4212 463 4274 molto
479 4209 614 4289 grande
631 4210 780 4284 haueua,
805 4226 862 4273 ma
886 4211 917 4272 la
934 4225 998 4272 sua
1015 4208 1135 4272 madre
1155 4206 1325 4284 anchora,
1350 4215 1509 4270 matrona
1523 4219 1576 4265 nea

356 4319 521 4393 nerabile,
539 4328 574 4381 et
590 4319 679 4381 altre
696 4317 807 4396 gentil
822 4317 950 4404 donne,
964 4333 1030 4378 con
1042 4315 1121 4378 suoi
1131 4313 1282 4395 essempi
1293 4323 1329 4378 et
1344 4309 1575 4382 essonationi‚

356 4427 425 4489 alla
442 4443 526 4489 uera
539 4425 648 4504 pieta:
665 4433 698 4488 et
714 4443 735 4488 a
751 4424 809 4488 noi
826 4424 917 4487 daua
933 4440 1004 4487 non
1020 4439 1110 4502 poca
1126 4421 1275 4486 materia
1290 4420 1325 4486 di
1337 4420 1457 4485 lodare
1471 4421 1494 4483 l’
1510 4433 1574 4482 orn·

357 4533 536 4612 nipotente
562 4530 642 4596 Dio.
666 4531 718 4594 La
739 4531 796 4596 cui
822 4541 935 4595 morte
958 4533 991 4594 la
1013 4531 1147 4609 madre,
1170 4528 1311 4608 fratelli,
1337 4538 1371 4594 et
1391 4529 1528 4602 sorelle,
1551 4523 1575 4587 li

356 4640 462 4716 serui,
480 4649 515 4703 et
529 4637 731 4704 finalmente
755 4639 778 4703 li
800 4637 906 4702 uicini
923 4646 1022 4702 tanto
1038 4637 1098 4718 pilr
1117 4645 1348 4717 grauemente
1368 4635 1485 4702 hanno
1505 4649 1574 4698 sen·

357 4747 435 4824 tita,
453 4755 585 4828 quanto
603 4764 682 4812 essa
697 4763 759 4812 era
779 4746 1034 4812 sostentatione
1058 4743 1152 4826 degli
1171 4744 1252 4808 altri
1273 4743 1488 4824 magiori,et
1501 4755 1573 4824 pru-
