3472 5528
664 525 728 587 Au.
755 525 825 586 1556
1304 524 1359 584 217

189 675 366 741 Industria
391 693 530 758 quoque
555 675 712 741 eiusdem
740 674 807 738 hac
836 673 972 738 ratione
998 673 1274 754 comprehensus
1304 681 1356 736 est

130 784 344 848 haereticus.
368 783 523 848 Aduenit
542 784 600 847 ille
622 784 764 848 domum
784 793 961 861 nostram,
982 791 1017 844 et
1035 781 1126 850 inter
1145 779 1358 860 loquendum

131 891 169 954 P.
185 890 331 956 Rectori
346 894 437 955 male
452 891 495 955 de
509 889 576 955 fide
592 890 768 954 catholica
784 891 914 953 sentire
930 889 1029 952 visus
1044 898 1109 951 est.
1126 888 1357 951 Aduenerant

130 1013 216 1062 tunc
231 1000 400 1080 temporis
415 999 526 1062 Roma
543 1015 668 1062 recens
679 997 808 1061 fratres
819 996 957 1090 flandri,
970 994 1144 1059 Ludouici
1156 994 1358 1071 Goncalues

129 1106 230 1184 socii,
248 1124 336 1187 quos
351 1106 397 1169 ad
412 1123 491 1169 eum
507 1106 541 1169 in
557 1105 635 1168 loro
653 1104 833 1168 sedentem
848 1102 969 1166 habitu
980 1103 1168 1186 peregrino
1181 1101 1286 1165 misit.
1299 1100 1358 1164 Al·

128 1214 239 1277 locuti
254 1223 337 1278 sunt
350 1213 527 1277 hominem
545 1213 709 1276 nocentia
725 1213 860 1275 semina
876 1213 921 1274 ad
936 1228 997 1274 eos
1010 1209 1216 1273 inficiendos
1235 1206 1357 1271 diffun-

126 1321 284 1385 dentem.
300 1319 485 1384 Fratribus
500 1321 643 1384 domum
658 1320 822 1398 reuersis,
844 1319 1057 1400 EpiscopuS,
1077 1317 1194 1380 Patris
1215 1316 1356 1394 nuncio,

126 1427 351 1492 haereticum
365 1427 400 1490 in
415 1427 559 1490 vincula
574 1426 834 1491 coniiciendum
849 1425 1000 1489 curauit.

191 1535 351 1600 Audiunt
366 1535 478 1598 nostri
494 1545 527 1597 et
544 1534 703 1613 aliorum,
720 1531 836 1615 quoad
852 1534 933 1596 licet
949 1549 1010 1613 per
1025 1531 1280 1612 occupationes
1291 1532 1358 1593 col·

128 1642 227 1722 legii,
244 1639 497 1706 confessiones:
514 1641 593 1722 odia
610 1641 818 1706 dissoluunt:
835 1639 1064 1703 morientibus
1076 1639 1215 1702 adsunt:
1230 1647 1264 1701 et
1276 1637 1357 1714 alia,

128 1753 166 1812 in
189 1749 316 1830 quibus
335 1757 459 1812 nostra
479 1746 641 1812 Societas
663 1765 700 1810 se
721 1755 878 1823 exercet,
901 1745 1089 1826 diligenter
1111 1755 1298 1825 peragunt.
1321 1744 1359 1806 ln

127 1857 264 1936 templo
279 1868 401 1919 nostro
417 1856 565 1936 singulis
577 1855 702 1918 diebus
714 1853 899 1918 dominicis
911 1862 1098 1917 enarratur
1111 1851 1357 1928 Ecclesiastes,

127 1981 205 2045 quo
220 1962 331 2042 finito,
348 1963 465 2044 aliqua
481 1962 525 2025 D.
543 1961 644 2025 Pauli
659 1961 806 2042 epistola
822 1959 1070 2025 declarabitur.
1093 1958 1198 2022 Pater
1217 1958 1358 2021 Franci·
1425 1986 1427 1990 ·

128 2089 217 2134 scus
232 2069 427 2134 Rodericus
441 2070 510 2133 hoc
527 2087 654 2133 munus
669 2079 773 2132 antea
789 2068 935 2149 pulchre
950 2067 1163 2130 sustinebat:
1184 2065 1246 2128 sed
1267 2064 1302 2128 id
1325 2065 1358 2127 in

128 2178 270 2242 Indiam
286 2178 464 2258 profectus
477 2177 642 2254 deseruit,
658 2178 714 2240 cui
726 2185 798 2239 tam
810 2176 947 2239 felicem
960 2183 1094 2237 sortem
1105 2190 1208 2236 nemo
1222 2172 1288 2235 luit
1300 2171 1361 2252 qui

129 2303 205 2348 non
220 2285 396 2364 inuiderit‚
413 2285 655 2365 imprimisque
670 2284 708 2347 P.
725 2282 865 2358 Rector,
883 2283 941 2362 qui
957 2299 995 2344 se
1017 2299 1058 2345 eo
1079 2283 1151 2344 iam
1170 2280 1359 2361 aliquando

127 2396 265 2456 iturum
286 2385 507 2472 opinabatur.
529 2391 677 2455 Externi
696 2407 781 2454 vero
800 2393 876 2455 eius
901 2388 1120 2470 profectione
1144 2405 1215 2450 non
1235 2387 1375 2450 leuiter

128 2499 331 2563 doluerunt.
357 2497 394 2562 P.
422 2497 599 2563 Antonius
625 2497 758 2564 Correa
780 2499 812 2561 ei
834 2496 1017 2575 successit,
1045 2512 1148 2576 quem
1175 2511 1360 2576 speramus

128 2607 250 2686 magis
264 2607 299 2669 in
314 2604 390 2668 dies
405 2605 623 2670 auditoribus
637 2605 860 2687 placiturum.
877 2603 916 2667 In
931 2602 1203 2684 quadragesima
1217 2601 1359 2664 habitae

129 2723 218 2776 sunt
237 2711 257 2774 4
275 2713 483 2790 conciones,
505 2712 566 2775 sed
589 2730 609 2775 a
630 2712 780 2775 diuersis
800 2709 1059 2788 sacerdotibus,
1082 2709 1175 2788 quod
1196 2707 1303 2770 etiam
1325 2708 1360 2770 in

128 2820 286 2900 gloriam
297 2819 429 2885 Christi
444 2819 626 2884 successit.

194 2927 259 2990 His
270 2909 294 2988 i
300 2927 478 2991 mensibus
491 2925 642 3006 ingressi
653 2935 735 2989 sunt
747 2925 911 3006 permulti
922 2925 957 2988 in
969 2923 1193 3001 Societatem,
1209 2939 1359 3003 quorum

129 3034 244 3114 aliqui
257 3033 377 3098 Ebora
396 3041 431 3097 et
451 3033 687 3114 Olyssippoue
709 3050 730 3094 a
750 3031 964 3096 Prouinciali
983 3031 1082 3095 missi
1104 3039 1194 3094 sunt.
1216 3028 1272 3092 Ex
1293 3028 1361 3091 hoc

130 3152 256 3206 nostro
271 3139 430 3220 Collegio
445 3139 515 3204 duo
531 3140 664 3221 recepti
680 3148 781 3219 sunt,
797 3157 890 3204 vnus
905 3139 1126 3216 dialecticuS,
1149 3139 1237 3200 alter
1256 3135 1361 3199 diale-

128 3249 247 3312 cticus
261 3257 296 3311 et
311 3247 493 3329 physicuS,
511 3247 633 3312 iamin
648 3265 689 3310 eo
705 3264 835 3327 genere
851 3249 972 3311 laurea
988 3247 1155 3324 donatuS,
1173 3244 1305 3324 ingenii
1326 3253 1362 3305 et

130 3355 297 3436 eorporis
312 3355 452 3419 dotibus
468 3363 624 3432 ornatus,
642 3364 677 3418 et
691 3356 783 3419 inter
798 3355 1010 3436 praecipuos
1024 3352 1286 3432 condiscipulos
1301 3369 1360 3413 nu

130 3463 336 3527 merandus.
349 3459 468 3542 Nepos
480 3463 637 3542 theologi
650 3461 783 3526 ordinis
795 3461 1032 3538 Dominicani,
1047 3461 1107 3540 qui
1119 3457 1362 3538 pomeridiano
1431 3499 1436 3516 .

130 3583 293 3651 tempore
318 3569 536 3649 theologiam
556 3570 714 3650 exponit,
735 3569 934 3633 rhetoricae
953 3569 1011 3631 bic
1037 3584 1181 3648 operam
1201 3564 1300 3642 danS,
1327 3565 1362 3626 in

130 3695 320 3742 numerum
334 3676 486 3740 fratrum
501 3678 686 3757 successit,
703 3678 798 3741 lacta
814 3677 911 3757 prius
927 3677 971 3739 ab
988 3675 1163 3739 auunculo
1174 3680 1361 3753 potestate:

130 3797 169 3848 ct
194 3802 412 3866 quamquam
434 3784 641 3847 coenobitae
662 3785 758 3847 illum
778 3784 1005 3864 expetebant,
1027 3781 1223 3844 auunculus
1245 3788 1363 3842 tamen
1391 3763 1393 3766 ⁵

130 3891 400 3956 adolescentem
415 3891 589 3972 propositi
604 3900 765 3954 tenacem
785 3891 983 3968 admonuit,
1001 3908 1044 3952 ne
1060 3887 1272 3952 sententiam
1291 3902 1361 3948 mu·
1444 3895 1446 3898 ·

128 4008 239 4064 taret.
255 4000 358 4063 Alius
374 3999 435 4079 qui
450 3998 649 4062 rhetoricae
664 3996 791 4074 studet,
807 3998 863 4062 cui
875 3997 1039 4061 nonlicet
1053 3996 1144 4059 idern
1156 3994 1273 4057 facere
1286 4010 1363 4072 pro·

127 4119 211 4188 pter
226 4115 405 4188 parentes,
423 4106 578 4170 maximo
593 4107 751 4170 locorum
764 4107 949 4169 interuallo
963 4104 1171 4179 disiunctos
1188 4110 1362 4180 aegrotat,

127 4215 239 4295 quod,
255 4223 293 4277 ut
309 4214 386 4294 ipse
400 4222 562 4292 testatur,
579 4231 649 4277 non
665 4213 870 4293 recipiatur.

196 4321 259 4384 His
274 4319 517 4400 superioribus
532 4320 655 4384 diebus
673 4320 767 4383 venit
784 4318 902 4392 Port0,
920 4337 1009 4400 quae
1021 4326 1074 4380 est
1085 4316 1212 4380 ciuitas
1227 4314 1364 4378 Lusita-

127 4431 225 4505 niae,
242 4427 388 4509 quidam
404 4427 516 4491 bonus
532 4428 635 4506 plane
650 4427 707 4490 vir
722 4445 843 4491 secum
859 4427 979 4506 filium,
1002 4427 1061 4506 qui
1077 4427 1108 4488 ei
1130 4433 1206 4487 erat
1225 4424 1364 4501 unicuS,

127 4535 315 4602 adducens
341 4533 520 4598 Societati.
546 4535 623 4598 Non
643 4535 846 4614 expectauit
873 4551 1054 4614 quousque
1081 4549 1168 4611 puer
1198 4529 1233 4591 14
1254 4547 1365 4592 annos

128 4644 346 4724 compleret,
366 4641 461 4722 quod
483 4643 586 4704 vellet
612 4659 691 4706 eum
716 4643 784 4704 hac
805 4653 921 4704 aetate
941 4659 1018 4703 esse
1039 4657 1118 4702 cum
1139 4639 1364 4716 ingressurus

130 4761 231 4818 esset
247 4750 283 4816 in
298 4748 498 4830 collegium.
516 4747 651 4815 Verum
666 4749 855 4832 impeditus
867 4747 965 4814 lestis
977 4745 1097 4812 nescio
1110 4745 1246 4828 quibus,
1264 4745 1298 4808 in
1314 4745 1365 4810 iti·
