3578 5534
1382 525 1435 596 75.

183 683 357 747 Excoluit
369 683 549 747 hortulum
567 701 671 750 suum
686 701 749 764 per
769 693 973 749 nostrorum
988 670 1220 748 ministerium
1235 683 1334 748 miris
1345 701 1417 747 mo·

186 789 243 853 dis
258 790 418 871 piissima
434 789 560 871 Virgo,
581 792 776 872 indiditque
795 791 904 856 totius
925 791 1181 855 sanctimoniae
1202 798 1237 853 et
1255 789 1419 870 puritatis

187 897 305 977 ignita
319 897 494 961 desideria
510 899 547 962 in
562 914 715 962 suorum
729 898 920 962 electorum
935 898 1080 961 anr'mr's:
1093 896 1203 976 elegit
1217 895 1287 960 sibi
1296 896 1417 960 inuen-

190 1003 295 1067 cnias
313 1003 509 1068 'candidas
531 1005 618 1068 etin
643 1005 816 1085 sanguine
840 1005 958 1070 dilecti
982 1005 1062 1070 Filii
1084 1005 1140 1068 sui
1160 1003 1356 1082 dealbatas,
1378 1013 1420 1066 vt

188 1111 334 1174 illarum
353 1109 560 1190 ministerio,
588 1129 727 1175 necnon
751 1129 840 1193 puro
866 1129 909 1175 ac
932 1121 1057 1176 sancto
1083 1127 1214 1186 amore,
1238 1121 1419 1191 tamquam

187 1217 327 1281 deliciis
335 1217 548 1298 perfruatur.
558 1217 696 1282 Harum
707 1227 825 1282 autern
832 1235 1001 1282 numerus
1011 1217 1172 1299 quamuis
1184 1217 1232 1280 sit
1243 1216 1420 1296 exiguus,

197 1329 286 1388 sunt
298 1323 391 1388 em'm
405 1323 505 1386 daut
521 1325 608 1403 10¹,
625 1324 744 1389 feruor
758 1334 878 1390 tamen
891 1334 945 1389 est
956 1341 1117 1405 magnus
1131 1322 1153 1384 ³.
1170 1321 1290 1388 Solent
1302 1325 1420 1403 singu·

189 1431 235 1495 lis
248 1430 325 1495 fere
350 1431 473 1495 diebus
498 1431 688 1496 dominicis
713 1440 747 1496 et
772 1431 870 1496 iestis
894 1433 1063 1496 carnibus
1086 1431 1311 1524 immacgrlati
1328 1430 1425 1510 agni

188 1537 370 1618 saginari
387 1536 410 1617 ⁴,
430 1538 652 1603 meditationi
677 1539 852 1620 insistere,
874 1539 1041 1603 coelestia
1060 1535 1243 1620 appetere,
1265 1539 1419 1602 humana

186 1663 258 1726 pro
272 1644 383 1709 nihilo
395 1655 571 1725 reputare,
592 1647 677 1710 totis
697 1646 846 1728 denique
867 1646 975 1710 animi
994 1648 1088 1710 votis
1102 1646 1148 1710 ad
1165 1645 1420 1727 perfectionem

187 1751 350 1832 quotidie
361 1753 540 1816 anhelare.
552 1752 694 1834 Reliqui
704 1755 821 1830 etiam,
836 1755 895 1835 qui
911 1753 1161 1818 communioris
1175 1753 1271 1816 vitae
1283 1759 1420 1814 sectan-

187 1859 421 1937 tursemitas,
449 1859 563 1922 vitam
583 1860 620 1923 in
637 1863 762 1924 melius
787 1869 1059 1938 commutarunt,
1086 1877 1193 1940 seque
1219 1866 1421 1922 nostrorum

190 1965 372 2048 spirituali
396 1965 560 2045 regimini
588 1967 850 2031 commiserunt.
875 1965 951 2031 lam
975 1969 1089 2030 solent
1111 1966 1276 2030 libentius
1302 1973 1336 2028 et
1356 1961 1421 2026 ire-

189 2073 360 2154 quentius
375 2072 546 2150 confiteri,
566 2073 756 2138 conciones
770 2073 904 2153 audire,
918 2073 1059 2154 pietatis
1070 2073 1234 2152 operibus
1245 2071 1421 2135 insistere.

189 2177 323 2243 Omnia
339 2179 500 2260 denique,
518 2196 609 2259 quae
624 2179 670 2243 nd
684 2180 844 2244 diuinum
858 2180 1063 2260 obsequium
1075 2189 1109 2242 et
1121 2179 1319 2243 animarum
1330 2177 1422 2240 salu·

190 2295 267 2349 tem
280 2295 455 2366 spectant,
471 2287 763 2366 propensioribus
778 2287 905 2351 animis
923 2286 1158 2368 frequentare.

253 2391 367 2466 Haec,
384 2389 460 2454 R.<¹e
484 2391 520 2455 in
536 2392 679 2457 Christo
694 2392 810 2471 Pater,
833 2403 868 2457 et
892 2393 974 2472 alia,
1001 2409 1090 2473 quae
1110 2392 1194 2456 solis
1210 2391 1321 2454 oculis
1336 2389 1424 2453 diui·

191 2515 266 2563 nne
280 2499 476 2562 maiestatis
493 2510 575 2563 sunt
590 2509 788 2580 perspecta,
805 2501 942 2581 peregit
961 2499 1059 2564 Deus
1072 2496 1132 2562 et⁵
1150 2498 1329 2579 gloriosae
1343 2495 1427 2560 Vir·

193 2605 294 2686 ginis
305 2603 440 2668 Mariae
450 2604 595 2683 sauor⁶
614 2616 753 2669 tuorum
774 2605 926 2670 filiorum
943 2605 1149 2683 minister'm,
1166 2622 1238 2667 non
1256 2603 1426 2666 obstanti-

191 2711 264 2775 bus
279 2711 517 2791 grauissimis
535 2710 773 2792 negligentiis
787 2717 820 2774 et
834 2711 1160 2792 imperfectionibus
1174 2710 1324 2774 nostris.

257 2817 440 2897 Rogamus
455 2829 574 2882 autem
589 2817 631 2881 R.
647 2818 687 2882 T.
708 2819 746 2882 P.
767 2829 803 2882 et
823 2818 905 2882 totis
929 2819 1149 2900 praecordiis
1173 2817 1422 2896 efflagitamus,

190 2934 235 2988 vt
255 2933 462 2988 nostrerum
488 2924 785 3005 negligentiarum
800 2942 821 2987 a
835 2923 912 2989 Deo
934 2925 1075 2990 veniam
1091 2923 1100 2954 ³
1114 2931 1367 3005 consequatur,
1392 2931 1426 2984 et

191 3047 287 3094 suae
303 3030 560 3094 benedictionis
572 3048 718 3096 munere
732 3048 797 3094 nos
812 3032 945 3096 donare
960 3032 1135 3112 dignetur.

257 3135 316 3199 Ex
331 3137 425 3200 alma
440 3137 545 3200 domo
562 3136 778 3210 Lauretann.
798 3137 834 3200 17
844 3136 924 3202 Kal.
940 3137 1125 3202 Februarii
1142 3137 1229 3200 1556.

483 3243 538 3307 Ex
553 3243 799 3308 commissione
810 3241 852 3308 R.
869 3243 908 3308 P.
924 3243 1097 3307 Rectoris.

321 3349 361 3414 R.
378 3347 416 3412 P.
432 3347 473 3412 T.
493 3349 661 3414 minimus
674 3360 708 3413 et
722 3349 888 3429 indignus
905 3350 941 3413 in
954 3348 1019 3413 X.⁰
1033 3349 1134 3428 filius,

933 3543 1110 3626 RnPnAii'c
1123 3559 1249 3624 annn.

260 3880 533 3961 superscriptio
560 3881 599 3943 in
627 3887 758 3961 quarta
779 3881 937 3961 pagina:
960 3879 1060 3962 Jhus.
1087 3880 1134 3944 Al
1162 3881 1271 3942 molto
1300 3877 1377 3942 R.‘¹⁰
1397 3880 1432 3942 in

197 3987 349 4052 Christo
377 3985 492 4051 Padre
515 3988 539 4050 il
563 3985 601 4050 P.
629 3987 675 4050 M.
706 3986 843 4068 ignatio
868 3988 912 4051 de
933 3987 1067 4068 Loyola
1093 3985 1273 4067 preposito
1287 3987 1434 4065 general

190 4095 293 4159 della
308 4093 453 4174 Comp.²
470 4093 514 4156 de
528 4092 621 4176 Jhu.‚
638 4093 673 4157 in
688 4093 812 4158 Roma.

237 4333 247 4365 ⁸
278 4331 463 4385 quarumdam
475 4331 615 4385 virginum
627 4333 736 4385 anienis,
746 4343 814 4387 quas
822 4332 901 4388 elegit
911 4333 969 4378 sibi.
981 4333 1122 4378 Ponnncus.

235 4405 249 4436 ¹
278 4414 332 4447 nort
339 4403 376 4446 sit
388 4413 505 4456 magnus
516 4405 568 4458 (est
578 4404 651 4447 enim
663 4405 791 4458 exiguum
802 4405 950 4460 oppidum).
960 4403 997 4449 lo.

241 4475 255 4508 ³
282 4473 478 4519 maximnm.

239 4545 253 4580 ⁴
281 4545 548 4590 communicando.

238 4615 253 4650 ὅ
278 4616 392 4672 penio.

238 4683 255 4719 ⁸
282 4690 514 4734 intercessionem.
525 4688 565 4733 Io.

238 4756 254 4788 ἲ
285 4759 363 4804 nobis
372 4759 471 4806 addidit
486 4759 615 4806 Polancns
