3504 5532
717 507 781 566 Au.
804 508 874 567 1555
1357 508 1413 570 tus

175 643 279 724 pueri
294 643 431 707 discere
445 651 648 726 coeperunt,
665 654 705 708 vt
718 645 884 726 antiquas
905 663 996 726 pene
1017 663 1140 712 omues
1159 645 1357 712 cantilenas
1373 646 1411 712 iu

177 749 275 830 piam
289 751 383 814 banc
394 751 634 816 conuerterint
648 750 848 831 melodiam,
865 770 907 816 ac
921 769 985 833 per
999 752 1098 818 uicos
1115 761 1149 815 et
1165 753 1301 833 plateas
1322 752 1412 818 nihil

177 855 253 920 sere
285 857 382 921 aliud
415 868 522 921 noctu
554 858 774 938 interdiuque
807 856 972 924 audiatur
1006 867 1147 940 praeter
1183 859 1250 922 hos
1284 875 1410 924 sacros

179 963 343 1044 hymnos.
361 962 441 1044 Quo
454 963 493 1028 fit
507 975 546 1027 rt
560 976 726 1045 parentes
740 965 895 1046 quadam
916 966 1002 1030 tacti
1022 965 1169 1029 interius
1183 965 1332 1044 laetitia,
1349 966 1409 1030 ubi

176 1071 268 1133 haec
287 1069 419 1150 uident,
445 1071 483 1134 in
506 1071 644 1134 coelum
663 1089 790 1136 manus
809 1073 983 1150 attollant,
1003 1071 1153 1154 Deique,
1174 1089 1279 1153 quem
1300 1088 1410 1138 vnum

175 1187 362 1240 auctorem
370 1178 460 1241 tanti
472 1178 809 1258 operisintelligunt,
820 1179 1073 1259 benignitatem
1081 1196 1305 1260 summopere
1316 1196 1412 1246 com·
1488 1224 1496 1242 .

175 1283 357 1348 mandent:
372 1300 480 1365 porro
496 1285 708 1349 laudabilem
722 1286 789 1348 hoc
804 1285 1109 1350 informandorum
1124 1303 1315 1366 puerorum
1336 1297 1411 1350 stu·

174 1389 275 1456 diurn
286 1391 404 1472 coepit
416 1392 535 1456 iamin
546 1391 870 1472 quibusdamhuius
882 1393 1017 1458 insulae
1028 1392 1244 1472 ciuitatibus,
1260 1393 1310 1456 ita
1327 1391 1409 1456 Pro·

175 1513 274 1577 rege,
290 1515 356 1579 per
370 1499 492 1562 literas
506 1499 552 1562 ad
567 1499 726 1580 singulas
740 1500 904 1564 ciuitates
918 1501 1058 1576 missas,
1078 1497 1231 1580 jubente,
1255 1499 1407 1574 institui,

175 1605 450 1686 institueturque
466 1605 564 1670 breui
578 1607 686 1670 etiam
698 1607 737 1670 in
759 1606 849 1670 aliis.
865 1605 933 1670 Hic
944 1607 1053 1670 multa
1065 1606 1108 1674 de
1119 1605 1292 1670 industria
1303 1622 1411 1686 prae·

175 1721 288 1791 tereo,
303 1713 439 1776 ueritus
454 1731 498 1777 ne
518 1714 585 1793 his,
601 1731 692 1794 quae
711 1713 798 1778 mibi
818 1713 967 1779 dicenda
982 1713 1163 1794 proposui,
1180 1713 1279 1777 locus
1303 1712 1410 1778 desit:

175 1835 289 1900 quare
303 1835 507 1900 pergamus,
523 1831 558 1884 et
577 1837 669 1901 quae
688 1830 878 1901 supersunt
892 1819 1053 1898 dicenda,
1074 1836 1181 1900 quarn
1202 1819 1278 1884 fieri
1292 1820 1410 1899 possit

176 1925 400 2006 breuissime,
415 1927 656 1992 absoluamus.

237 2032 400 2113 Quatuor
414 2042 476 2097 aut
489 2035 642 2115 quinque
659 2034 788 2098 iratres
803 2051 848 2100 cx
862 2033 929 2113 his,
950 2034 1076 2114 quibus
1091 2033 1290 2130 doctrinam
1312 2033 1408 2097 chri·

173 2140 333 2204 stianam
353 2140 582 2221 praelegendi
603 2156 689 2204 cura
711 2150 764 2203 est
785 2139 1010 2225 demandata,
1034 2157 1115 2204 cum
1135 2139 1172 2203 in
1194 2139 1405 2221 quibusdam

176 2247 284 2310 buius
296 2247 397 2310 vrbis
411 2247 499 2310 locis
513 2247 662 2327 publicis
676 2248 855 2326 ingentem
870 2264 947 2310 esse
962 2246 1143 2314 hominum
1158 2264 1344 2310 numerum
1356 2247 1406 2310 di·

174 2353 339 2417 lectionis
361 2353 490 2417 affectu
515 2352 848 2430 animaduerterent,
872 2370 1021 2434 quorum
1042 2361 1179 2416 mentes
1202 2371 1271 2417 non
1297 2353 1404 2418 ruodo

173 2460 276 2523 uerbi
298 2459 367 2523 Dei
389 2460 468 2524 cibo
487 2478 558 2523 non
575 2461 824 2541 pascebantur,
840 2477 967 2524 verum
986 2460 1094 2524 ctiam
1114 2459 1205 2524 salsa
1221 2460 1409 2524 circulato·

174 2585 257 2630 rum
267 2566 503 2648 quorumdam
515 2567 689 2646 doctrina,
702 2566 770 2630 illis
781 2566 818 2630 in
828 2567 926 2646 lociS,
941 2567 1215 2646 depredatisque
1226 2565 1408 2630 erroribus

174 2675 438 2753 imbuebantur,
455 2673 695 2754 efflagitarunt
710 2673 939 2738 obnixissime
954 2691 975 2736 a
992 2671 1068 2738 ΙΨ
1086 2673 1123 2736 Ρ.
1146 2672 1354 2753 Praeposito
1369 2683 1409 2738 ut

173 2799 242 2861 per
254 2781 371 2861 ipsum
386 2781 526 2845 illorum
544 2782 723 2844 hominum
737 2781 938 2861 pectoribus
953 2781 1100 2844 verbum
1122 2779 1189 2844 Dei
1208 2797 1327 2844 serere
1342 2780 1409 2844 sibi

171 2889 312 2950 liceret:
328 2887 500 2951 satisfecit
517 2887 554 2951 P.
572 2887 799 2967 Praepositus
813 2888 881 2966 piis
896 2887 1035 2950 illorum
1051 2886 1153 2950 uotis.
1173 2885 1328 2950 Veniunt
1338 2885 1410 2950 ita-

171 3013 246 3075 que
261 2996 297 3058 in
313 2995 429 3075 ripam
444 2996 563 3074 maris,
581 2996 639 3060 ubi
655 2996 846 3058 latissimus
861 3003 914 3058 est
929 3004 963 3057 et
978 2992 1283 3074 frequentissimus
1298 2994 1407 3072 locus;

174 3103 249 3166 huc
268 3103 560 3183 praestigiatores
583 3103 726 3184 quidam
746 3101 844 3165 festis
859 3101 982 3166 diebus
998 3101 1191 3164 conuenire
1206 3101 1332 3180 solent,
1349 3100 1408 3180 qui

172 3208 1300 3290 verborumlenociniisetpraestigiis,nescioquibus,hom,inum
1312 3225 1407 3270 men·

171 3327 231 3381 tes
243 3319 403 3397 perdere,
427 3316 555 3395 perditi
569 3317 640 3380 iam
654 3317 733 3396 ipsi,
749 3316 901 3380 student.
917 3314 996 3378 Hoc
1010 3315 1046 3379 in
1060 3317 1139 3378 loco
1154 3314 1284 3378 diaboli
1304 3316 1409 3380 mini·

171 3425 261 3487 stris
276 3441 355 3488 sese
377 3442 422 3487 ex
442 3424 595 3488 aduerso
616 3432 835 3505 opponentes
854 3421 986 3487 Christi
1006 3422 1133 3500 coloni,
1155 3439 1304 3502 coepere
1325 3439 1408 3485 ver-

171 3533 261 3594 bum
272 3530 340 3594 Dei
353 3548 485 3594 serere.
501 3531 555 3594 En
570 3540 760 3594 accurrunt
771 3530 928 3611 undique
942 3529 1102 3593 homines
1117 3529 1202 3592 solis
1217 3529 1408 3592 circulato·

170 3639 275 3702 ribus
289 3638 358 3702 illis
381 3637 524 3702 relictis:
545 3638 699 3718 primum
716 3636 858 3719 quidem
876 3637 927 3700 rei
945 3637 1151 3714 nouitatem,
1174 3636 1401 3715 postmodum

171 3753 297 3809 autern
310 3762 413 3808 suam
426 3745 600 3808 mirantur
614 3745 812 3819 stultitiam,
829 3761 871 3808 ac
887 3743 1015 3808 delient
1029 3760 1199 3818 errorem,
1214 3743 1310 3823 quod
1325 3760 1410 3822 per·

170 3853 270 3916 ditos
289 3851 369 3914 illos
388 3851 549 3915 homines
568 3851 676 3914 duces
695 3860 937 3931 sequerentur.
959 3849 1049 3914 Rem
1067 3851 1159 3914 hanc
1179 3866 1260 3912 cum
1280 3849 1320 3912 R.
1342 3849 1407 3912 Pr.

170 3958 416 4039 PraeposituS,
437 3956 482 4021 ad
503 3955 695 4036 Protegem
714 3952 905 4037 profec'tus,
928 3956 1060 4020 ineam
1077 3955 1237 4019 incidens
1256 3957 1405 4020 mentio·

169 4082 269 4144 nem,
287 4074 482 4143 narrasset,
497 4064 548 4127 ita
562 4065 595 4127 ei
609 4064 674 4126 suit
689 4073 847 4144 accepta,
864 4072 903 4126 ut
917 4063 1060 4141 diceret,
1077 4061 1114 4126 P.
1131 4062 1339 4143 Praeposito
1351 4081 1407 4126 re-

169 4173 366 4252 spondens.
391 4171 557 4235 “Vtinam
575 4171 688 4234 vestri
707 4171 766 4234 isti
784 4170 912 4234 iratres
934 4179 1071 4236 tantam
1086 4170 1130 4233 ab
1152 4170 1220 4233 bac
1235 4170 1321 4234 urbe
1341 4188 1407 4251 pe-

168 4290 266 4342 stem
282 4278 528 4359 depellerentl,
550 4277 672 4342 Nostri
684 4295 783 4356 vero,
806 4277 855 4340 ita
874 4277 1013 4341 iubente
1028 4275 1066 4340 P.
1088 4276 1308 4356 Praeposito,
1329 4294 1403 4342 non

168 4387 221 4464 ui,
238 4401 310 4448 non
332 4383 541 4464 maledictis
563 4402 634 4448 non
649 4385 848 4465 opprobriis
861 4400 924 4447 eos
939 4384 1137 4462 detrudere,
1158 4383 1222 4448 sed
1236 4384 1401 4448 sauciare

167 4494 251 4556 sine
263 4494 411 4556 vulnere
426 4501 611 4556 conantur.
628 4490 718 4556 Cum
730 4491 872 4572 saepius
886 4490 934 4554 ibi
948 4490 1139 4554 conciones
1157 4491 1225 4554 sint
1241 4490 1399 4570 habitae,

170 4598 332 4680 quadam
346 4609 467 4662 tamen
482 4599 539 4662 die
554 4615 636 4662 cum
649 4599 794 4680 quidam
809 4597 980 4662 acerrime
996 4598 1282 4678 reprehenderet,
1300 4615 1343 4662 ac
1357 4598 1403 4662 si·

169 4707 247 4772 mul
262 4705 408 4769 defleret
423 4715 558 4769 tantam
569 4705 751 4770 bominum
761 4705 1013 4784 ignorantiam,
1027 4713 1066 4768 vt
1077 4721 1120 4768 ne
1131 4704 1246 4784 prima
1262 4705 1405 4787 quidem
