3436 5526
691 529 754 588 Aa.
776 529 846 590 1556
1325 528 1380 588 599

148 671 300 736 omnino
315 673 558 754 decreuerant;
579 675 641 738 sed
664 677 831 739 anostris
851 694 872 739 a
889 678 1070 757 proposito
1090 673 1243 739 nefando
1266 674 1310 738 ad
1325 691 1380 736 sa·

148 796 238 842 nam
265 789 419 845 mentem
442 791 643 861 reuocatae,
671 782 927 847 confessionem
946 783 1087 863 saepius
1107 783 1236 846 iterant
1256 799 1299 844 ac
1314 779 1381 844 fre·

150 895 307 964 quenter
322 886 453 950 Christi
465 905 595 970 corpus
606 889 812 970 suscipiunt.
826 889 898 954 Nec
913 889 1038 954 desunt
1053 890 1112 970 qui
1128 897 1210 952 octo
1225 889 1380 952 milliari·

151 992 234 1070 bus,
248 1001 285 1054 et
293 1011 335 1055 eo
347 994 507 1073 amplius,
522 996 566 1058 ab
578 996 663 1059 urbe
675 995 858 1073 distantes,
872 1005 1074 1059 nostrorum
1087 995 1259 1058 charitate
1272 995 1380 1075 capti,

151 1100 317 1163 maximo
330 1100 470 1164 feruore
485 1111 645 1165 nostrum
659 1103 880 1182 frequentent
895 1105 1075 1182 templum.

218 1207 429 1287 Complures
444 1209 589 1272 iuuenes
604 1210 757 1273 maxime
770 1210 899 1289 idonei,
920 1211 1020 1273 bonis
1042 1211 1199 1273 moribus
1219 1209 1380 1284 instituti,

152 1315 189 1376 in
207 1315 322 1378 literis
337 1316 440 1377 ualde
456 1317 627 1396 prouecti,
645 1317 777 1380 instant
794 1327 830 1380 ut
846 1318 1060 1398 recipiantur
1076 1317 1139 1395 qui
1157 1335 1178 1378 a
1200 1317 1313 1378 Patre
1323 1323 1383 1395 pe·
1455 1315 1457 1320 ’

153 1419 330 1483 detentt'm
345 1423 583 1486 retardantur
601 1423 620 1486 ¹,

219 1526 502 1606 Quidamtamen
518 1533 633 1608 gallus
650 1536 781 1612 optima
802 1532 928 1608 indole,
947 1531 1065 1593 latinis
1083 1529 1292 1609 graecisque
1312 1529 1384 1591 lite-

152 1635 306 1698 risbene
319 1637 487 1714 erudituS,
501 1635 544 1700 ad
557 1647 716 1702 nostram
728 1635 939 1702 Societatem
951 1637 1126 1700 admissus
1134 1646 1198 1714 est,
1208 1637 1268 1716 qui
1278 1653 1385 1716 quarn

154 1743 331 1806 obediens
346 1744 557 1824 humilisque
572 1746 617 1808 sit
633 1763 702 1809 non
719 1746 842 1808 attinet
862 1747 991 1809 dicere.

223 1849 407 1930 Quaedam
424 1863 548 1930 mater,
566 1869 634 1915 una
650 1870 731 1915 cunt
745 1851 828 1924 filia,
846 1870 926 1915 cum
938 1851 1078 1916 homine
1093 1868 1245 1932 nequam
1266 1870 1286 1913 a
1301 1853 1388 1913 mul-

154 1959 204 2020 tis
221 1958 327 2020 annis
341 1959 629 2023 consuetudinem
646 1976 795 2038 prauam
811 1960 973 2032 habebat;
989 1977 1079 2039 quae
1098 1977 1119 2022 a
1135 1969 1233 2022 tanto
1254 1959 1387 2020 scelere

156 2082 224 2144 per
238 2064 498 2157 confessionem
513 2076 693 2142 reuocata,
711 2068 754 2129 ad
771 2067 881 2129 vitam
896 2067 931 2129 in
943 2067 1068 2129 melius
1080 2064 1335 2128 traducendam
1349 2081 1388 2127 se

154 2171 309 2251 recepit.
326 2171 428 2234 Alius
443 2173 549 2235 etiam
565 2191 586 2234 a
603 2173 730 2252 uiginti
745 2174 848 2236 annis
862 2173 1038 2253 quoddam
1055 2182 1239 2254 peccatum
1254 2172 1388 2251 grauis·

154 2279 291 2342 simum
305 2296 486 2359 nunquam
498 2280 693 2343 confessori
706 2280 932 2360 patefecerat,
946 2281 1157 2360 saepiusque
1169 2279 1301 2344 Christi
1313 2296 1388 2342 cor·

155 2403 229 2467 pus
245 2403 307 2448 ore
323 2387 506 2466 inquinato
521 2396 732 2467 sumpserat:
749 2404 841 2450 nunc
857 2387 988 2451 nostris
1003 2386 1223 2467 apertissime
1244 2385 1387 2464 detexit,

155 2493 395 2573 grauiterque
409 2493 493 2556 illud
509 2494 717 2574 deplorauit.

222 2599 278 2662 De
293 2600 496 2664 domesticis
510 2601 664 2664 breuiter
678 2601 763 2664 mihi
776 2600 961 2664 dicendum
973 2610 1094 2664 restat.
1109 2601 1197 2664 Tres
1208 2609 1291 2663 sunt
1301 2601 1389 2668 clas-

156 2724 233 2785 ses;
250 2707 415 2786 discipuli
429 2707 502 2770 fere
518 2717 670 2772 centum.
693 2706 947 2788 Praeceptorcs
966 2708 1068 2771 ualde
1089 2708 1251 2771 laborant
1271 2714 1392 2768 utnon

157 2817 279 2878 solum
303 2815 413 2877 literis
443 2815 660 2892 imbuantur,
688 2816 876 2879 sedetiam
908 2825 944 2879 ut
968 2817 1057 2879 bene
1082 2825 1247 2895 recteque
1269 2813 1390 2876 uiuere

159 2922 318 2997 discant,
341 2922 434 3001 quod
459 2939 544 2986 sane
569 2939 611 2985 eo
633 2922 795 2986 dificilius
819 2939 897 2985 csse
918 2923 1067 3002 uidetur,
1095 2939 1163 3003 quo
1189 2919 1392 2984 dissolutior

159 3029 265 3092 hisce
281 3028 316 3090 in
331 3029 492 3108 partibus
508 3030 672 3092 iuuentus
684 3031 861 3093 inuenitur
873 3031 895 3089 ¹.
909 3029 1043 3093 Verum
1056 3031 1150 3092 nullo
1162 3030 1283 3092 labore
1294 3027 1392 3091 insti·

145 3122 361 3213 tuerentur,
384 3136 414 3198 si
429 3147 568 3215 patrum
593 3133 604 3164 ³
619 3152 705 3199 cura
726 3137 771 3199 ad
786 3147 946 3199 nostram
960 3137 1178 3215 diligentiam
1193 3125 1390 3198 accederet.

159 3241 234 3306 Sed
250 3259 334 3304 uere
350 3243 523 3306 cornicum
538 3241 670 3305 dixisse
691 3243 909 3322 experientia
930 3243 1006 3323 ipsa
1028 3243 1256 3306 demonstrat:
1282 3241 1393 3303 “dete-

160 3349 281 3411 riores
296 3365 419 3411 omnes
434 3366 556 3412 sumus
571 3349 731 3424 licentia„
749 3347 771 3413 ⁴.

227 3453 454 3536 Quapropter
469 3473 538 3518 non
565 3458 681 3519 minus
706 3467 848 3536 gratum
871 3457 1083 3521 sacrificium
1109 3473 1187 3518 esse
1203 3453 1279 3517 Deo
1296 3455 1393 3518 circa

159 3563 232 3625 hos
243 3563 390 3626 iuuenes
406 3578 623 3644 magnopere
638 3565 813 3640 laborare,
830 3582 936 3645 quam
952 3565 981 3627 si
997 3565 1032 3626 in
1047 3563 1301 3626 remotissimas
1326 3572 1393 3626 ter·

162 3685 290 3732 rarum
312 3670 474 3750 ciuitates
496 3669 813 3750 proficisceremur,
830 3671 1084 3733 existimamus.
1102 3668 1305 3750 Propterea,
1322 3685 1393 3731 non

162 3777 244 3838 sine
258 3776 414 3839 maxima
430 3793 550 3854 causa,
567 3777 670 3840 hoca
693 3787 727 3840 te
747 3777 875 3840 obnixe
895 3777 1057 3856 petimus,
1080 3775 1121 3838 R.
1145 3775 1195 3854 Ρ.,
1217 3785 1254 3838 ut
1274 3775 1393 3839 Domi·

162 3899 253 3946 num
269 3899 333 3962 pro
348 3884 450 3946 nobis
464 3901 555 3962 ores,
583 3901 716 3966 nosque
744 3881 893 3946 fratrum
915 3884 1133 3946 orationibus
1152 3882 1393 3946 commendari

163 3989 267 4066 uelis,
284 4000 371 4052 utet
395 3989 462 4070 ipsi
477 4001 681 4054 nostrorum
702 3990 863 4053 laborum
884 3991 1074 4070 participes
1093 3991 1174 4068 sint,
1197 3999 1231 4052 et
1250 3987 1393 4052 tandem

162 4113 237 4160 una
254 4097 301 4160 ad
315 4098 480 4177 patriam,
496 4099 555 4160 ubi
568 4099 661 4160 nulla
675 4097 861 4160 calamitas
875 4097 1095 4176 aduersaque
1106 4096 1247 4160 fortuna
1261 4095 1392 4174 existit,

162 4333 374 4344 -.—...-.

209 4483 216 4516 ¹
247 4483 317 4528 llaec
328 4486 391 4539 ipse,
402 4492 430 4529 ut
442 4485 554 4538 videtur,
566 4485 607 4540 qui
619 4486 723 4532 litteras
734 4488 860 4530 exerebat
872 4486 908 4530 sic
919 4485 1041 4530 mutavit:
1052 4495 1114 4538 quos
1126 4485 1155 4530 P.
1167 4485 1265 4530 Rector
1274 4487 1308 4530 de
1318 4487 1396 4529 indu·

162 4559 237 4600 stria
248 4559 409 4600 remoratur.

209 4631 220 4660 ¹
246 4628 309 4672 Alia
319 4639 419 4681 manus,
429 4629 503 4673 nobis
512 4629 611 4684 ignota,
623 4631 716 4673 earsrrr
727 4640 774 4684 pro
786 4631 926 4673 invenitur
935 4629 1063 4684 apposuit.

210 4697 221 4727 ⁸
247 4703 394 4754 parentum
404 4701 509 4754 scripsit
521 4699 588 4744 nlius
598 4713 613 4743 a
625 4700 745 4744 Polanco.

208 4772 222 4804 ⁴
247 4771 399 4824 Taenarius,
410 4771 739 4822 Heautontimorumenos,
747 4771 767 4825 S,
780 4775 799 4822 1.
809 4772 843 4816 rt.
