3368 5528
629 553 691 616 An.
713 547 783 616 1556
1265 543 1319 608 571·

103 699 345 780 misericordia,
360 717 459 782 quae·
467 711 608 784 praesto
623 711 678 766 est
692 701 865 780 omnibus,
882 701 932 764 illi
947 699 1089 773 omnino
1105 715 1176 764 non
1194 693 1317 773 defuit;

102 823 174 872 cum
187 807 279 874 enim
298 810 471 874 niteretur
489 817 647 890 tempora
667 809 745 890 ipsa
766 809 880 874 cultro
900 806 1122 888 transfigere,
1143 813 1182 870 ut
1200 802 1318 868 nullus

102 916 192 978 locus
217 915 372 980 vulneris
397 917 572 982 curationi
596 917 869 998 relinqueretur,
895 917 1064 980 continuo
1089 911 1320 993 (miraculum

102 1037 179 1086 sane
194 1023 453 1103 opportunum)
467 1024 511 1088 de
526 1025 688 1090 manibus
703 1025 814 1090 culter
829 1023 1006 1105 delapsus,
1023 1021 1060 1087 in
1075 1021 1164 1086 duas
1185 1017 1320 1083 diuisus

102 1137 149 1192 est
162 1139 291 1210 partes,
308 1129 357 1194 ita
371 1143 495 1196 utnon
510 1131 684 1197 sufficeret
699 1132 852 1214 capitale
867 1132 937 1196 iam
952 1130 1082 1195 vulnus
1096 1125 1237 1192 inferre.
1253 1123 1319 1188 His

103 1237 146 1300 itn
170 1237 336 1318 peractis,
361 1239 437 1320 ipse
451 1237 606 1321 quadam
626 1239 843 1321 poenitentia
865 1239 1003 1316 ductus
1027 1235 1087 1301 ubi
1106 1251 1144 1298 se
1164 1230 1317 1312 collegit,

102 1343 273 1409 admirans
288 1345 481 1412 maximam
495 1345 562 1410 Dei
577 1363 663 1427 erga
678 1363 718 1411 se
732 1344 1024 1423 misericordiam,
1041 1358 1211 1422 suamque
1225 1338 1318 1404 dete·
1361 1433 1364 1437 .

101 1459 192 1516 stans
218 1444 395 1519 insaniam
424 1461 530 1536 atque
556 1453 734 1534 furorem,
765 1453 907 1518 Patrem
939 1459 1100 1516 nostrum
1132 1449 1319 1514 Rectorem

101 1576 198 1640 quam
211 1563 365 1642 primum
376 1562 546 1627 accersiri
560 1561 666 1641 iubet,
681 1561 741 1643 qui
756 1576 836 1626 cum
852 1561 1026 1639 celeriter,
1041 1568 1079 1622 ut
1094 1573 1152 1622 res
1166 1555 1318 1639 postula·

100 1667 164 1746 bat,
179 1668 405 1748 accurrisset,
421 1669 570 1734 crimina
584 1669 634 1734 illi
647 1687 711 1734 sua
728 1669 861 1734 detexit
875 1683 1006 1748 magno
1028 1681 1110 1732 cum
1131 1663 1239 1730 animi
1260 1660 1319 1725 do·

101 1773 177 1854 lore;
197 1785 367 1857 tantoque
384 1775 450 1840 fuit
468 1775 587 1842 diuino
612 1792 786 1841 accensus
810 1791 949 1853 amore,
979 1783 1016 1838 ut
1041 1773 1107 1838 etsi
1132 1771 1318 1836 vulnerum

100 1884 193 1959 graui
207 1881 331 1946 dolore
345 1883 581 1962 crucrbretur,
596 1899 735 1965 semper
757 1892 875 1948 tamen
894 1882 1010 1947 Deum
1033 1881 1067 1945 in
1089 1896 1152 1944 ore
1171 1877 1319 1941 baberet

101 1989 293 2074 Christique
306 1989 520 2072 passionem,
536 1991 592 2056 cui
609 1992 748 2056 animae
768 2007 853 2056 suae
868 1991 1018 2055 salutem
1034 1997 1217 2068 acceptam
1231 1983 1318 2050 refe·

100 2095 201 2162 rebat.
218 2097 378 2163 Tandem
391 2107 471 2180 post
485 2097 650 2178 triduum,
666 2099 778 2164 alacri
793 2097 912 2163 animo
932 2097 1158 2178 maximaque
1177 2110 1240 2174 spe
1262 2109 1319 2156 sa-

99 2202 179 2270 lulis
203 2211 383 2284 aeternae,
409 2206 561 2272 animam
587 2207 768 2272 exhalauit
792 2224 914 2272 coram
940 2205 977 2270 P.
1005 2213 1128 2270 nostro
1153 2202 1317 2278 Rectore,

99 2329 194 2391 quem
208 2313 390 2395 nunquam
404 2331 425 2376 a
440 2330 506 2378 sno
520 2315 633 2379 latere
646 2313 828 2380 discedere
843 2313 996 2379 volebat:
1015 2311 1206 2394 plurimum
1226 2308 1318 2372 enim

100 2419 283 2486 adiumenti
302 2420 380 2484 eius
398 2421 599 2502 praesentia
619 2421 654 2485 ei
670 2421 859 2497 attulerat,
879 2420 953 2502 qui,
974 2418 1156 2501 proposita
1180 2433 1320 2498 semper

100 2537 173 2591 ante
187 2527 262 2600 eius
273 2528 396 2594 oculos
407 2527 528 2594 diuina
540 2527 794 2608 misericordia,
808 2527 955 2594 abduxit
967 2527 1144 2591 hominem
1155 2525 1199 2590 ab
1210 2523 1319 2588 animi

99 2632 350 2716 desperatione,
359 2652 451 2718 quae
462 2635 555 2700 illius
566 2635 682 2700 animo
695 2636 775 2700 altis
787 2632 1315 2700 defixaradicibusinbaerebat.

151 2739 238 2807 Cum
263 2742 320 2808 bic
345 2743 596 2808 celeberrimus
617 2743 661 2807 sit
686 2751 819 2824 portus,
842 2743 1027 2824 facilisque
1048 2743 1084 2806 in
1109 2739 1319 2821 Hispaniam

99 2849 271 2930 transitus,
297 2851 454 2932 quotidie
477 2851 562 2916 fere*
576 2850 806 2933 hispanorum
832 2851 989 2933 plerique
1016 2849 1061 2915 ad
1086 2865 1153 2913 nos
1171 2848 1318 2914 veniunt

99 2953 292 3036 flagitantes
316 2958 503 3037 auxilium,
527 2975 621 3022 nunc
645 2959 681 3022 in
707 2959 816 3023 rebus
834 2957 1086 3038 spiritualibus,
1112 2971 1207 3021 nunc
1233 2971 1319 3020 uero

99 3063 170 3127 aliis
180 3065 216 3130 in
227 3065 345 3143 rebuS,
358 3080 450 3146 quae
462 3065 508 3130 ad
519 3065 653 3131 victum
664 3067 825 3145 attinent,
838 3066 965 3147 qulbus
977 3065 1106 3148 (quoad
1118 3063 1318 3146 possumus)

99 3185 191 3250 opem
206 3171 363 3237 ferimus
379 3171 458 3252 Qua
474 3173 509 3237 in
524 3191 562 3237 re
577 3183 697 3238 tacere
708 3191 779 3237 non
794 3161 938 3253 possum
949 3189 1020 3254 quo
1032 3182 1136 3253 pacto
1147 3191 1167 3236 e
1179 3172 1319 3236 daemo-

99 3277 148 3340 nis
161 3279 320 3344 manibus
333 3280 478 3361 quidam
492 3297 629 3358 eorum,
651 3281 877 3358 Der'auxilio,
894 3289 963 3362 per
978 3297 1045 3344 nos
1066 3279 1170 3344 fuerit
1194 3278 1317 3344 libera·

100 3393 159 3448 tus.
184 3385 272 3452 Cum
296 3387 391 3452 enim
416 3387 479 3452 ille
492 3387 623 3452 iamdiu
650 3404 815 3468 egressus
833 3397 927 3452 esset
947 3405 992 3452 ex
1010 3387 1317 3452 dominicanorum

99 3493 268 3573 coenobio,
287 3492 350 3559 'cui
365 3511 404 3558 se
418 3493 512 3560 uotis
527 3493 753 3573 astrinxerat,
769 3494 959 3560 militarem
972 3493 1197 3576 disciplinam
1219 3511 1317 3560 exer·

99 3598 230 3678 cuisset,
250 3599 404 3679 tandem,
429 3601 667 3666 conscientiae
688 3601 840 3666 stimulis
858 3601 1031 3682 agitatus,
1045 3638 1046 3644 κ
1059 3602 1105 3666 ad
1130 3601 1318 3682 pristinum

100 3705 248 3772 ordinem
262 3707 394 3773 reuerti
408 3707 600 3786 constituit,
618 3708 675 3774 cui
697 3708 766 3772 hoc
789 3709 906 3773 animo
921 3725 966 3773 ex
980 3718 1103 3773 nostro
1118 3709 1318 3787 egredienti

100 3813 249 3894 collegio,
275 3814 396 3880 statim
421 3815 576 3880 occurrit
596 3815 696 3880 miles
714 3815 869 3896 quidam,
893 3815 993 3880 cuius
1020 3814 1260 3880 familiaritate
1281 3817 1318 3882 in

99 3917 179 3985 bello
191 3921 308 3986 fuerat
322 3938 420 4002 usus;
435 3922 494 4002 qui
511 3923 677 3987 miserum
691 3921 785 3987 bunc
797 3923 975 3988 hominem
987 3923 1022 3987 ui
1034 3921 1079 3986 ad
1090 3924 1254 3988 triremes
1266 3923 1318 3988 ire

99 4029 214 4110 coegit,
237 4038 275 4094 ut
293 4029 342 4094 ibi
363 4028 537 4110 stipendia
561 4029 725 4096 militaria
741 4040 904 4108 mereret,
921 4029 1026 4096 minis
1040 4030 1316 4112 terroribusque,

98 4135 122 4202 ti
134 4136 167 4202 id
180 4137 357 4202 facturum
371 4145 532 4216 negaret,
554 4137 859 4217 perterrefaciens:
881 4137 1000 4219 itaque
1021 4154 1156 4219 pauper
1177 4139 1247 4214 ille,
1268 4138 1318 4202 in·

97 4242 179 4308 uitus
202 4241 408 4325 aliquandiu
432 4243 468 4307 in
492 4243 694 4308 triremibus
718 4245 894 4324 detentus,
914 4245 1139 4310 occasionem
1162 4245 1317 4327 quodam

96 4347 142 4412 die
162 4361 298 4429 nactus,
314 4349 361 4414 ad
375 4367 442 4414 nos
455 4351 626 4430 confugit.
649 4350 690 4414 R.
708 4351 746 4416 P.
767 4351 910 4431 Rector,
936 4353 1080 4434 cognita
1095 4353 1188 4418 illius
1203 4360 1318 4434 penu·

96 4456 155 4534 ria,
178 4458 404 4538 eleemosyna
426 4457 509 4520 hinc
529 4455 610 4522 inde
630 4476 651 4521 a
672 4459 847 4524 nobilibus
867 4460 1005 4525 ciuibus
1026 4471 1230 4540 corrugata,
1257 4473 1316 4526 ve·

96 4571 174 4628 stem
188 4566 434 4630 monachalem
448 4565 483 4628 ef
494 4565 589 4644 emit,
607 4576 713 4649 atque
729 4567 776 4632 ita
793 4584 874 4633 eum
887 4565 1028 4632 demisit
1043 4567 1090 4630 ad
1105 4567 1317 4638 Generalem

97 4669 142 4733 sui
156 4670 297 4750 ordinis,
314 4691 336 4736 a
351 4688 419 4753 quo
436 4673 475 4736 tir
487 4689 595 4736 suum
614 4691 788 4752 gregem,
801 4682 842 4738 at
858 4675 950 4746 ouis.
966 4693 1056 4756 qnae
1070 4677 1242 4776 perierat,
1265 4695 1314 4745 re·

99 4773 216 4842 ductus
229 4785 294 4844 est.
1309 4795 1311 4798 ’
