3472 5528
414 533 470 594 278
798 528 969 596 Ltrranaa
988 549 1259 605 ooaomuasraas

411 683 535 772 ⁸gentia
549 683 662 764 potuit
676 682 767 764 lieri,
783 679 932 764 scilicet,
949 683 1079 748 nostris
1094 681 1260 749 Patribus
1281 679 1532 762 clamantibus,
1555 673 1638 746 mill·

416 797 471 853 tos
484 788 587 853 ludos
600 789 759 871 publicos
772 791 929 855 sublatos
944 809 1032 871 esse,
1049 799 1084 855 et
1096 792 1234 874 domos,
1248 792 1293 856 ad
1309 792 1497 856 ludendum
1511 791 1638 855 consti·
1722 827 1723 856 ;

416 905 521 976 tutas,
538 897 759 977 interclusas,
776 916 821 962 ex
835 897 961 980 quibus
975 899 1242 964 innumerabilia
1258 908 1489 981 peccatorum
1504 913 1638 978 genera

411 994 632 1069 oriebantur.
650 1003 715 1069 Cui
730 1005 853 1069 morbo
870 1014 943 1070 tarn
957 1006 1145 1086 desperato
1161 1024 1232 1071 non
1243 1015 1408 1088 poterant
1421 1014 1542 1088 patres
1557 1020 1637 1068 con·

416 1111 539 1194 scripti
553 1111 656 1176 huius
668 1113 833 1193 ciuitatis,
847 1131 912 1177 nec
923 1113 1058 1178 Prorex
1071 1113 1091 1195 ¹,
1104 1114 1299 1179 remedium
1312 1113 1492 1193 adhibere,
1508 1113 1638 1196 quippe

415 1219 554 1284 lusores
567 1229 669 1284 erant
684 1220 751 1285 vlri
765 1221 900 1285 nobiles
915 1229 949 1285 et
963 1221 1108 1303 diuites;
1125 1221 1187 1286 sed
1205 1221 1304 1286 Dens
1323 1221 1560 1303 omnipotens,
1577 1219 1641 1284 Pa·
1722 1235 1723 1300 ι

416 1335 470 1392 tre
484 1335 606 1392 nostro
620 1327 785 1392 Ramirez
798 1338 902 1393 vtens
918 1331 1180 1410 concionatore,
1196 1331 1247 1394 ita
1262 1330 1402 1394 illorum
1417 1329 1554 1393 animos
1571 1330 1640 1392 ela·
1722 1371 1723 1380 ι

416 1443 472 1498 tos
487 1434 662 1515 confregit
681 1444 716 1499 et
735 1445 870 1501 mentes
890 1437 945 1500 sui
966 1454 1086 1501 amore
1104 1429 1354 1516 inflammabit,
1375 1445 1414 1500 ut
1434 1453 1506 1500 non
1525 1437 1641 1500 solum
1722 1453 1723 1484 ι

415 1541 517 1608 ludos
531 1542 602 1606 sint
616 1543 786 1622 execrati,
802 1542 864 1626 scd
879 1543 986 1608 etiam
1001 1543 1150 1623 singulis
1164 1544 1288 1609 diebus
1303 1544 1349 1607 ad
1359 1553 1521 1608 nostrum
1536 1544 1641 1607 colle·
1722 1631 1723 1638 ἵ

416 1651 515 1730 glum
529 1635 777 1731 se'conferanu
794 1659 833 1715 ut
847 1652 958 1715 verba
973 1651 1041 1715 Dei
1055 1637 1219 1730 audiant;
1240 1652 1473 1716 concionatur
1487 1667 1641 1732 namque

416 1757 523 1850 Pater
536 1757 672 1822 Doctor
685 1757 849 1822 Ramirez
863 1757 1030 1840 quotidie,
1046 1768 1085 1822 ut
1101 1759 1137 1823 in
1152 1759 1313 1840 incoepto
1329 1759 1531 1840 persistant,
1545 1767 1583 1822 et
1596 1756 1641 1822 ad

417 1865 553 1929 maiora
568 1865 823 1946 prouehantur,
847 1873 922 1930 tum
936 1867 1044 1930 etiam
1057 1876 1096 1930 ut
1109 1866 1292 1944 hominum
1311 1866 1505 1930 otiosorum
1523 1865 1641 1930 detra·
1722 1945 1723 1950 Ἰ

417 1973 554 2036 ctiones
573 1981 607 2036 et
627 1971 821 2037 derisiones
838 1973 1003 2054 libentius
1021 1991 1086 2054 pro
1106 1973 1246 2038 Christo
1261 1974 1452 2054 patiantur.
1473 1971 1520 2037 Hi
1533 1989 1641 2038 vene·
1722 1997 1723 2014 ι

408 2061 575 2170 ‘rabiliter
603 2079 686 2160 (sa)
718 2097 846 2161 corpus
878 2081 1011 2145 christi
1042 2081 1245 2162 frequenter
1272 2089 1432 2146 sumunt:
1462 2081 1518 2144 aas
1546 2081 1641 2145 anne

416 2188 511 2281 quod
525 2205 563 2272 se
579 2196 770 2276 exerceant
788 2187 825 2251 in
844 2187 912 2269 piis
927 2188 1110 2269 operibus,
1127 2197 1161 2252 et
1180 2187 1253 2253 suis
1274 2187 1414 2252 famulis
1436 2187 1557 2268 stipati
1579 2187 1642 2252 ho·

406 2283 560 2388 ¹spitiu‘m
584 2274 779 2379 pauperum
803 2295 959 2375 visitent,
985 2295 1044 2359 ubi
1069 2313 1176 2376 saepe
1202 2303 1426 2377 pernoctant,
1454 2303 1488 2358 et
1516 2285 1643 2359 sectilia

414 2403 496 2466 illuc
511 2401 644 2466 ducunt
662 2403 885 2467 sacerdotem
905 2403 1126 2483 theologum,
1150 2413 1187 2468 ut
1207 2403 1237 2467 si
1259 2404 1338 2484 quis
1358 2418 1492 2485 pauper
1512 2407 1643 2483 appio-

415 2495 559 2611 pinquet
574 2510 689 2590 morti,
706 2511 857 2574 iuuetur:
874 2512 935 2592 qui
950 2510 1017 2575 viri
1036 2510 1171 2574 nobiles
1190 2511 1220 2574 si
1240 2509 1367 2574 desunt
1386 2509 1504 2590 aliqua
1520 2517 1642 2587 nocte,

415 2617 543 2683 adsunt
558 2625 701 2697 praesto
717 2617 788 2681 alii:
804 2617 853 2680 ita
867 2619 961 2681 enim
977 2627 1145 2682 statutum
1163 2626 1268 2681 estut
1288 2617 1384 2681 nulla
1399 2625 1502 2682 nocte
1522 2613 1643 2697 peru'i-

414 2725 504 2804 giles
519 2717 647 2790 a‘bsint:
663 2724 758 2806 quod
773 2731 954 2805 statutum,
970 2727 1134 2807 quamuis
1149 2725 1232 2790 olim
1247 2717 1468 2804 seruabatur,
1486 2717 1558 2788 ialir
1583 2725 1644 2788 de·

415 2821 510 2897 mum
524 2833 689 2922 perierat:
704 2831 767 2896 sed
782 2850 875 2896 nunc
891 2852 912 2897 a
926 2834 1057 2897 nostris
1073 2832 1236 2899 Patribus
1251 2825 1411 2897 fulcitum
1426 2829 1643 2911 custoditur,

402 2931 508 3020 ‘quod
523 2949 619 3004 certe
633 2956 849 3020 magnopere
873 2949 949 3003 erat
969 2941 1224 3017 necessarium;
1247 2958 1329 3005 narn
1349 2931 1581 3020 contingebat
1604 2950 1645 3005 ut

414 3047 532 3152 aliqua
551 3056 671 3126 nocte,
695 3047 857 3112 omnibus
882 3047 1152 3128 dormientibus,
1178 3057 1252 3112 tres
1272 3057 1332 3112 aut
1357 3048 1509 3127 quatuor
1524 3047 1644 3112 vitam

414 3129 569 3236 linirent,
585 3155 725 3220 nemine
740 3155 974 3237 inspectante.

473 3258 552 3326 Viri
566 3263 674 3329 etiam
689 3263 725 3326 hi
739 3262 873 3344 patritii
889 3265 990 3344 (quos
1005 3263 1110 3343 dixi),
1128 3261 1202 3327 suis
1220 3263 1350 3344 vigiliis
1371 3281 1442 3327 non
1464 3266 1644 3340 contenti,
1722 3237 1723 3276 i

401 3351 570 3435 'ostiatim
585 3371 847 3452 eleemosynam
861 3377 996 3452 petunt,
1013 3379 1051 3433 ut
1066 3379 1184 3434 vestes
1200 3371 1387 3452 unicuique
1401 3371 1561 3452 'pauperi
1572 3391 1646 3436 ‹ne-

416 3478 593 3570 cessarias
607 3477 774 3542 tribuant:
791 3495 914 3542 omnes
929 3477 1095 3543 conciues
1110 3479 1284 3542 mirantur
1298 3479 1364 3542 bos
1380 3479 1478 3542 viros
1493 3485 1568 3544 tam
1587 3485 1647 3544 su·

414 3585 544 3684 perbos
559 3595 631 3649 tam
646 3594 790 3667 repente
801 3585 974 3649 humanos
986 3595 1020 3649 et
1033 3585 1183 3650 humiles
1194 3585 1411 3667 apparuisse,
1428 3589 1645 3667 praesertim

416 3710 497 3757 cum
512 3680 694 3756 nobilitate
710 3700 744 3756 et
760 3691 891 3757 diuitiis
912 3695 1060 3757 multum
1079 3702 1235 3775 possent.
1258 3693 1464 3758 Decernunt
1485 3710 1583 3759 nunc
1609 3697 1648 3760 ili
1722 3755 1723 3778 ,

418 3799 553 3865 nobiles
568 3809 605 3864 ut
621 3799 834 3864 conueniant
848 3801 884 3864 in
898 3819 1006 3866 vnum
1021 3803 1290 3883 quinquaginta,
1307 3810 1343 3866 et
1357 3801 1505 3883 quisque
1518 3802 1647 3884 singu·
1722 3855 1723 3866 ,

415 3908 458 3970 lis
473 3907 575 3972 annis
589 3908 716 3988 viginti
730 3924 893 3972 nummos
906 3925 1036 3972 aureos
1058 3910 1234 3990 porrigat,
1251 3926 1297 3972 ex
1312 3909 1438 3991 quibus
1453 3903 1540 3972 liant
1563 3911 1650 3975 red·

415 4015 508 4079 ditus
523 4025 561 4078 ut
576 4013 860 4108 adolescentulae
865 4017 1094 4096 ,parentibus
1109 4017 1266 4096 orbatae,
1282 4016 1370 4080 viris
1389 4016 1539 4081 nubant:
1564 4035 1647 4083 rem

416 4139 502 4202 sane
522 4121 599 4185 Deo
620 4097 773 4202 gratam,
797 4123 879 4204 quia
902 4124 1032 4186 multae
1041 4131 1228 4206 ,egestate
1253 4140 1456 4205 oppressae,
1484 4123 1583 4190 vitiis
1608 4144 1650 4191 se

416 4209 572 4294 tradunt.

476 4336 652 4401 Numerus
667 4355 803 4417 eorum,
825 4339 885 4420 qui
904 4337 1044 4404 assidue
1064 4338 1275 4403 confitentur
1290 4349 1325 4403 et
1344 4348 1488 4404 sumunt
1509 4356 1652 4422 corpus
1722 4397 1723 4430 ι

413 4445 679 4546 sanctissimum
695 4442 837 4534 Christi,
854 4445 943 4510 adeo
958 4463 1109 4526 magnus
1124 4455 1196 4527 est,
1216 4463 1288 4511 non
1307 4447 1421 4511 solum
1436 4446 1559 4512 diebus
1584 4449 1653 4513 do·

413 4528 569 4633 miniciS,
596 4552 658 4616 sed
683 4539 791 4617 etiam
815 4551 894 4616 aliis
917 4553 1056 4634 diebus,
1083 4561 1121 4618 ut
1142 4567 1282 4635 semper
1300 4555 1337 4617 in
1362 4563 1484 4618 nostro
1509 4557 1652 4637 templo
1722 4589 1723 4592 ι

460 4797 466 4833 Ι
496 4794 671 4845 bernardulus
681 4795 711 4843 de
723 4767 855 4846 Cardenas
865 4773 891 4844 et
902 4797 1028 4850 Pscbeco.
1038 4797 1061 4845 ll
1071 4769 1212 4856 Mannedae
1223 4794 1282 4849 Dux
1291 4805 1317 4849 et
1329 4782 1472 4852 lbiarcblo'
1480 4799 1511 4849 de
1521 4797 1621 4852 Eleae.
