3504 5532
743 545 807 605 ΑΝ.
830 544 898 604 tuto
1370 541 1433 600 '151

203 697 315 752 tatem
331 690 512 769 postulant
524 691 673 768 admitti,
689 707 840 770 quorum
855 707 955 767 unus,
969 691 1101 768 magno
1116 689 1296 768 religionis
1311 705 1435 752 accen·

204 811 269 859 sus
283 796 469 874 desiderio,
487 815 529 860 ac
546 798 690 879 proprio
701 797 856 877 quodam
867 806 983 861 motus
999 797 1177 870 instinctu,
1194 795 1271 858 Deo
1286 796 1385 858 uouit
1396 811 1435 858 se

206 901 244 966 in
270 921 351 966 eam
372 905 629 984 ingressurum,
656 905 716 970 ubi
740 905 892 985 primum
917 913 1044 968 nactus
1068 903 1173 966 suerit
1199 903 1434 966 occasionem.

206 1009 327 1090 Atque
340 1011 430 1075 haec
445 1011 488 1075 de
503 1029 541 1074 re
558 1012 725 1076 literaria.

269 1117 371 1181 Nunc
392 1117 521 1182 addam
540 1137 671 1199 pauca,
694 1137 785 1201 quae
805 1119 981 1200 prioribus
1002 1117 1236 1182 adscribenda
1258 1117 1434 1181 duximus.

206 1222 382 1304 Quamuis
401 1225 494 1288 enim
513 1244 534 1288 a
553 1237 677 1290 nostro
698 1227 767 1290 huc
789 1226 943 1290 aduentu
963 1225 1223 1288 confessionum
1245 1223 1437 1286 audienda-

205 1347 288 1394 rum
303 1332 508 1412 quotidiana
522 1349 612 1413 pene
626 1333 731 1396 fuerit
746 1333 942 1413 occupatio,
956 1349 999 1396 ea
1010 1343 1129 1396 tamen
1144 1349 1165 1393 a
1177 1331 1300 1412 paucis
1314 1329 1437 1394 diebus

205 1439 363 1502 maxime
378 1441 502 1502 creuit:
518 1456 632 1519 neque
648 1440 690 1503 de
705 1457 852 1502 numero
866 1448 1004 1503 tantum
1017 1439 1265 1519 gauderemus
1281 1437 1350 1500 nisi
1371 1454 1437 1516 par

207 1544 359 1624 fructus,
385 1544 518 1609 Christi
538 1546 667 1624 gratia,
694 1557 911 1627 sequeretur.
939 1545 1038 1608 Multi
1057 1545 1197 1608 suerunt
1213 1542 1434 1625 deprehensi,

208 1652 283 1734 qui,
296 1651 531 1716 confessionis
543 1665 649 1732 atque
660 1653 906 1716 Eucharistiae
917 1663 1141 1715 sacramenta
1154 1651 1296 1731 saepius
1308 1649 1436 1713 adeun·

206 1769 276 1837 tes,
292 1759 459 1839 capitalia
475 1759 581 1822 etiam
596 1769 754 1839 peccata,
771 1761 826 1823 uel
841 1768 937 1822 metu
958 1760 1013 1822 uel
1029 1758 1162 1838 pudore
1178 1757 1355 1838 prohibiti,
1376 1755 1436 1819 ali·

208 1877 297 1946 quot
313 1882 425 1928 annos
444 1865 659 1929 reticuerint:
682 1865 743 1928 sed
763 1867 896 1929 nostris
915 1866 1056 1929 demum
1076 1864 1229 1928 confessi
1247 1863 1436 1928 sacerdoti·

207 1971 287 2049 bus,
304 1973 411 2034 ueluti
428 1971 506 2034 fidis
523 1982 626 2050 atque
642 1973 849 2052 opportunis
863 1972 1010 2035 medicis
1025 1972 1165 2053 putrida
1182 1973 1327 2034 uulnera
1342 1970 1436 2032 dete·

207 2089 349 2142 xerunt.
374 2077 537 2157 Quidam,
559 2080 774 2143 christianae
797 2079 1004 2159 disciplinae
1024 2080 1182 2158 ignarus,
1206 2078 1301 2141 sacto
1321 2076 1434 2140 diuor-

207 2185 272 2258 tio,
289 2201 438 2248 vxorem
452 2184 668 2263 deseruerat,
686 2199 790 2266 atque
807 2187 866 2263 ita,
883 2188 958 2250 iure
981 2186 1195 2248 matrimonii
1216 2201 1339 2248 crassa
1354 2201 1437 2263 qua-

206 2291 292 2355 dam
317 2293 519 2370 ignorantia
545 2295 671 2372 solutu,
697 2311 741 2356 ex
762 2296 944 2356 uoluntate
965 2305 1113 2373 uterque
1134 2291 1291 2367 uiuebat;
1313 2307 1436 2353 uerum

205 2415 300 2460 unus
315 2417 359 2461 ex
375 2399 506 2462 nostris
523 2399 685 2462 Patribus
699 2401 877 2464 hominem
896 2400 939 2462 de
955 2399 1143 2463 commisso
1166 2400 1299 2461 scelere
1318 2398 1435 2460 admo-

205 2521 308 2583 nens
325 2505 440 2568 effecit
456 2517 493 2568 ut
510 2506 544 2568 in
560 2507 821 2570 sanctissimum
835 2505 958 2569 foedus
973 2507 1015 2570 de
1031 2507 1169 2584 integro
1185 2505 1350 2568 redirent.
1367 2503 1434 2568 No·

206 2611 289 2674 bilis
303 2611 477 2692 quaedam
492 2631 534 2674 ac
549 2613 649 2675 diues
664 2623 827 2676 matrona
850 2630 894 2676 ex
913 2614 1027 2676 alieno
1049 2613 1125 2675 uiro
1145 2611 1254 2674 filium
1275 2629 1436 2691 suscepe-

208 2727 277 2796 rat,
293 2735 443 2799 eumque
458 2720 559 2798 quasi
572 2720 689 2783 mariti
701 2720 880 2801 proprium
893 2720 1075 2784 eduxerat.
1092 2719 1241 2782 Maritus
1251 2719 1370 2798 igitur,
1383 2718 1435 2779 rei

205 2825 368 2902 nescius,
394 2825 553 2904 spurium
573 2826 760 2890 haeredem
782 2827 899 2890 lacere
920 2827 1142 2890 decreuerat:
1167 2829 1317 2888 alterum
1338 2841 1433 2902 uero,

207 2947 314 3012 quem
328 2949 374 2993 ex
388 2949 501 2994 vxore
516 2932 679 3010 habebat,
698 2934 902 3012 legitimum,
916 2933 1097 2996 Ecclesiae
1112 2933 1306 2995 redditibus
1318 2948 1435 2994 cumu-

207 3039 284 3100 lare
298 3038 492 3116 cogitabat.
511 3037 612 3117 Quod
628 3039 784 3119 iniquum
799 3041 946 3103 credens
958 3057 1060 3117 vxor,
1079 3039 1116 3102 P.
1129 3039 1301 3120 Joannem
1318 3037 1433 3117 Bapti-

206 3151 300 3206 stam
316 3145 438 3206 adiens
453 3145 554 3225 eique
574 3145 748 3222 consessa,
769 3145 889 3210 didicit
910 3165 1000 3227 quae
1015 3147 1169 3210 humano
1194 3157 1299 3225 atque
1314 3144 1434 3206 diuino

206 3250 284 3314 iure
298 3251 375 3314 fieri
390 3252 586 3330 oportebat.
606 3251 728 3332 Itaque
749 3253 957 3316 confessarii
977 3253 1102 3315 edocta
1124 3253 1283 3330 consilio,
1305 3253 1433 3314 marito

207 3357 385 3436 persuasit
406 3368 443 3420 ut
463 3359 641 3436 legitimus
659 3359 831 3422 bonorum
854 3360 980 3422 haeres
1001 3360 1266 3438 relinqueretur,
1294 3360 1433 3438 spurius

206 3472 326 3526 autem
341 3464 505 3542 religioni
519 3463 751 3529 addiceretur.

268 3570 369 3632 Alter
384 3587 534 3633 vxorem
549 3571 584 3633 in
600 3571 773 3634 adulterio
788 3573 1044 3652 deprehensam
1065 3572 1226 3635 occidere
1246 3573 1433 3634 constitue·

208 3682 282 3753 rat,
298 3675 360 3738 sed
382 3676 495 3739 eidem
516 3676 611 3740 Patri
633 3695 698 3741 sua
718 3691 866 3758 peccata
888 3678 1070 3756 confitens
1094 3680 1222 3741 mitiori
1245 3679 1362 3740 animo
1384 3677 1432 3738 sa·

208 3791 300 3858 ctus,
316 3783 451 3844 illatam
466 3783 532 3846 sibi
548 3785 711 3847 iniuriam
728 3787 892 3848 obliuioni
907 3785 1062 3848 tradidit.
1082 3785 1251 3865 Pleraque
1266 3785 1335 3846 alia
1351 3801 1432 3847 con-

190 3887 375 3966 tigerunt,
392 3907 437 3951 ex
452 3889 579 3969 quibus
594 3890 638 3953 ad
653 3891 768 3954 Deum
783 3909 855 3954 non
871 3895 1037 3971 exiguam
1056 3893 1207 3970 laudem,
1231 3901 1264 3953 et
1287 3891 1332 3953 ad
1354 3908 1433 3970 pro·

206 3993 323 4058 ximos
338 3996 485 4059 multam
500 3997 686 4059 utilitatem
704 3999 908 4076 prouenisse
924 3999 1143 4062 confidimus.

268 4099 341 4163 Nec
356 4102 471 4164 solum
492 4102 586 4164 domi
607 4103 689 4166 huic
711 4105 914 4168 sacerdotes
936 4119 1109 4168 uacarunt
1131 4107 1277 4183 muneri,
1302 4104 1363 4168 sed
1386 4105 1432 4168 ad

204 4222 371 4270 carceres
386 4209 551 4271 accersiti
563 4209 802 4273 consessiones
814 4211 1001 4286 audiendo
1017 4214 1258 4292 hortandoque
1270 4212 1430 4292 afflictos,

202 4313 292 4376 nulli
313 4314 500 4379 charitatis
521 4315 635 4378 officio
654 4315 851 4381 deluerunt.
875 4317 1064 4382 Praeterea
1086 4337 1176 4382 unus
1198 4339 1242 4382 ex
1264 4321 1433 4382 iratribus

204 4421 340 4483 nostris
356 4421 415 4484 illo
429 4423 519 4485 solet
534 4422 636 4500 itare,
653 4442 764 4504 eaque
780 4425 941 4488 omnibus
956 4426 991 4488 in
1008 4443 1114 4489 unum
1129 4427 1267 4489 uocatis
1286 4425 1430 4506 profari,

199 4543 293 4607 quae
310 4527 521 4591 adsalutem
536 4531 684 4609 prosint.
706 4531 745 4594 ln
765 4532 898 4611 aliquot
918 4533 1024 4596 etiam
1036 4533 1241 4596 monialium
1253 4533 1432 4596 coenobiis

201 4643 237 4696 et
253 4632 435 4711 religiosis
450 4635 596 4698 aedibus
611 4635 646 4698 id
662 4635 699 4698 P.
715 4637 871 4718 Joannes
885 4637 1046 4717 Baptista
1059 4655 1165 4718 saepe
1177 4649 1325 4718 rogatus
1335 4639 1429 4702 lecit.

203 4737 245 4803 ln
259 4751 387 4802 nostro
403 4757 487 4804 uero
503 4743 633 4822 templo
647 4743 833 4807 dominicis
853 4762 896 4807 ac
911 4745 1009 4807 lestis
1024 4744 1147 4808 diebus
1166 4745 1272 4809 habet
1293 4747 1432 4810 concio-
