3510 5526
425 503 483 564 712
897 505 1074 564 mrrnmx
1091 521 1194 566 eamn

487 649 539 713 Vt
552 649 599 714 ad
613 649 651 714 P.
668 649 708 714 T.
725 667 769 714 ea
783 667 876 714 nunc
888 651 1054 727 scribam,
1067 666 1159 731 quae
1167 649 1223 714 his
1234 653 1475 732 superioribus
1486 653 1549 716 49³
1557 669 1629 716 meu

425 757 524 821 sibus
537 775 602 838 per
615 757 720 822 huius
733 757 875 837 collegii
890 757 1073 838 operarios
1087 755 1263 823 Dominus
1282 758 1449 840 dignatio
1468 771 1522 824 est
1541 759 1642 824 effice·

426 881 477 940 re,
492 863 609 928 dicam
624 863 797 945 imprimis
810 863 854 928 de
869 863 1034 928 Patribus
1047 863 1276 928 Emmanuele
1289 863 1320 930 F
1321 865 1516 930 erdinando
1527 876 1562 930 et
1574 867 1640 930 eius

425 971 525 1036 socio
537 970 643 1035 Petro
658 969 812 1036 Sanctae
833 970 969 1046 Crucis,
984 971 1046 1051 qui
1059 979 1140 1052 post
1154 987 1257 1036 suum
1274 973 1428 1052 primum
1448 973 1547 1038 Eluis
1564 973 1640 1036 redi·

424 1089 500 1143 tum
514 1077 569 1157 (eo
584 1079 678 1142 enim
693 1097 715 1142 a
729 1077 767 1142 P.
788 1077 880 1142 ΜΛΝ
895 1077 1045 1158 Myrone
1065 1078 1184 1158 missi,
1199 1077 1362 1160 Principe
1384 1079 1571 1144 cardinale
1590 1097 1639 1160 po

424 1187 590 1264 stulante,
607 1186 757 1262 inerant,
773 1195 813 1248 vt
828 1203 874 1250 ex
889 1185 968 1250 aliis
982 1185 1093 1248 literis
1108 1183 1147 1250 P.
1162 1185 1203 1250 T.
1219 1187 1334 1266 potuit
1347 1187 1555 1268 intelligere)
1568 1187 1574 1217 ¹
1589 1187 1640 1250 ite

422 1309 502 1356 rum
516 1293 641 1357 eodem
656 1291 840 1356 abeodem
855 1289 959 1355 Patre
971 1292 1069 1356 missi
1080 1302 1174 1368 sunt,
1187 1293 1329 1356 ineunte
1341 1310 1462 1358 mense
1473 1295 1641 1374 Augusto,

423 1400 553 1464 etenim
567 1399 692 1480 pietati
706 1415 748 1486 ac
764 1397 946 1462 deuotioni
960 1399 1156 1463 incolarum
1171 1399 1266 1464 illius
1281 1399 1380 1464 vrbis
1394 1401 1459 1464 fuit
1476 1401 1641 1481 obtempe

422 1506 584 1584 randum,
600 1523 646 1568 ex
660 1505 786 1587 quibus
799 1505 958 1570 nonnulli
972 1505 1041 1570 uiri
1056 1505 1192 1570 nobiles
1206 1505 1253 1570 ad
1264 1507 1358 1571 hanc
1368 1509 1494 1572 vrbem
1505 1523 1637 1580 venere,

423 1613 482 1694 qui
496 1612 565 1676 hoc
586 1611 702 1693 ipsum
721 1629 742 1674 a
762 1609 926 1692 Principe
949 1611 1130 1676 Cardinali
1150 1623 1402 1694 exposcerent,
1423 1631 1574 1696 quorum
1592 1615 1640 1678 ille

419 1719 585 1801 precibus
613 1727 832 1796 commotus,
863 1717 955 1782 idem
985 1718 1113 1781 iterum
1141 1738 1162 1782 a
1191 1718 1229 1781 P.
1259 1719 1408 1800 Myrone
1436 1721 1571 1802 petiuit.
1595 1719 1639 1784 De

420 1826 602 1890 commodo
617 1831 650 1888 et
666 1824 840 1905 spirituali
854 1825 986 1904 fructu,
999 1841 1101 1905 quem
1109 1831 1329 1905 praepotens
1340 1827 1439 1890 Deus
1451 1827 1577 1892 rdr'dm
1583 1835 1640 1907 per

317 2011 319 2018 Ι
420 1932 506 1997 z'llos
517 1937 689 2012 operatus
700 1937 754 1995 est
769 1929 793 2008 ¹,
809 1931 932 1995 literas
946 1932 1149 2013 accepimus
1169 1949 1190 1994 a
1206 1932 1244 1996 P.
1266 1931 1371 1998 Petro
1391 1931 1547 1998 Sanctae
1565 1931 1638 1998 Cru-

421 2041 484 2119 cis,
501 2039 628 2120 quibus
642 2037 731 2102 haec
746 2036 820 2101 sere
835 2055 925 2118 quae
946 2044 1148 2119 sequuntur
1156 2039 1350 2120 praecipue
1367 2041 1637 2104 continebantur.

480 2145 666 2225 Venimus,
682 2145 884 2210 charissimi
894 2147 1035 2222 fratreS,
1049 2145 1082 2208 in
1096 2146 1188 2209 hanc
1200 2146 1326 2209 vrbem
1336 2145 1446 2210 Eluas
1457 2148 1569 2212 altera
1580 2145 1636 2220 die,

378 2329 381 2335 Α
421 2271 527 2336 quam
544 2254 625 2318 inde
639 2251 788 2333 proiecti
800 2269 932 2332 sumus,
945 2253 1005 2316 ubi
1017 2269 1147 2332 magna
1159 2252 1338 2317 hilaritate
1349 2262 1384 2317 et
1396 2254 1530 2334 gaudio
1544 2255 1640 2318 totius

420 2361 539 2443 populi
554 2359 693 2440 excepti
707 2375 843 2432 sumuS,
861 2360 1069 2438 praesertim
1084 2359 1222 2440 piorum
1244 2359 1427 2425 hominum
1444 2361 1549 2425 nobis
1568 2361 1638 2424 cha·

420 2469 651 2544 rissimorum‚
669 2467 728 2546 qui
743 2483 824 2530 cum
839 2467 993 2546 primum
1008 2466 1064 2530 die
1079 2482 1149 2530 vno
1166 2478 1271 2531 antea
1282 2467 1473 2532 aduentum
1488 2477 1636 2532 nostrum

420 2576 684 2654 cognouissent,
700 2573 839 2638 ardenti
852 2573 961 2638 animi
980 2572 1155 2637 desiderio
1180 2573 1283 2638 nobis
1303 2574 1445 2638 odus‘am
1464 2575 1504 2638 in
1523 2575 1640 2638 riritm

421 2681 581 2756 veniunt,
595 2679 632 2744 in
646 2697 714 2760 quo
730 2677 741 2709 ³
756 2689 869 2743 totum
883 2690 1022 2760 tempus
1036 2680 1128 2743 illius
1143 2678 1212 2744 diei
1226 2680 1469 2762 vespertinum
1488 2689 1638 2762 praesto·

418 2790 551 2866 lantur,
575 2787 688 2852 donec
706 2786 935 2867 desperantes
955 2786 1097 2850 domulll
1118 2787 1284 2868 redeunt;
1305 2787 1368 2852 sed
1392 2798 1493 2852 tanta
1512 2786 1635 2852 laetitia

417 2907 560 2977 postera
576 2895 631 2958 die
647 2895 763 2958 affecti
778 2904 870 2974 sunt,
887 2895 971 2958 dum
990 2911 1057 2958 nos
1080 2894 1221 2974 vident,
1241 2903 1282 2958 vt
1301 2896 1348 2959 ad
1370 2895 1505 2960 amicos
1527 2895 1635 2959 statim

418 3002 645 3080 cursitarint,
675 3002 757 3066 boni
785 3003 906 3066 nuncii
930 3001 1088 3083 praemia
1121 3004 1363 3082 postulantes;
1392 3002 1531 3066 intense
1557 3019 1636 3066 sane

417 3125 542 3174 omnes
555 3109 684 3189 gaur'sr'
695 3114 799 3186 sunt,·
814 3124 876 3171 nec
889 3107 1010 3170 minus
1026 3125 1092 3172 nos
1102 3107 1189 3187 illis,
1203 3125 1311 3189 quam
1321 3107 1489 3172 r'llr'nobis
1499 3105 1638 3172 ramnus·

413 3217 454 3280 in
467 3216 622 3280 Domino
636 3216 806 3292 extr'tere;
819 3215 1019 3279 inuenimus
1033 3215 1153 3296 itaque
1173 3215 1354 3279 ciuitatem
1376 3214 1491 3278 nullrs
1501 3221 1635 3296 pertur-
1712 3221 1713 3228 ’

415 3323 615 3388 dationibus
629 3323 823 3402 agztatam,
837 3339 927 3403 pace
942 3331 976 3386 et
990 3322 1243 3402 tranquillitate
1265 3321 1450 3402 fruentem,
1467 3321 1545 3387 Deo
1566 3337 1636 3403 gra·

415 3432 495 3507 tias;
513 3440 548 3495 et
563 3447 776 3511 quamquam
791 3447 812 3492 a
827 3428 1013 3493 deuotione
1033 3428 1255 3510 frequentum
1270 3429 1533 3495 confessionum
1553 3427 1636 3493 dele·

416 3547 539 3604 cerant
553 3538 721 3616 nonnulli,
739 3537 827 3600 alios
841 3547 960 3600 tamen
975 3537 1161 3617 plerosque
1182 3536 1382 3600 inuenimus
1397 3535 1463 3600 Dei
1487 3537 1636 3601 bonitate
1711 3565 1712 3592 l

415 3645 566 3710 aliorum
576 3643 814 3709 infirmitatem
825 3643 1051 3721 sustinentes,
1065 3653 1099 3706 et
1111 3643 1147 3706 in
1159 3643 1340 3724 proposito
1355 3652 1632 3724 perseuerantes,

414 3752 544 3834 partim
558 3761 685 3816 octauo
699 3768 839 3831 quoque
853 3750 921 3828 die,
938 3749 1066 3831 partim
1078 3749 1229 3828 singulis
1239 3749 1435 3831 quibusque
1448 3749 1630 3822 mensibus,

414 3859 663 3942 partimetiam
676 3849 905 3940 frequentius.
918 3856 1104 3937 capsulae,
1117 3856 1291 3936 inquibus
1305 3873 1437 3936 eorum,
1454 3857 1515 3937 qui
1529 3857 1634 3920 iuras-

414 3976 494 4031 sent
508 3966 660 4030 mulctae
675 3963 819 4029 recondi
832 3964 957 4028 solitae
971 3972 1084 4043 erant,
1104 3979 1176 4028 non
1196 3971 1333 4027 tantum
1348 3961 1478 4027 habent
1492 3962 1633 4038 reditus,

415 4073 463 4153 id,
479 4072 573 4153 quod
587 4073 729 4153 signum
742 4071 999 4136 emendationis
1014 4070 1203 4135 credimus

455 4312 465 4347 ¹
493 4312 575 4366 lineo,
582 4323 648 4368 quoe
658 4313 684 4356 ln
694 4311 860 4366 autoflrapllo
869 4311 970 4356 uncinis
980 4311 1069 4356 daus·
1079 4315 1148 4362 ant,
1157 4309 1237 4364 linet,
1247 4308 1344 4364 partlm
1352 4309 1449 4361 subur,
1458 4313 1634 4364 parcamur

414 4385 494 4429 ditm
508 4385 638 4439 sinuntur,
653 4384 727 4439 quui
744 4384 769 4428 ln
785 4383 981 4427 transcribendo
991 4381 1225 4438 praetermittenda
1237 4387 1330 4426 emeat:
1340 4385 1368 4423 at
1381 4379 1458 4426 facile
1467 4377 1633 4436 parotium

413 4455 446 4502 lit
456 4455 652 4511 praetermissi·
661 4455 817 4500 nolentiam
828 4465 945 4500 mancum
957 4455 1022 4500 lore.

453 4528 465 4560 Ι
492 4527 589 4571 Horum
600 4529 657 4571 loco
666 4528 809 4582 scripserat
821 4525 949 4571 Polancur
957 4527 1026 4570 inter
1035 4527 1118 4571 lmen
1127 4526 1304 4580 subsequuta·
1312 4525 1365 4579 red,
1379 4535 1410 4568 ω
1419 4523 1513 4580 deleto,
1523 4519 1631 4579 mnu·

414 4600 497 4644 ln-orn
507 4599 616 4643 chartae
627 4601 673 4653 qut
683 4605 763 4654 opera
774 4599 884 4642 illorum
894 4600 935 4643 iot
942 4601 1036 4654 ceptus
1046 4601 1095 4643 ut.

451 4673 465 4708 ⁸
491 4669 565 4715 lino
575 4681 622 4716 nou
629 4670 737 4718 ‚Polrnel
747 4670 793 4714 sed
804 4671 893 4726 ignota
903 4671 1014 4725 quidam
1024 4681 1102 4715 mauu
1116 4671 1154 4715 ltu
1164 4670 1303 4716 emundata
1311 4675 1379 4716 snt:
1394 4667 1582 4724 mmm!
1592 4661 1630 4708 σὺ

411 4744 486 4788 mam
497 4755 529 4787 oc
538 4743 565 4787 ln
575 4743 630 4786 via.
