3578 5534
714 612 778 673 Art.
802 613 870 675 1550
1373 619 1409 678 rt

238 758 439 822 luuiserunt
453 759 562 822 etiam
576 758 688 822 nostri
700 759 827 823 iterum
842 759 1007 826 Castrum
1018 761 1209 826 Ficardum
1227 764 1247 842 ¹,
1265 775 1316 842 vt,
1335 765 1408 830 iam

177 865 316 946 pridem
328 881 415 945 erga
423 865 539 929 Deum
550 874 585 929 et
596 874 757 930 nostram
767 863 981 931 Societatem
992 871 1122 950 optime
1132 869 1299 935 affectum
1312 871 1335 949 ¹,
1349 889 1409 952 po·

178 976 300 1054 pulum
315 973 417 1037 verbi
431 971 499 1036 Dei
512 971 775 1052 praedicatione
790 980 825 1036 et
839 986 1145 1040 sacramentorum
1159 979 1408 1042 communione

177 1081 459 1158 consolarentur;
476 1079 571 1160 quod
585 1087 620 1141 et
634 1077 767 1142 factum
789 1087 843 1142 est
863 1095 937 1144 non
958 1081 1034 1144 sine
1053 1082 1188 1162 ingenti
1209 1085 1410 1148 animarum

178 1187 398 1251 exultatione
413 1195 448 1250 et
463 1185 605 1249 diuinae
619 1185 756 1265 gloriae
770 1188 1018 1251 emolumento.

238 1293 449 1358 Accersitus
460 1293 566 1357 etiam
578 1300 699 1356 noster
711 1292 753 1356 R.
766 1291 804 1357 P.
819 1291 948 1358 Rector
956 1294 1142 1360 Anconam
1151 1314 1173 1359 α
1182 1295 1294 1360 Μ’
1303 1299 1410 1362 huius

178 1401 296 1464 almae
310 1399 436 1464 domus
451 1397 698 1462 Gubernatore
713 1397 736 1477 ⁴,
758 1401 921 1479 quamuis
942 1401 1020 1464 aliis
1040 1404 1192 1482 negotiis
1213 1405 1337 1484 magis
1359 1406 1411 1468 iu·

179 1515 298 1572 tentus
311 1506 505 1585 videretur;
522 1506 666 1584 cognito
680 1511 800 1568 tamen
816 1507 891 1570 eius
905 1507 1072 1586 aduentu,
1088 1510 1208 1573 statim
1224 1512 1325 1574 multi
1339 1512 1410 1592 spi-

178 1615 327 1679 rituales
340 1613 420 1691 viri,
445 1630 483 1676 se
504 1612 656 1676 inuicem
671 1613 878 1691 excitantes
895 1613 931 1676 in
950 1616 1120 1694 templum
1135 1616 1312 1696 quoddam
1328 1635 1411 1680 cou-

177 1722 370 1800 fluxerunt,
387 1729 432 1800 et,
446 1720 623 1800 legatione
639 1719 684 1783 ad
699 1719 841 1783 Patrem
857 1719 977 1799 missa,
995 1731 1074 1801 post
1089 1723 1218 1786 multas
1229 1739 1354 1803 preces
1365 1743 1409 1788 eo

179 1829 323 1892 tandem
335 1836 586 1909 pertraxerunt
600 1835 635 1889 et
649 1834 688 1889 vt
703 1826 887 1906 spirituale
902 1828 1115 1908 colloquium
1130 1829 1177 1892 ad
1189 1845 1251 1893 eos
1263 1830 1410 1894 haberet

179 1942 387 2016 coegerunt,
404 1934 440 1996 in
454 1951 524 2014 quo
538 1933 634 1996 vitae
648 1933 841 2013 spiritualis
861 1951 1023 1997 normam
1044 1935 1129 2014 (illis
1150 1937 1202 1999 sic
1216 1935 1411 2016 efflagitan-

178 2042 286 2121 tibus)
306 2040 574 2118 demonstrauit,
594 2056 665 2102 non
686 2039 763 2102 sine
780 2039 927 2118 ingenti
948 2038 960 2072 ⁸
981 2041 1048 2106 Dei
1070 2043 1205 2106 honore
1226 2053 1261 2106 et
1281 2043 1411 2108 multo-

181 2167 265 2212 rum
289 2147 303 2182 ⁸
325 2147 567 2212 consolatione
592 2163 635 2209 ac
660 2146 788 2210 fructu.
808 2146 889 2210 Alia
908 2148 1016 2211 etiam
1037 2167 1156 2229 opera,
1181 2151 1227 2214 ad
1249 2151 1408 2216 diuinum

180 2257 315 2320 cultum
329 2254 540 2335 spectantia,
557 2251 686 2316 ibidem
701 2263 736 2315 et
750 2254 887 2333 peregit
909 2262 944 2316 et
964 2263 1003 2317 vt
1024 2256 1061 2319 in
1081 2266 1263 2336 posterum
1285 2257 1411 2322 fierent

182 2361 347 2426 instituit.
363 2359 462 2423 Haec
478 2368 512 2423 et
528 2359 609 2437 alia,
626 2357 702 2422 R.‘¹e
723 2359 757 2422 in
769 2358 862 2440 Xpo.
876 2359 992 2439 Pater,
1006 2371 1088 2425 sunt
1099 2380 1120 2426 a
1132 2363 1201 2426 tuis
1212 2363 1292 2428 filiis
1307 2374 1409 2429 extra

180 2469 347 2550 proprios
362 2468 414 2546 (vt
428 2467 538 2545 aiunt)
553 2468 647 2530 lares
661 2475 818 2546 peracta.

242 2575 407 2640 lamvero
435 2573 531 2637 domi
558 2582 592 2636 et
621 2573 714 2636 intra
734 2573 920 2653 angustias
945 2575 1049 2640 huius
1073 2577 1194 2658 templi
1219 2579 1410 2660 exiguique

180 2681 339 2764 oppiduli
354 2680 438 2761 quid
452 2679 565 2760 egerit
576 2677 749 2743 Dominus
765 2681 898 2760 accipe.

242 2789 435 2869 Postquam
449 2787 596 2866 dignata
611 2796 665 2849 est
679 2784 720 2850 R.
734 2786 934 2851 Paternitas
950 2787 989 2852 T.
1007 2797 1208 2854 nostrorum
1224 2809 1410 2858 numerum

183 2913 300 2977 vsque
316 2894 361 2957 ad
374 2893 415 2957 40
429 2894 625 2972 adaugere,
641 2894 818 2973 recepisse
839 2894 1002 2959 videmur
1021 2897 1142 2960 nescio
1163 2898 1246 2978 quid
1268 2899 1411 2964 luminis

182 3011 218 3068 et
232 3002 428 3085 spiritualis
441 3000 586 3079 fauoris
605 3000 705 3064 cuius
724 3011 828 3064 antea
844 3003 991 3081 eminus,
1008 3003 1110 3084 quasi
1125 3005 1298 3070 micantes
1320 3007 1410 3070 scin·

182 3111 288 3189 tillus,
306 3110 399 3172 inter
410 3107 567 3171 turbines
578 3123 693 3170 nouae
705 3105 920 3171 fundationis
932 3108 1035 3172 huius
1047 3112 1187 3191 collegii
1201 3113 1333 3177 vidisse
1344 3131 1411 3178 nos

182 3217 425 3281 credebamus.
442 3213 537 3276 Nam
551 3220 591 3277 ot
605 3214 648 3276 de
666 3214 725 3292 iis,
739 3229 829 3294 quae
844 3214 943 3278 intra
958 3217 1129 3296 priuatos
1146 3219 1306 3296 partiates
1325 3228 1408 3301 per·

180 3329 370 3403 aguntur,
388 3327 471 3385 ante
489 3319 610 3385 omnia
631 3321 851 3402 proloquar,
877 3323 1000 3387 videor
1025 3341 1120 3387 nunc
1144 3325 1265 3389 uidere
1287 3343 1411 3391 veram

181 3431 375 3510 imaginem
389 3429 534 3508 perfecti
554 3427 780 3508 religiosique
798 3428 956 3509 Collegii.
981 3429 1072 3494 Nam
1091 3431 1234 3495 scholae
1253 3443 1410 3512 nostrae,

182 3537 294 3601 tribus
309 3535 484 3599 classibus
499 3533 509 3566 ²
525 3535 731 3613 distinctae,
748 3551 820 3598 non
835 3538 950 3600 solum
963 3537 1202 3619 trigesimum,
1220 3541 1282 3604 sed
1304 3542 1412 3606 etiam

182 3643 413 3708 centesimum
443 3642 597 3706 fructum
625 3642 796 3723 incipiunt
824 3644 1033 3722 producere.
1064 3645 1263 3710 Procedunt
1292 3649 1411 3712 omnia

183 3766 408 3830 magnacum
422 3748 610 3826 suauitate,
627 3747 872 3813 aedificatione
887 3760 922 3813 et
940 3751 1067 3816 fructu.
1092 3751 1266 3816 Mirantur
1289 3769 1412 3817 omnes

182 3857 305 3921 m'dere
334 3856 471 3920 decimo
501 3856 623 3936 quinto
648 3872 786 3936 quoque
811 3856 867 3920 die
886 3857 1077 3920 imberbem
1102 3861 1304 3938 quempiam
1330 3860 1412 3924 ado·

184 3966 375 4028 lescentem
403 3980 448 4026 ex
476 3961 618 4039 nostrie,
649 3961 687 4024 in
711 3963 866 4026 medium
889 3963 1138 4043 prostitbntem
1167 3962 1180 3995 ⁸
1208 3983 1345 4030 summa
1374 3968 1411 4030 li·

182 4071 342 4149 bertate,
372 4069 516 4149 spiritus
543 4068 684 4132 ieruore
711 4078 745 4132 et
773 4069 997 4149 eloquentia,
1028 4072 1132 4135 modo
1161 4072 1207 4136 ad
1235 4074 1409 4138 virtutum

225 4345 234 4378 ¹
264 4345 464 4392 cantatfnludo.

224 4417 236 4450 ἱ
262 4415 548 4462 vtaddldlti’olancus.

223 4489 236 4522 ⁸
262 4487 353 4534 adio.

227 4563 236 4592 ⁸
262 4561 309 4615 qui
318 4562 374 4606 iilic
383 4551 479 4614 agebat
490 4559 589 4604 addidit
600 4559 734 4606 Poiaucuu.
745 4560 911 4606 Gubernator
921 4569 979 4608 erat
990 4563 1093 4620 Gaspar
1104 4566 1139 4610 de.
1147 4565 1247 4612 Doctis.

225 4631 237 4664 Ι
265 4631 546 4678 „saxionorum-«cus.

225 4701 239 4735 θ
265 4704 480 4749 auditorumdu.

225 4773 236 4804 ⁷
267 4777 322 4820 tam
333 4775 433 4820 addidit
443 4776 581 4821 Polaticus.

224 4845 239 4878 ⁸
262 4847 371 4900 publica
383 4849 504 4892 oratione
513 4846 615 4892 babitu.
625 4847 666 4892 io.
