<?xml version="1.0" encoding="UTF-8"?>
<!DOCTYPE html PUBLIC "-//W3C//DTD XHTML 1.0 Transitional//EN"
    "http://www.w3.org/TR/xhtml1/DTD/xhtml1-transitional.dtd">
<html xmlns="http://www.w3.org/1999/xhtml" xml:lang="en" lang="en">
 <head>
  <title>
</title>
<meta http-equiv="Content-Type" content="text/html;charset=utf-8" />
  <meta name='ocr-system' content='tesseract 3.04.00' />
  <meta name='ocr-capabilities' content='ocr_page ocr_carea ocr_par ocr_line ocrx_word'/>
</head>
<body>
  <div class='ocr_page' id='page_1' title='image "./litteraequadrim00jesugoog_0381.png"; bbox 0 0 3410 5528; ppageno 0'>
   <div class='ocr_carea' id='block_1_1' title="bbox 659 495 1351 560">
    <p class='ocr_par' dir='ltr' id='par_1_1' title="bbox 659 495 1351 560">
     <span class='ocr_line' id='line_1_1' title="bbox 659 495 1351 560; baseline 0.001 -2"><span class='ocrx_word' id='word_1_1' title='bbox 659 495 723 558; x_wconf 80' lang='lat' dir='ltr'>Art.</span> <span class='ocrx_word' id='word_1_2' title='bbox 744 497 815 560; x_wconf 81' lang='lat'>1556</span> <span class='ocrx_word' id='word_1_3' title='bbox 1296 497 1351 559; x_wconf 81' lang='lat'>375</span> 
     </span>
    </p>
   </div>
   <div class='ocr_carea' id='block_1_2' title="bbox 113 635 1350 3726">
    <p class='ocr_par' dir='ltr' id='par_1_2' title="bbox 117 635 1350 2227">
     <span class='ocr_line' id='line_1_2' title="bbox 178 635 1350 726; baseline 0.003 -20"><span class='ocrx_word' id='word_1_4' title='bbox 178 635 352 709; x_wconf 85' lang='lat' dir='ltr'>Postridie</span> <span class='ocrx_word' id='word_1_5' title='bbox 367 643 471 708; x_wconf 89' lang='lat' dir='ltr'>huius</span> <span class='ocrx_word' id='word_1_6' title='bbox 486 645 572 722; x_wconf 87' lang='lat' dir='ltr'>diei,</span> <span class='ocrx_word' id='word_1_7' title='bbox 589 663 631 708; x_wconf 92' lang='lat' dir='ltr'>eo</span> <span class='ocrx_word' id='word_1_8' title='bbox 647 645 682 709; x_wconf 89' lang='lat' dir='ltr'>in</span> <span class='ocrx_word' id='word_1_9' title='bbox 698 648 846 726; x_wconf 90' lang='lat' dir='ltr'>templo,</span> <span class='ocrx_word' id='word_1_10' title='bbox 868 661 938 726; x_wconf 91' lang='lat' dir='ltr'>quo</span> <span class='ocrx_word' id='word_1_11' title='bbox 952 645 994 710; x_wconf 90' lang='lat' dir='ltr'>R.</span> <span class='ocrx_word' id='word_1_12' title='bbox 1019 645 1056 709; x_wconf 92' lang='grc' dir='ltr'>Ρ.</span> <span class='ocrx_word' id='word_1_13' title='bbox 1080 645 1125 709; x_wconf 89' lang='lat' dir='ltr'>D.</span> <span class='ocrx_word' id='word_1_14' title='bbox 1145 643 1277 710; x_wconf 89' lang='lat' dir='ltr'>Loarte</span> <span class='ocrx_word' id='word_1_15' title='bbox 1292 647 1350 711; x_wconf 91' lang='lat' dir='ltr'>do·</span> 
     </span>
     <span class='ocr_line' id='line_1_3' title="bbox 122 751 1350 840; baseline 0.003 -26"><span class='ocrx_word' id='word_1_16' title='bbox 122 751 269 814; x_wconf 86' lang='lat' dir='ltr'>ctrinam</span> <span class='ocrx_word' id='word_1_17' title='bbox 281 751 402 832; x_wconf 89' lang='lat' dir='ltr'>legere</span> <span class='ocrx_word' id='word_1_18' title='bbox 416 753 516 832; x_wconf 91' lang='lat' dir='ltr'>solet,</span> <span class='ocrx_word' id='word_1_19' title='bbox 533 761 612 833; x_wconf 91' lang='lat' dir='ltr'>post</span> <span class='ocrx_word' id='word_1_20' title='bbox 626 752 814 840; x_wconf 85' lang='lat' dir='ltr'>lectionem</span> <span class='ocrx_word' id='word_1_21' title='bbox 830 752 1013 817; x_wconf 88' lang='lat' dir='ltr'>doctrinae</span> <span class='ocrx_word' id='word_1_22' title='bbox 1024 754 1195 834; x_wconf 88' lang='lat' dir='ltr'>paruulus</span> <span class='ocrx_word' id='word_1_23' title='bbox 1206 753 1350 833; x_wconf 89' lang='lat' dir='ltr'>quidam</span> 
     </span>
     <span class='ocr_line' id='line_1_4' title="bbox 122 859 1349 940; baseline 0.004 -19"><span class='ocrx_word' id='word_1_24' title='bbox 122 873 220 937; x_wconf 89' lang='lat' dir='ltr'>puer,</span> <span class='ocrx_word' id='word_1_25' title='bbox 236 859 296 940; x_wconf 91' lang='lat' dir='ltr'>qui</span> <span class='ocrx_word' id='word_1_26' title='bbox 311 859 468 923; x_wconf 90' lang='lat' dir='ltr'>nondum</span> <span class='ocrx_word' id='word_1_27' title='bbox 483 859 731 924; x_wconf 91' lang='lat' dir='ltr'>duodecimum</span> <span class='ocrx_word' id='word_1_28' title='bbox 751 860 919 940; x_wconf 84' lang='lat' dir='ltr'>attigerat</span> <span class='ocrx_word' id='word_1_29' title='bbox 940 877 1087 940; x_wconf 87' lang='lat' dir='ltr'>annum,</span> <span class='ocrx_word' id='word_1_30' title='bbox 1105 860 1211 924; x_wconf 91' lang='lat' dir='ltr'>aliam</span> <span class='ocrx_word' id='word_1_31' title='bbox 1225 861 1349 926; x_wconf 81' lang='lat' dir='ltr'>habuit</span> 
     </span>
     <span class='ocr_line' id='line_1_5' title="bbox 122 963 1348 1050; baseline 0.004 -23"><span class='ocrx_word' id='word_1_32' title='bbox 122 963 330 1046; x_wconf 87' lang='lat' dir='ltr'>orationem,</span> <span class='ocrx_word' id='word_1_33' title='bbox 360 983 467 1047; x_wconf 87' lang='lat' dir='ltr'>quam</span> <span class='ocrx_word' id='word_1_34' title='bbox 495 975 594 1031; x_wconf 88' lang='lat' dir='ltr'>tanto</span> <span class='ocrx_word' id='word_1_35' title='bbox 623 985 704 1032; x_wconf 92' lang='lat' dir='ltr'>cum</span> <span class='ocrx_word' id='word_1_36' title='bbox 732 970 851 1049; x_wconf 89' lang='lat' dir='ltr'>lepore</span> <span class='ocrx_word' id='word_1_37' title='bbox 880 968 1146 1048; x_wconf 88' lang='lat' dir='ltr'>pronunciauit,</span> <span class='ocrx_word' id='word_1_38' title='bbox 1176 978 1215 1032; x_wconf 91' lang='lat' dir='ltr'>ut</span> <span class='ocrx_word' id='word_1_39' title='bbox 1246 977 1348 1050; x_wconf 88' lang='lat' dir='ltr'>pater</span> 
     </span>
     <span class='ocr_line' id='line_1_6' title="bbox 121 1071 1344 1156; baseline 0.004 -22"><span class='ocrx_word' id='word_1_40' title='bbox 121 1089 207 1136; x_wconf 87' lang='lat' dir='ltr'>suus</span> <span class='ocrx_word' id='word_1_41' title='bbox 222 1071 249 1152; x_wconf 89' lang='lat'>¹,</span> <span class='ocrx_word' id='word_1_42' title='bbox 267 1074 401 1138; x_wconf 89' lang='lat' dir='ltr'>laetitia</span> <span class='ocrx_word' id='word_1_43' title='bbox 421 1074 660 1156; x_wconf 77' lang='lat' dir='ltr'>triumphanS,</span> <span class='ocrx_word' id='word_1_44' title='bbox 681 1075 822 1139; x_wconf 88' lang='lat' dir='ltr'>curavit</span> <span class='ocrx_word' id='word_1_45' title='bbox 843 1083 881 1140; x_wconf 93' lang='lat' dir='ltr'>ut</span> <span class='ocrx_word' id='word_1_46' title='bbox 896 1075 981 1139; x_wconf 92' lang='lat' dir='ltr'>alibi</span> <span class='ocrx_word' id='word_1_47' title='bbox 1001 1076 1125 1139; x_wconf 89' lang='lat' dir='ltr'>eadem</span> <span class='ocrx_word' id='word_1_48' title='bbox 1143 1075 1344 1152; x_wconf 86' lang='lat' dir='ltr'>haberetur,</span> 
     </span>
     <span class='ocr_line' id='line_1_7' title="bbox 122 1179 1345 1263; baseline 0.003 -20"><span class='ocrx_word' id='word_1_49' title='bbox 122 1179 271 1260; x_wconf 88' lang='lat' dir='ltr'>quodibi</span> <span class='ocrx_word' id='word_1_50' title='bbox 286 1197 330 1245; x_wconf 92' lang='lat' dir='ltr'>ea</span> <span class='ocrx_word' id='word_1_51' title='bbox 345 1181 529 1246; x_wconf 90' lang='lat' dir='ltr'>hominum</span> <span class='ocrx_word' id='word_1_52' title='bbox 548 1182 761 1262; x_wconf 72' lang='lat' dir='ltr'>frequentia,</span> <span class='ocrx_word' id='word_1_53' title='bbox 784 1199 891 1263; x_wconf 89' lang='lat' dir='ltr'>quam</span> <span class='ocrx_word' id='word_1_54' title='bbox 915 1183 990 1262; x_wconf 91' lang='lat' dir='ltr'>ipse</span> <span class='ocrx_word' id='word_1_55' title='bbox 1011 1181 1251 1262; x_wconf 87' lang='lat' dir='ltr'>desiderabat,</span> <span class='ocrx_word' id='word_1_56' title='bbox 1274 1201 1345 1247; x_wconf 91' lang='lat' dir='ltr'>non</span> 
     </span>
     <span class='ocr_line' id='line_1_8' title="bbox 120 1285 1344 1371; baseline 0.003 -22"><span class='ocrx_word' id='word_1_57' title='bbox 120 1285 329 1352; x_wconf 86' lang='lat' dir='ltr'>interfuerit:</span> <span class='ocrx_word' id='word_1_58' title='bbox 346 1289 424 1352; x_wconf 92' lang='lat' dir='ltr'>ideo</span> <span class='ocrx_word' id='word_1_59' title='bbox 440 1290 618 1354; x_wconf 91' lang='lat' dir='ltr'>dominica</span> <span class='ocrx_word' id='word_1_60' title='bbox 639 1291 731 1354; x_wconf 86' lang='lat' dir='ltr'>infra</span> <span class='ocrx_word' id='word_1_61' title='bbox 747 1300 912 1353; x_wconf 89' lang='lat' dir='ltr'>octauam</span> <span class='ocrx_word' id='word_1_62' title='bbox 932 1288 1101 1371; x_wconf 88' lang='lat' dir='ltr'>Corporis</span> <span class='ocrx_word' id='word_1_63' title='bbox 1116 1287 1257 1368; x_wconf 89' lang='lat' dir='ltr'>Christi,</span> <span class='ocrx_word' id='word_1_64' title='bbox 1275 1291 1344 1353; x_wconf 89' lang='lat' dir='ltr'>alio</span> 
     </span>
     <span class='ocr_line' id='line_1_9' title="bbox 121 1393 1344 1474; baseline 0.005 -19"><span class='ocrx_word' id='word_1_65' title='bbox 121 1393 153 1456; x_wconf 87' lang='lat' dir='ltr'>in</span> <span class='ocrx_word' id='word_1_66' title='bbox 166 1396 244 1458; x_wconf 92' lang='lat' dir='ltr'>loco</span> <span class='ocrx_word' id='word_1_67' title='bbox 260 1396 386 1460; x_wconf 87' lang='lat' dir='ltr'>eadem</span> <span class='ocrx_word' id='word_1_68' title='bbox 400 1397 465 1460; x_wconf 82' lang='lat' dir='ltr'>fuit</span> <span class='ocrx_word' id='word_1_69' title='bbox 486 1396 607 1460; x_wconf 91' lang='lat' dir='ltr'>habita</span> <span class='ocrx_word' id='word_1_70' title='bbox 623 1396 666 1460; x_wconf 94' lang='lat' dir='ltr'>ab</span> <span class='ocrx_word' id='word_1_71' title='bbox 687 1397 812 1460; x_wconf 90' lang='lat' dir='ltr'>eodem</span> <span class='ocrx_word' id='word_1_72' title='bbox 832 1396 962 1474; x_wconf 87' lang='lat' dir='ltr'>oratio,</span> <span class='ocrx_word' id='word_1_73' title='bbox 979 1396 1038 1459; x_wconf 88' lang='lat' dir='ltr'>ubi</span> <span class='ocrx_word' id='word_1_74' title='bbox 1053 1414 1122 1459; x_wconf 93' lang='lat' dir='ltr'>non</span> <span class='ocrx_word' id='word_1_75' title='bbox 1138 1396 1266 1461; x_wconf 88' lang='lat' dir='ltr'>minori</span> <span class='ocrx_word' id='word_1_76' title='bbox 1279 1398 1344 1462; x_wconf 87' lang='lat' dir='ltr'>fuit</span> 
     </span>
     <span class='ocr_line' id='line_1_10' title="bbox 119 1501 1342 1584; baseline 0.003 -21"><span class='ocrx_word' id='word_1_77' title='bbox 119 1501 234 1565; x_wconf 87' lang='lat' dir='ltr'>audita</span> <span class='ocrx_word' id='word_1_78' title='bbox 255 1503 450 1567; x_wconf 88' lang='lat' dir='ltr'>attentione</span> <span class='ocrx_word' id='word_1_79' title='bbox 466 1512 573 1584; x_wconf 88' lang='lat' dir='ltr'>atque</span> <span class='ocrx_word' id='word_1_80' title='bbox 589 1514 705 1568; x_wconf 86' lang='lat' dir='ltr'>antea.</span> <span class='ocrx_word' id='word_1_81' title='bbox 722 1503 902 1566; x_wconf 81' lang='lat' dir='ltr'>Dominus</span> <span class='ocrx_word' id='word_1_82' title='bbox 916 1508 1052 1582; x_wconf 85' lang='lat' dir='ltr'>noster,</span> <span class='ocrx_word' id='word_1_83' title='bbox 1065 1521 1104 1565; x_wconf 82' lang='lat' dir='ltr'>m</span> <span class='ocrx_word' id='word_1_84' title='bbox 1119 1503 1221 1566; x_wconf 70' lang='lat' dir='ltr'>curias</span> <span class='ocrx_word' id='word_1_85' title='bbox 1235 1504 1342 1567; x_wconf 82' lang='lat' dir='ltr'>hono·</span> 
     </span>
     <span class='ocr_line' id='line_1_11' title="bbox 120 1609 1339 1692; baseline 0.006 -23"><span class='ocrx_word' id='word_1_86' title='bbox 120 1625 191 1671; x_wconf 82' lang='lat' dir='ltr'>rem</span> <span class='ocrx_word' id='word_1_87' title='bbox 204 1609 289 1674; x_wconf 79' lang='lat' dir='ltr'>baec</span> <span class='ocrx_word' id='word_1_88' title='bbox 304 1611 424 1675; x_wconf 83' lang='lat' dir='ltr'>omnia</span> <span class='ocrx_word' id='word_1_89' title='bbox 434 1612 552 1692; x_wconf 85' lang='lat' dir='ltr'>fiunt,</span> <span class='ocrx_word' id='word_1_90' title='bbox 574 1616 721 1675; x_wconf 87' lang='lat' dir='ltr'>nostros</span> <span class='ocrx_word' id='word_1_91' title='bbox 740 1611 807 1675; x_wconf 79' lang='lat' dir='ltr'>hos</span> <span class='ocrx_word' id='word_1_92' title='bbox 824 1611 965 1674; x_wconf 80' lang='lat' dir='ltr'>labores</span> <span class='ocrx_word' id='word_1_93' title='bbox 981 1611 1158 1691; x_wconf 81' lang='lat' dir='ltr'>benignus</span> <span class='ocrx_word' id='word_1_94' title='bbox 1174 1612 1339 1691; x_wconf 63' lang='lat' dir='ltr'>aspiciat.</span> 
     </span>
     <span class='ocr_line' id='line_1_12' title="bbox 119 1712 1340 1798; baseline 0.004 -20"><span class='ocrx_word' id='word_1_95' title='bbox 119 1712 334 1798; x_wconf 86' lang='lat' dir='ltr'>Scholastici,</span> <span class='ocrx_word' id='word_1_96' title='bbox 351 1718 450 1782; x_wconf 93' lang='lat' dir='ltr'>hisce</span> <span class='ocrx_word' id='word_1_97' title='bbox 465 1719 777 1783; x_wconf 77' lang='lat' dir='ltr'>exercitationibus</span> <span class='ocrx_word' id='word_1_98' title='bbox 797 1718 1014 1796; x_wconf 84' lang='lat' dir='ltr'>inflammati,</span> <span class='ocrx_word' id='word_1_99' title='bbox 1036 1719 1072 1781; x_wconf 90' lang='lat' dir='ltr'>in</span> <span class='ocrx_word' id='word_1_100' title='bbox 1091 1718 1166 1781; x_wconf 91' lang='lat' dir='ltr'>dies</span> <span class='ocrx_word' id='word_1_101' title='bbox 1181 1718 1340 1798; x_wconf 86' lang='lat' dir='ltr'>singulos</span> 
     </span>
     <span class='ocr_line' id='line_1_13' title="bbox 119 1809 1338 1905; baseline 0.005 -21"><span class='ocrx_word' id='word_1_102' title='bbox 119 1835 290 1888; x_wconf 89' lang='lat' dir='ltr'>crescunt:</span> <span class='ocrx_word' id='word_1_103' title='bbox 302 1826 415 1889; x_wconf 90' lang='lat' dir='ltr'>nostri</span> <span class='ocrx_word' id='word_1_104' title='bbox 426 1824 576 1905; x_wconf 85' lang='lat' dir='ltr'>Collegii</span> <span class='ocrx_word' id='word_1_105' title='bbox 587 1825 682 1888; x_wconf 82' lang='lat' dir='ltr'>lama</span> <span class='ocrx_word' id='word_1_106' title='bbox 694 1826 809 1905; x_wconf 87' lang='lat' dir='ltr'>magis</span> <span class='ocrx_word' id='word_1_107' title='bbox 822 1825 1005 1905; x_wconf 82' lang='lat' dir='ltr'>magisque</span> <span class='ocrx_word' id='word_1_108' title='bbox 1016 1841 1079 1905; x_wconf 91' lang='lat' dir='ltr'>per</span> <span class='ocrx_word' id='word_1_109' title='bbox 1090 1832 1202 1888; x_wconf 90' lang='lat' dir='ltr'>totam</span> <span class='ocrx_word' id='word_1_110' title='bbox 1216 1809 1338 1890; x_wconf 87' lang='lat' dir='ltr'>urbem</span> 
     </span>
     <span class='ocr_line' id='line_1_14' title="bbox 119 1927 1338 2012; baseline 0.005 -22"><span class='ocrx_word' id='word_1_111' title='bbox 119 1927 328 2012; x_wconf 88' lang='lat' dir='ltr'>diuulgatur:</span> <span class='ocrx_word' id='word_1_112' title='bbox 344 1941 425 1996; x_wconf 91' lang='lat' dir='ltr'>sunt</span> <span class='ocrx_word' id='word_1_113' title='bbox 440 1933 645 1996; x_wconf 88' lang='lat' dir='ltr'>scholastici</span> <span class='ocrx_word' id='word_1_114' title='bbox 656 1932 740 1996; x_wconf 79' lang='lat'>200</span> <span class='ocrx_word' id='word_1_115' title='bbox 751 1937 785 1995; x_wconf 82' lang='lat' dir='ltr'>et</span> <span class='ocrx_word' id='word_1_116' title='bbox 796 1932 864 2010; x_wconf 82' lang='lat'>26,</span> <span class='ocrx_word' id='word_1_117' title='bbox 874 1937 908 1995; x_wconf 85' lang='lat' dir='ltr'>et</span> <span class='ocrx_word' id='word_1_118' title='bbox 922 1950 960 1995; x_wconf 88' lang='lat' dir='ltr'>eo</span> <span class='ocrx_word' id='word_1_119' title='bbox 972 1931 1129 2012; x_wconf 81' lang='lat' dir='ltr'>amplius</span> <span class='ocrx_word' id='word_1_120' title='bbox 1144 1929 1169 2006; x_wconf 80' lang='lat'>¹,</span> <span class='ocrx_word' id='word_1_121' title='bbox 1184 1933 1338 2012; x_wconf 90' lang='lat' dir='ltr'>quicum</span> 
     </span>
     <span class='ocr_line' id='line_1_15' title="bbox 119 2037 1335 2119; baseline 0.002 -19"><span class='ocrx_word' id='word_1_122' title='bbox 119 2037 151 2100; x_wconf 94' lang='lat' dir='ltr'>in</span> <span class='ocrx_word' id='word_1_123' title='bbox 169 2038 295 2118; x_wconf 74' lang='lat' dir='ltr'>literiS,</span> <span class='ocrx_word' id='word_1_124' title='bbox 319 2049 395 2104; x_wconf 89' lang='lat' dir='ltr'>turn</span> <span class='ocrx_word' id='word_1_125' title='bbox 415 2056 501 2104; x_wconf 91' lang='lat' dir='ltr'>uero</span> <span class='ocrx_word' id='word_1_126' title='bbox 521 2041 557 2103; x_wconf 89' lang='lat' dir='ltr'>in</span> <span class='ocrx_word' id='word_1_127' title='bbox 577 2039 750 2118; x_wconf 80' lang='lat' dir='ltr'>moribuS,</span> <span class='ocrx_word' id='word_1_128' title='bbox 773 2039 940 2103; x_wconf 88' lang='lat' dir='ltr'>mirificos</span> <span class='ocrx_word' id='word_1_129' title='bbox 959 2039 1093 2102; x_wconf 87' lang='lat' dir='ltr'>faciunt</span> <span class='ocrx_word' id='word_1_130' title='bbox 1112 2055 1335 2119; x_wconf 65' lang='lat' dir='ltr'>progressus</span> 
     </span>
     <span class='ocr_line' id='line_1_16' title="bbox 117 2143 985 2227; baseline 0.005 -20"><span class='ocrx_word' id='word_1_131' title='bbox 117 2143 203 2208; x_wconf 89' lang='lat' dir='ltr'>inter</span> <span class='ocrx_word' id='word_1_132' title='bbox 217 2163 306 2227; x_wconf 91' lang='lat' dir='ltr'>quos</span> <span class='ocrx_word' id='word_1_133' title='bbox 321 2155 403 2210; x_wconf 90' lang='lat' dir='ltr'>sunt</span> <span class='ocrx_word' id='word_1_134' title='bbox 416 2148 558 2227; x_wconf 89' lang='lat' dir='ltr'>plurimi</span> <span class='ocrx_word' id='word_1_135' title='bbox 572 2147 706 2212; x_wconf 90' lang='lat' dir='ltr'>nobiles</span> <span class='ocrx_word' id='word_1_136' title='bbox 722 2145 985 2211; x_wconf 86' lang='lat' dir='ltr'>adolescentuli.</span> 
     </span>
    </p>

    <p class='ocr_par' dir='ltr' id='par_1_3' title="bbox 113 2249 1339 3726">
     <span class='ocr_line' id='line_1_17' title="bbox 172 2249 1339 2334; baseline 0.002 -19"><span class='ocrx_word' id='word_1_137' title='bbox 172 2249 337 2316; x_wconf 89' lang='lat' dir='ltr'>Nonnulli</span> <span class='ocrx_word' id='word_1_138' title='bbox 351 2271 397 2316; x_wconf 88' lang='lat' dir='ltr'>ex</span> <span class='ocrx_word' id='word_1_139' title='bbox 411 2254 462 2316; x_wconf 89' lang='lat' dir='ltr'>eis</span> <span class='ocrx_word' id='word_1_140' title='bbox 477 2261 576 2334; x_wconf 90' lang='lat' dir='ltr'>sunt,</span> <span class='ocrx_word' id='word_1_141' title='bbox 593 2255 651 2334; x_wconf 92' lang='lat' dir='ltr'>qui</span> <span class='ocrx_word' id='word_1_142' title='bbox 672 2255 828 2317; x_wconf 86' lang='lat' dir='ltr'>maximo</span> <span class='ocrx_word' id='word_1_143' title='bbox 843 2260 1005 2316; x_wconf 91' lang='lat' dir='ltr'>tenentur</span> <span class='ocrx_word' id='word_1_144' title='bbox 1027 2251 1202 2316; x_wconf 89' lang='lat' dir='ltr'>desiderio</span> <span class='ocrx_word' id='word_1_145' title='bbox 1222 2253 1339 2332; x_wconf 90' lang='lat' dir='ltr'>ingre·</span> 
     </span>
     <span class='ocr_line' id='line_1_18' title="bbox 116 2357 1337 2442; baseline 0.002 -21"><span class='ocrx_word' id='word_1_146' title='bbox 116 2357 228 2423; x_wconf 90' lang='lat' dir='ltr'>diendi</span> <span class='ocrx_word' id='word_1_147' title='bbox 243 2371 403 2425; x_wconf 91' lang='lat' dir='ltr'>nostram</span> <span class='ocrx_word' id='word_1_148' title='bbox 417 2359 647 2441; x_wconf 88' lang='lat' dir='ltr'>Societatem,</span> <span class='ocrx_word' id='word_1_149' title='bbox 664 2363 739 2442; x_wconf 93' lang='lat' dir='ltr'>qui,</span> <span class='ocrx_word' id='word_1_150' title='bbox 762 2363 793 2426; x_wconf 90' lang='lat' dir='ltr'>si</span> <span class='ocrx_word' id='word_1_151' title='bbox 813 2379 876 2442; x_wconf 92' lang='lat' dir='ltr'>per</span> <span class='ocrx_word' id='word_1_152' title='bbox 890 2360 1032 2425; x_wconf 86' lang='lat' dir='ltr'>Patrem</span> <span class='ocrx_word' id='word_1_153' title='bbox 1045 2359 1239 2434; x_wconf 43' lang='lat' dir='ltr'>,Rectorem</span> <span class='ocrx_word' id='word_1_154' title='bbox 1258 2361 1337 2424; x_wconf 90' lang='lat' dir='ltr'>lice·</span> 
     </span>
     <span class='ocr_line' id='line_1_19' title="bbox 117 2466 1337 2548; baseline 0.003 -21"><span class='ocrx_word' id='word_1_155' title='bbox 117 2475 180 2542; x_wconf 89' lang='lat' dir='ltr'>ret,</span> <span class='ocrx_word' id='word_1_156' title='bbox 196 2467 316 2530; x_wconf 88' lang='lat' dir='ltr'>statim</span> <span class='ocrx_word' id='word_1_157' title='bbox 330 2467 396 2531; x_wconf 88' lang='lat' dir='ltr'>iter</span> <span class='ocrx_word' id='word_1_158' title='bbox 415 2467 566 2532; x_wconf 91' lang='lat' dir='ltr'>Romam</span> <span class='ocrx_word' id='word_1_159' title='bbox 580 2485 706 2532; x_wconf 90' lang='lat' dir='ltr'>uersus</span> <span class='ocrx_word' id='word_1_160' title='bbox 728 2469 942 2548; x_wconf 89' lang='lat' dir='ltr'>arriperent,</span> <span class='ocrx_word' id='word_1_161' title='bbox 965 2466 1165 2530; x_wconf 90' lang='lat' dir='ltr'>insalutatis</span> <span class='ocrx_word' id='word_1_162' title='bbox 1184 2468 1337 2546; x_wconf 91' lang='lat' dir='ltr'>parenti·</span> 
     </span>
     <span class='ocr_line' id='line_1_20' title="bbox 116 2571 1336 2654; baseline 0.003 -20"><span class='ocrx_word' id='word_1_163' title='bbox 116 2571 187 2651; x_wconf 88' lang='lat' dir='ltr'>bus,</span> <span class='ocrx_word' id='word_1_164' title='bbox 202 2573 329 2654; x_wconf 87' lang='lat' dir='ltr'>quibus</span> <span class='ocrx_word' id='word_1_165' title='bbox 342 2591 414 2637; x_wconf 91' lang='lat' dir='ltr'>non</span> <span class='ocrx_word' id='word_1_166' title='bbox 429 2575 560 2638; x_wconf 89' lang='lat' dir='ltr'>audent</span> <span class='ocrx_word' id='word_1_167' title='bbox 576 2575 787 2639; x_wconf 92' lang='lat' dir='ltr'>desiderium</span> <span class='ocrx_word' id='word_1_168' title='bbox 803 2592 905 2638; x_wconf 92' lang='lat' dir='ltr'>suum</span> <span class='ocrx_word' id='word_1_169' title='bbox 920 2574 1095 2654; x_wconf 88' lang='lat' dir='ltr'>detegere,</span> <span class='ocrx_word' id='word_1_170' title='bbox 1113 2571 1276 2637; x_wconf 88' lang='lat' dir='ltr'>timentes</span> <span class='ocrx_word' id='word_1_171' title='bbox 1291 2591 1336 2638; x_wconf 91' lang='lat' dir='ltr'>ne</span> 
     </span>
     <span class='ocr_line' id='line_1_21' title="bbox 117 2678 1335 2762; baseline 0.003 -21"><span class='ocrx_word' id='word_1_172' title='bbox 117 2678 179 2742; x_wconf 92' lang='lat' dir='ltr'>illis</span> <span class='ocrx_word' id='word_1_173' title='bbox 201 2681 272 2743; x_wconf 92' lang='lat' dir='ltr'>sint</span> <span class='ocrx_word' id='word_1_174' title='bbox 296 2681 545 2762; x_wconf 88' lang='lat' dir='ltr'>impedimento</span> <span class='ocrx_word' id='word_1_175' title='bbox 571 2681 742 2760; x_wconf 83' lang='lat' dir='ltr'>(carnalis</span> <span class='ocrx_word' id='word_1_176' title='bbox 768 2683 862 2745; x_wconf 88' lang='lat' dir='ltr'>enim</span> <span class='ocrx_word' id='word_1_177' title='bbox 890 2681 996 2744; x_wconf 93' lang='lat' dir='ltr'>homo</span> <span class='ocrx_word' id='word_1_178' title='bbox 1023 2697 1094 2744; x_wconf 90' lang='lat' dir='ltr'>non</span> <span class='ocrx_word' id='word_1_179' title='bbox 1116 2681 1267 2761; x_wconf 89' lang='lat' dir='ltr'>percipit</span> <span class='ocrx_word' id='word_1_180' title='bbox 1292 2699 1335 2745; x_wconf 93' lang='lat' dir='ltr'>ea</span> 
     </span>
     <span class='ocr_line' id='line_1_22' title="bbox 115 2786 1335 2869; baseline 0.002 -20"><span class='ocrx_word' id='word_1_181' title='bbox 115 2795 295 2864; x_wconf 90' lang='lat' dir='ltr'>quaesunt</span> <span class='ocrx_word' id='word_1_182' title='bbox 310 2788 454 2868; x_wconf 88' lang='lat' dir='ltr'>spiritus</span> <span class='ocrx_word' id='word_1_183' title='bbox 469 2787 549 2866; x_wconf 87' lang='lat' dir='ltr'>Dei)</span> <span class='ocrx_word' id='word_1_184' title='bbox 564 2786 587 2866; x_wconf 82' lang='lat'>³,</span> <span class='ocrx_word' id='word_1_185' title='bbox 604 2787 640 2852; x_wconf 94' lang='lat' dir='ltr'>id</span> <span class='ocrx_word' id='word_1_186' title='bbox 651 2787 746 2869; x_wconf 92' lang='lat' dir='ltr'>quod</span> <span class='ocrx_word' id='word_1_187' title='bbox 757 2788 827 2851; x_wconf 87' lang='lat' dir='ltr'>iam</span> <span class='ocrx_word' id='word_1_188' title='bbox 838 2787 1056 2868; x_wconf 88' lang='lat' dir='ltr'>experientia</span> <span class='ocrx_word' id='word_1_189' title='bbox 1068 2787 1335 2867; x_wconf 91' lang='lat' dir='ltr'>comprobatum</span> 
     </span>
     <span class='ocr_line' id='line_1_23' title="bbox 115 2893 1335 2975; baseline 0.003 -21"><span class='ocrx_word' id='word_1_190' title='bbox 115 2901 178 2973; x_wconf 89' lang='lat' dir='ltr'>est;</span> <span class='ocrx_word' id='word_1_191' title='bbox 193 2893 336 2974; x_wconf 89' lang='lat' dir='ltr'>quidam</span> <span class='ocrx_word' id='word_1_192' title='bbox 352 2894 447 2959; x_wconf 91' lang='lat' dir='ltr'>enim</span> <span class='ocrx_word' id='word_1_193' title='bbox 462 2895 756 2970; x_wconf 87' lang='lat' dir='ltr'>adolescentulus,</span> <span class='ocrx_word' id='word_1_194' title='bbox 773 2894 966 2975; x_wconf 86' lang='lat' dir='ltr'>discipulus</span> <span class='ocrx_word' id='word_1_195' title='bbox 981 2903 1112 2972; x_wconf 89' lang='lat' dir='ltr'>noster,</span> <span class='ocrx_word' id='word_1_196' title='bbox 1129 2894 1188 2974; x_wconf 92' lang='lat' dir='ltr'>qui</span> <span class='ocrx_word' id='word_1_197' title='bbox 1203 2894 1335 2958; x_wconf 89' lang='lat' dir='ltr'>iamdiu</span> 
     </span>
     <span class='ocr_line' id='line_1_24' title="bbox 115 2998 1335 3082; baseline 0.003 -22"><span class='ocrx_word' id='word_1_198' title='bbox 115 2998 175 3062; x_wconf 92' lang='lat' dir='ltr'>hoc</span> <span class='ocrx_word' id='word_1_199' title='bbox 195 3000 342 3065; x_wconf 85' lang='lat' dir='ltr'>ardebat</span> <span class='ocrx_word' id='word_1_200' title='bbox 361 2999 555 3081; x_wconf 89' lang='lat' dir='ltr'>desideri0,</span> <span class='ocrx_word' id='word_1_201' title='bbox 570 3002 635 3065; x_wconf 86' lang='lat' dir='ltr'>fuit</span> <span class='ocrx_word' id='word_1_202' title='bbox 654 3001 850 3082; x_wconf 88' lang='lat' dir='ltr'>prohibitus</span> <span class='ocrx_word' id='word_1_203' title='bbox 872 3019 894 3064; x_wconf 90' lang='lat' dir='ltr'>a</span> <span class='ocrx_word' id='word_1_204' title='bbox 915 3000 1003 3078; x_wconf 91' lang='lat' dir='ltr'>suis,</span> <span class='ocrx_word' id='word_1_205' title='bbox 1026 3017 1138 3081; x_wconf 92' lang='lat' dir='ltr'>eaque</span> <span class='ocrx_word' id='word_1_206' title='bbox 1161 3000 1204 3064; x_wconf 93' lang='lat' dir='ltr'>de</span> <span class='ocrx_word' id='word_1_207' title='bbox 1226 3018 1335 3064; x_wconf 89' lang='lat' dir='ltr'>causa</span> 
     </span>
     <span class='ocr_line' id='line_1_25' title="bbox 114 3104 1336 3188; baseline 0.002 -19"><span class='ocrx_word' id='word_1_208' title='bbox 114 3104 172 3170; x_wconf 88' lang='lat' dir='ltr'>suit</span> <span class='ocrx_word' id='word_1_209' title='bbox 186 3109 230 3172; x_wconf 88' lang='lat' dir='ltr'>ab</span> <span class='ocrx_word' id='word_1_210' title='bbox 249 3107 384 3173; x_wconf 86' lang='lat' dir='ltr'>scholis</span> <span class='ocrx_word' id='word_1_211' title='bbox 402 3109 536 3172; x_wconf 88' lang='lat' dir='ltr'>nostris</span> <span class='ocrx_word' id='word_1_212' title='bbox 558 3117 731 3188; x_wconf 77' lang='lat' dir='ltr'>remotuS,</span> <span class='ocrx_word' id='word_1_213' title='bbox 753 3108 812 3188; x_wconf 90' lang='lat' dir='ltr'>qui</span> <span class='ocrx_word' id='word_1_214' title='bbox 833 3109 900 3171; x_wconf 91' lang='lat' dir='ltr'>etsi</span> <span class='ocrx_word' id='word_1_215' title='bbox 920 3108 1053 3170; x_wconf 92' lang='lat' dir='ltr'>nullam</span> <span class='ocrx_word' id='word_1_216' title='bbox 1067 3107 1139 3170; x_wconf 89' lang='lat' dir='ltr'>iam</span> <span class='ocrx_word' id='word_1_217' title='bbox 1153 3107 1336 3172; x_wconf 89' lang='lat' dir='ltr'>nobiscum</span> 
     </span>
     <span class='ocr_line' id='line_1_26' title="bbox 114 3211 1334 3296; baseline 0.004 -22"><span class='ocrx_word' id='word_1_218' title='bbox 114 3211 384 3280; x_wconf 79' lang='lat' dir='ltr'>familiaritatem</span> <span class='ocrx_word' id='word_1_219' title='bbox 398 3216 552 3281; x_wconf 87' lang='lat' dir='ltr'>habebat</span> <span class='ocrx_word' id='word_1_220' title='bbox 567 3226 663 3280; x_wconf 90' lang='lat' dir='ltr'>metu</span> <span class='ocrx_word' id='word_1_221' title='bbox 684 3225 935 3296; x_wconf 87' lang='lat' dir='ltr'>cognatorum,</span> <span class='ocrx_word' id='word_1_222' title='bbox 959 3215 1083 3277; x_wconf 91' lang='lat' dir='ltr'>eodem</span> <span class='ocrx_word' id='word_1_223' title='bbox 1106 3223 1226 3277; x_wconf 90' lang='lat' dir='ltr'>tamen</span> <span class='ocrx_word' id='word_1_224' title='bbox 1247 3231 1334 3279; x_wconf 88' lang='lat' dir='ltr'>sem·</span> 
     </span>
     <span class='ocr_line' id='line_1_27' title="bbox 114 3322 1336 3404; baseline 0.001 -19"><span class='ocrx_word' id='word_1_225' title='bbox 114 3337 170 3400; x_wconf 85' lang='lat' dir='ltr'>per</span> <span class='ocrx_word' id='word_1_226' title='bbox 191 3323 366 3388; x_wconf 87' lang='lat' dir='ltr'>desiderio</span> <span class='ocrx_word' id='word_1_227' title='bbox 394 3323 582 3404; x_wconf 88' lang='lat' dir='ltr'>flagrabat.</span> <span class='ocrx_word' id='word_1_228' title='bbox 607 3323 768 3404; x_wconf 87' lang='lat' dir='ltr'>Quodam</span> <span class='ocrx_word' id='word_1_229' title='bbox 787 3324 894 3402; x_wconf 87' lang='lat' dir='ltr'>igitur</span> <span class='ocrx_word' id='word_1_230' title='bbox 915 3322 989 3398; x_wconf 89' lang='lat' dir='ltr'>die,</span> <span class='ocrx_word' id='word_1_231' title='bbox 1013 3322 1114 3384; x_wconf 90' lang='lat' dir='ltr'>nobis</span> <span class='ocrx_word' id='word_1_232' title='bbox 1137 3322 1172 3385; x_wconf 94' lang='lat' dir='ltr'>id</span> <span class='ocrx_word' id='word_1_233' title='bbox 1194 3322 1336 3386; x_wconf 92' lang='lat' dir='ltr'>minime</span> 
     </span>
     <span class='ocr_line' id='line_1_28' title="bbox 114 3428 1335 3512; baseline 0.002 -23"><span class='ocrx_word' id='word_1_234' title='bbox 114 3430 351 3512; x_wconf 82' lang='lat' dir='ltr'>opinantibuS,</span> <span class='ocrx_word' id='word_1_235' title='bbox 369 3433 508 3495; x_wconf 90' lang='lat' dir='ltr'>occulte</span> <span class='ocrx_word' id='word_1_236' title='bbox 527 3432 698 3512; x_wconf 89' lang='lat' dir='ltr'>scapham</span> <span class='ocrx_word' id='word_1_237' title='bbox 713 3430 904 3511; x_wconf 88' lang='lat' dir='ltr'>quamdam</span> <span class='ocrx_word' id='word_1_238' title='bbox 924 3428 1130 3492; x_wconf 91' lang='lat' dir='ltr'>conscendit</span> <span class='ocrx_word' id='word_1_239' title='bbox 1153 3428 1335 3508; x_wconf 90' lang='lat' dir='ltr'>nauigatu-</span> 
     </span>
     <span class='ocr_line' id='line_1_29' title="bbox 113 3534 1335 3618; baseline 0.004 -22"><span class='ocrx_word' id='word_1_240' title='bbox 113 3551 167 3598; x_wconf 85' lang='lat' dir='ltr'>rus</span> <span class='ocrx_word' id='word_1_241' title='bbox 181 3535 346 3617; x_wconf 86' lang='lat' dir='ltr'>Romam,</span> <span class='ocrx_word' id='word_1_242' title='bbox 368 3546 405 3601; x_wconf 93' lang='lat' dir='ltr'>ut</span> <span class='ocrx_word' id='word_1_243' title='bbox 421 3539 469 3601; x_wconf 91' lang='lat' dir='ltr'>ibi</span> <span class='ocrx_word' id='word_1_244' title='bbox 484 3538 628 3601; x_wconf 90' lang='lat' dir='ltr'>tandem</span> <span class='ocrx_word' id='word_1_245' title='bbox 642 3539 697 3601; x_wconf 90' lang='lat' dir='ltr'>sui</span> <span class='ocrx_word' id='word_1_246' title='bbox 713 3539 785 3601; x_wconf 91' lang='lat' dir='ltr'>uoti</span> <span class='ocrx_word' id='word_1_247' title='bbox 801 3553 947 3618; x_wconf 90' lang='lat' dir='ltr'>compos</span> <span class='ocrx_word' id='word_1_248' title='bbox 962 3536 1071 3599; x_wconf 86' lang='lat' dir='ltr'>lieret.</span> <span class='ocrx_word' id='word_1_249' title='bbox 1093 3534 1232 3599; x_wconf 85' lang='lat' dir='ltr'>Caeteri</span> <span class='ocrx_word' id='word_1_250' title='bbox 1248 3555 1335 3601; x_wconf 89' lang='lat' dir='ltr'>uero</span> 
     </span>
     <span class='ocr_line' id='line_1_30' title="bbox 113 3643 1333 3726; baseline 0.002 -22"><span class='ocrx_word' id='word_1_251' title='bbox 113 3659 328 3726; x_wconf 88' lang='lat' dir='ltr'>nequaquam</span> <span class='ocrx_word' id='word_1_252' title='bbox 343 3645 575 3710; x_wconf 89' lang='lat' dir='ltr'>admittentur</span> <span class='ocrx_word' id='word_1_253' title='bbox 596 3645 710 3708; x_wconf 91' lang='lat' dir='ltr'>donec</span> <span class='ocrx_word' id='word_1_254' title='bbox 726 3653 890 3724; x_wconf 89' lang='lat' dir='ltr'>parentes</span> <span class='ocrx_word' id='word_1_255' title='bbox 912 3660 995 3707; x_wconf 90' lang='lat' dir='ltr'>suos</span> <span class='ocrx_word' id='word_1_256' title='bbox 1018 3643 1188 3706; x_wconf 89' lang='lat' dir='ltr'>certiores</span> <span class='ocrx_word' id='word_1_257' title='bbox 1210 3644 1264 3706; x_wconf 91' lang='lat' dir='ltr'>sui</span> <span class='ocrx_word' id='word_1_258' title='bbox 1278 3645 1333 3706; x_wconf 91' lang='lat' dir='ltr'>de·</span> 
     </span>
    </p>
   </div>
   <div class='ocr_carea' id='block_1_3' title="bbox 12 3749 388 3828">
    <p class='ocr_par' dir='ltr' id='par_1_4' title="bbox 12 3749 388 3828">
     <span class='ocr_line' id='line_1_31' title="bbox 12 3749 388 3828; baseline 0.003 -17"><span class='ocrx_word' id='word_1_259' title='bbox 12 3819 14 3828; x_wconf 42' lang='grc'><strong>,</strong></span> <span class='ocrx_word' id='word_1_260' title='bbox 113 3749 224 3815; x_wconf 89' lang='lat' dir='ltr'>siderii</span> <span class='ocrx_word' id='word_1_261' title='bbox 242 3751 388 3816; x_wconf 83' lang='lat' dir='ltr'>saciant.</span> 
     </span>
    </p>
   </div>
   <div class='ocr_carea' id='block_1_4' title="bbox 165 3857 1334 3941">
    <p class='ocr_par' dir='ltr' id='par_1_5' title="bbox 165 3857 1334 3941">
     <span class='ocr_line' id='line_1_32' title="bbox 165 3857 1334 3941; baseline 0.001 -20"><span class='ocrx_word' id='word_1_262' title='bbox 165 3857 242 3923; x_wconf 92' lang='lat' dir='ltr'>Duo</span> <span class='ocrx_word' id='word_1_263' title='bbox 268 3859 392 3941; x_wconf 87' lang='lat' dir='ltr'>paucis</span> <span class='ocrx_word' id='word_1_264' title='bbox 417 3859 546 3922; x_wconf 89' lang='lat' dir='ltr'>abhinc</span> <span class='ocrx_word' id='word_1_265' title='bbox 576 3857 699 3922; x_wconf 90' lang='lat' dir='ltr'>diebus</span> <span class='ocrx_word' id='word_1_266' title='bbox 728 3875 765 3921; x_wconf 91' lang='lat' dir='ltr'>se</span> <span class='ocrx_word' id='word_1_267' title='bbox 793 3867 936 3922; x_wconf 90' lang='lat' dir='ltr'>nostrae</span> <span class='ocrx_word' id='word_1_268' title='bbox 960 3857 1124 3938; x_wconf 83' lang='lat' dir='ltr'>religioni</span> <span class='ocrx_word' id='word_1_269' title='bbox 1149 3865 1334 3922; x_wconf 87' lang='lat' dir='ltr'>nonerunt:</span> 
     </span>
    </p>
   </div>
   <div class='ocr_carea' id='block_1_5' title="bbox 12 3957 1335 4044">
    <p class='ocr_par' dir='ltr' id='par_1_6' title="bbox 12 3957 1335 4044">
     <span class='ocr_line' id='line_1_33' title="bbox 12 3957 1335 4044; baseline 0.002 -20"><span class='ocrx_word' id='word_1_270' title='bbox 12 3957 14 4016; x_wconf 75' lang='grc' dir='ltr'>ἱ</span> <span class='ocrx_word' id='word_1_271' title='bbox 112 3964 192 4028; x_wconf 88' lang='lat' dir='ltr'>alter</span> <span class='ocrx_word' id='word_1_272' title='bbox 206 3983 330 4030; x_wconf 90' lang='lat' dir='ltr'>eorum</span> <span class='ocrx_word' id='word_1_273' title='bbox 353 3974 406 4029; x_wconf 88' lang='lat' dir='ltr'>est</span> <span class='ocrx_word' id='word_1_274' title='bbox 428 3963 615 4044; x_wconf 76' lang='lat' dir='ltr'>s&#39;acerd05,</span> <span class='ocrx_word' id='word_1_275' title='bbox 636 3965 691 4028; x_wconf 89' lang='lat' dir='ltr'>uir</span> <span class='ocrx_word' id='word_1_276' title='bbox 706 3965 802 4028; x_wconf 89' lang='lat' dir='ltr'>uitae</span> <span class='ocrx_word' id='word_1_277' title='bbox 822 3963 991 4044; x_wconf 90' lang='lat' dir='ltr'>probatae</span> <span class='ocrx_word' id='word_1_278' title='bbox 1010 3962 1162 4044; x_wconf 93' lang='lat' dir='ltr'>bonique</span> <span class='ocrx_word' id='word_1_279' title='bbox 1182 3963 1335 4027; x_wconf 85' lang='lat' dir='ltr'>nominis</span> 
     </span>
    </p>
   </div>
   <div class='ocr_carea' id='block_1_6' title="bbox 12 4067 1334 4152">
    <p class='ocr_par' dir='ltr' id='par_1_7' title="bbox 12 4067 1334 4152">
     <span class='ocr_line' id='line_1_34' title="bbox 12 4067 1334 4152; baseline 0.002 -23"><span class='ocrx_word' id='word_1_280' title='bbox 12 4069 13 4090; x_wconf 70' lang='lat'><em>²</em></span> <span class='ocrx_word' id='word_1_281' title='bbox 112 4067 141 4130; x_wconf 94' lang='lat' dir='ltr'>in</span> <span class='ocrx_word' id='word_1_282' title='bbox 155 4071 250 4150; x_wconf 84' lang='lat' dir='ltr'>urbe;</span> <span class='ocrx_word' id='word_1_283' title='bbox 268 4074 357 4136; x_wconf 89' lang='lat' dir='ltr'>alter</span> <span class='ocrx_word' id='word_1_284' title='bbox 372 4089 458 4136; x_wconf 90' lang='lat' dir='ltr'>uero</span> <span class='ocrx_word' id='word_1_285' title='bbox 475 4082 528 4136; x_wconf 91' lang='lat' dir='ltr'>est</span> <span class='ocrx_word' id='word_1_286' title='bbox 543 4072 682 4136; x_wconf 90' lang='lat' dir='ltr'>iuuenis</span> <span class='ocrx_word' id='word_1_287' title='bbox 697 4071 851 4152; x_wconf 87' lang='lat' dir='ltr'>optimae</span> <span class='ocrx_word' id='word_1_288' title='bbox 865 4070 1007 4152; x_wconf 90' lang='lat' dir='ltr'>quidem</span> <span class='ocrx_word' id='word_1_289' title='bbox 1019 4069 1159 4134; x_wconf 93' lang='lat' dir='ltr'>indolis.</span> <span class='ocrx_word' id='word_1_290' title='bbox 1175 4069 1272 4133; x_wconf 89' lang='lat' dir='ltr'>Deus</span> <span class='ocrx_word' id='word_1_291' title='bbox 1284 4070 1334 4133; x_wconf 80' lang='lat' dir='ltr'>sit</span> 
     </span>
    </p>
   </div>
   <div class='ocr_carea' id='block_1_7' title="bbox 111 4177 1335 4474">
    <p class='ocr_par' dir='ltr' id='par_1_8' title="bbox 111 4177 1335 4474">
     <span class='ocr_line' id='line_1_35' title="bbox 112 4177 797 4260; baseline 0.006 -24"><span class='ocrx_word' id='word_1_292' title='bbox 112 4177 168 4252; x_wconf 82' lang='lat' dir='ltr'>qui</span> <span class='ocrx_word' id='word_1_293' title='bbox 178 4178 349 4258; x_wconf 88' lang='lat' dir='ltr'>perficiat,</span> <span class='ocrx_word' id='word_1_294' title='bbox 366 4178 461 4260; x_wconf 90' lang='lat' dir='ltr'>quod</span> <span class='ocrx_word' id='word_1_295' title='bbox 477 4179 512 4242; x_wconf 93' lang='lat' dir='ltr'>in</span> <span class='ocrx_word' id='word_1_296' title='bbox 529 4179 617 4260; x_wconf 87' lang='lat' dir='ltr'>ipsis</span> <span class='ocrx_word' id='word_1_297' title='bbox 632 4177 797 4259; x_wconf 90' lang='lat' dir='ltr'>incoepit.</span> 
     </span>
     <span class='ocr_line' id='line_1_36' title="bbox 163 4283 1335 4366; baseline -0.002 -17"><span class='ocrx_word' id='word_1_298' title='bbox 163 4283 255 4349; x_wconf 91' lang='lat' dir='ltr'>Bene</span> <span class='ocrx_word' id='word_1_299' title='bbox 271 4285 434 4350; x_wconf 89' lang='lat' dir='ltr'>audimus</span> <span class='ocrx_word' id='word_1_300' title='bbox 449 4287 485 4349; x_wconf 90' lang='lat' dir='ltr'>in</span> <span class='ocrx_word' id='word_1_301' title='bbox 501 4286 568 4350; x_wconf 88' lang='lat' dir='ltr'>hac</span> <span class='ocrx_word' id='word_1_302' title='bbox 583 4286 680 4363; x_wconf 88' lang='lat' dir='ltr'>urbe,</span> <span class='ocrx_word' id='word_1_303' title='bbox 698 4301 887 4366; x_wconf 78' lang='lat' dir='ltr'>omnesque</span> <span class='ocrx_word' id='word_1_304' title='bbox 902 4285 984 4347; x_wconf 85' lang='lat' dir='ltr'>bene</span> <span class='ocrx_word' id='word_1_305' title='bbox 995 4285 1037 4346; x_wconf 81' lang='lat' dir='ltr'>de</span> <span class='ocrx_word' id='word_1_306' title='bbox 1049 4285 1151 4347; x_wconf 80' lang='lat' dir='ltr'>nobis</span> <span class='ocrx_word' id='word_1_307' title='bbox 1161 4284 1335 4348; x_wconf 79' lang='lat' dir='ltr'>sentiunt:</span> 
     </span>
     <span class='ocr_line' id='line_1_37' title="bbox 111 4388 1332 4474; baseline 0.005 -24"><span class='ocrx_word' id='word_1_308' title='bbox 111 4388 181 4455; x_wconf 89' lang='lat' dir='ltr'>ideo</span> <span class='ocrx_word' id='word_1_309' title='bbox 203 4393 239 4456; x_wconf 90' lang='lat' dir='ltr'>in</span> <span class='ocrx_word' id='word_1_310' title='bbox 260 4393 367 4457; x_wconf 88' lang='lat' dir='ltr'>rebus</span> <span class='ocrx_word' id='word_1_311' title='bbox 392 4395 497 4457; x_wconf 86' lang='lat' dir='ltr'>seriis</span> <span class='ocrx_word' id='word_1_312' title='bbox 523 4403 557 4456; x_wconf 92' lang='lat' dir='ltr'>et</span> <span class='ocrx_word' id='word_1_313' title='bbox 582 4394 627 4456; x_wconf 88' lang='lat' dir='ltr'>ad</span> <span class='ocrx_word' id='word_1_314' title='bbox 653 4392 919 4473; x_wconf 88' lang='lat' dir='ltr'>Rempublicam</span> <span class='ocrx_word' id='word_1_315' title='bbox 943 4393 1186 4474; x_wconf 88' lang='lat' dir='ltr'>spectantibus</span> <span class='ocrx_word' id='word_1_316' title='bbox 1211 4401 1332 4457; x_wconf 89' lang='lat' dir='ltr'>nostro</span> 
     </span>
    </p>
   </div>
   <div class='ocr_carea' id='block_1_8' title="bbox 147 4596 1280 4807">
    <p class='ocr_par' dir='ltr' id='par_1_9' title="bbox 147 4596 1280 4807">
     <span class='ocr_line' id='line_1_38' title="bbox 150 4596 492 4654; baseline 0.009 -12"><span class='ocrx_word' id='word_1_317' title='bbox 150 4596 157 4629; x_wconf 82' lang='lat'><strong>¹</strong></span> <span class='ocrx_word' id='word_1_318' title='bbox 184 4598 338 4654; x_wconf 75' lang='lat' dir='ltr'>eiurparer.</span> <span class='ocrx_word' id='word_1_319' title='bbox 348 4599 492 4645; x_wconf 75' lang='lat' dir='ltr'>Patareus.</span> 
     </span>
     <span class='ocr_line' id='line_1_39' title="bbox 147 4667 359 4725; baseline 0.005 -11"><span class='ocrx_word' id='word_1_320' title='bbox 147 4667 158 4701; x_wconf 67' lang='lat' dir='ltr'>l</span> <span class='ocrx_word' id='word_1_321' title='bbox 181 4669 359 4725; x_wconf 62' lang='lat' dir='ltr'>sunamiti.</span> 
     </span>
     <span class='ocr_line' id='line_1_40' title="bbox 147 4739 1280 4807; baseline 0.003 -19"><span class='ocrx_word' id='word_1_322' title='bbox 147 4739 159 4775; x_wconf 81' lang='lat'>⁸</span> <span class='ocrx_word' id='word_1_323' title='bbox 181 4742 309 4791; x_wconf 74' lang='lat' dir='ltr'>Antnnu·</span> <span class='ocrx_word' id='word_1_324' title='bbox 319 4749 407 4790; x_wconf 75' lang='lat' dir='ltr'>autern</span> <span class='ocrx_word' id='word_1_325' title='bbox 416 4743 492 4792; x_wconf 78' lang='lat' dir='ltr'>homo</span> <span class='ocrx_word' id='word_1_326' title='bbox 502 4755 553 4788; x_wconf 83' lang='lat' dir='ltr'>non</span> <span class='ocrx_word' id='word_1_327' title='bbox 562 4743 673 4802; x_wconf 84' lang='lat' dir='ltr'>percipit</span> <span class='ocrx_word' id='word_1_328' title='bbox 682 4755 722 4800; x_wconf 81' lang='lat' dir='ltr'>ea,</span> <span class='ocrx_word' id='word_1_329' title='bbox 734 4754 799 4806; x_wconf 80' lang='lat' dir='ltr'>quae</span> <span class='ocrx_word' id='word_1_330' title='bbox 809 4751 869 4788; x_wconf 80' lang='lat' dir='ltr'>sunt</span> <span class='ocrx_word' id='word_1_331' title='bbox 879 4741 990 4805; x_wconf 79' lang='lat' dir='ltr'>Splrltus</span> <span class='ocrx_word' id='word_1_332' title='bbox 997 4741 1054 4794; x_wconf 86' lang='lat' dir='ltr'>Dei.</span> <span class='ocrx_word' id='word_1_333' title='bbox 1066 4742 1077 4794; x_wconf 87' lang='lat'>1</span> <span class='ocrx_word' id='word_1_334' title='bbox 1088 4742 1204 4792; x_wconf 84' lang='lat' dir='ltr'>Corinth.</span> <span class='ocrx_word' id='word_1_335' title='bbox 1212 4755 1238 4807; x_wconf 77' lang='lat' dir='ltr'>u,</span> <span class='ocrx_word' id='word_1_336' title='bbox 1248 4745 1280 4792; x_wconf 82' lang='lat' dir='ltr'>tt.</span> 
     </span>
    </p>
   </div>
   <div class='ocr_carea' id='block_1_9' title="bbox 0 0 1710 5528">
    <p class='ocr_par' dir='ltr' id='par_1_10' title="bbox 0 0 1710 5528">
     <span class='ocr_line' id='line_1_41' title="bbox 0 0 1710 5528; baseline 0 4"><span class='ocrx_word' id='word_1_337' title='bbox 0 0 1710 5528; x_wconf 95' lang='lat' dir='ltr'> </span> 
     </span>
    </p>
   </div>
  </div>
 </body>
</html>
