3368 5528
147 1149 148 1154 ,
191 1105 382 1152 Praecedentes
393 1105 480 1151 Patrls
493 1105 615 1151 Caesarls
626 1105 710 1150 Helml
720 1105 824 1151 lltterae
835 1105 860 1151 lu
871 1105 979 1152 latinum
989 1115 1132 1150 conversae
1144 1103 1161 1148 Ι.
1256 1111 1258 1118 ’

636 1341 712 1462 nis

130 1627 200 1697 Pax
212 1632 297 1712 Xpi.
314 1640 382 1696 etc.

130 1737 327 1805 Admodum
341 1738 418 1804 Ra
437 1739 474 1803 in
488 1739 581 1820 Xpo.
596 1738 713 1803 Pater.

130 1844 253 1912 Paucis
268 1845 385 1910 dicam
407 1846 559 1912 Vestrae
578 1842 813 1909 Reuerentiae
833 1861 888 1921 ea,
910 1861 1001 1925 quae
1024 1861 1185 1910 amensa
1206 1843 1291 1908 Maii

83 1951 239 2019 hactenus
254 1971 317 2035 per
333 1970 409 2032 nos,
427 1952 693 2032 indignissimos
707 1951 799 2016 filios
813 1951 858 2015 V.
875 1947 984 2030 ΚΜ,
1002 1950 1175 2016 Dominus
1194 1970 1290 2032 pere·

82 2059 124 2136 git
137 2063 177 2126 ad
193 2062 392 2126 animarum
407 2061 596 2125 utilitatem
611 2068 646 2124 et
661 2061 821 2122 salutem.
847 2095 849 2102 ·
986 2069 988 2072 ·

123 2166 283 2240 ,Primum
312 2167 453 2250 quidem
478 2167 596 2249 quoad
621 2165 871 2245 confessiones,
896 2165 1032 2230 feriatis
1056 2167 1291 2262 profestisque

82 2272 188 2340 diebus
201 2275 240 2340 P.
257 2275 426 2341 Albertus
441 2283 475 2338 et
490 2289 557 2354 ego
573 2273 736 2355 occupati
755 2273 886 2337 fuimus
908 2291 1020 2354 vsque
1043 2274 1143 2352 ade0,
1167 2281 1207 2338 vt
1228 2275 1290 2338 vix

83 2395 224 2463 mquam
238 2383 457 2465 potuerimus
471 2397 537 2445 nos
552 2381 713 2446 conferre
729 2381 817 2444 hora
838 2388 1007 2444 consueta
1027 2397 1089 2445 seu
1110 2381 1290 2445 ordinaria

84 2501 246 2571 sumptum
262 2489 425 2570 corporis
445 2489 704 2553 necessitatem.
725 2487 936 2552 Audiuimus
955 2490 1152 2568 nonnullas,
1177 2498 1211 2553 et
1230 2507 1291 2553 eas

82 2594 193 2676 longas
212 2606 246 2661 et
267 2598 464 2677 generales,
487 2594 738 2677 confessiones,
760 2611 826 2658 nec
845 2594 922 2658 sine
944 2611 1074 2674 magno
1094 2597 1291 2660 animarum

83 2701 180 2768 lucro.
196 2704 287 2768 Nam
302 2713 377 2767 tum
393 2702 429 2783 ii,
444 2703 505 2784 qui
519 2703 621 2767 nobis
635 2700 849 2781 generaliter
864 2718 906 2764 ac
927 2702 1118 2766 nouissime
1140 2703 1291 2767 confessi

83 2822 162 2890 sunt,
179 2811 425 2876 verumetiam
442 2811 502 2890 illi,
518 2811 590 2892 qui,
606 2827 627 2874 a
642 2809 815 2892 principio
839 2809 1012 2875 aduentus
1027 2808 1213 2874 Societatis
1233 2829 1292 2874 no·

83 2925 164 2980 strae
175 2920 218 2984 ad
229 2919 323 2983 hanc
334 2917 457 2982 Ill.mam
469 2918 660 2996 ciuitatem,
674 2915 924 2980 hebdomariae
937 2916 1151 2980 confessioni
1162 2927 1293 2984 vacant

84 3031 112 3083 et
126 3027 371 3106 communioni,
388 3037 524 3090 tantam
539 3024 641 3088 nobis
655 3023 827 3104 praebent
842 3040 939 3104 spem
955 3024 1098 3088 inbono
1114 3024 1239 3104 spiritu
1259 3035 1294 3089 et

83 3133 233 3208 operibus
247 3133 382 3197 sanctis
398 3132 552 3197 iustitiae
568 3131 831 3212 perseuerandi,
848 3139 882 3193 et
897 3129 985 3200 adeo
998 3147 1120 3195 omnes
1131 3131 1292 3210 humiles,

85 3232 190 3303 deuoti
204 3249 237 3304 et
256 3241 293 3305 in
315 3241 490 3304 charitate
509 3239 637 3303 feruidi
654 3223 749 3316 sunt,
774 3246 813 3301 vt
833 3237 1094 3319 (praeterquam
1115 3239 1208 3320 quod
1230 3257 1295 3303 suo

83 3349 229 3427 exemplo
245 3355 416 3429 quotquot
432 3347 478 3410 ad
491 3363 615 3410 veram
630 3345 917 3426 salutiferamque
933 3345 1185 3426 poenitentiam
1205 3347 1295 3410 etin

84 3446 244 3531 frequenti
259 3453 482 3518 confessione
497 3463 531 3516 et
546 3453 791 3517 communione
806 3468 885 3515 sese
899 3453 1118 3516 exercendos
1136 3454 1295 3518 alliciunt

83 3573 118 3618 ac
133 3575 253 3624 revera
269 3560 495 3624 lucrifaciunt
510 3560 630 3641 Xpo.),
647 3559 784 3623 etiamsi
799 3559 855 3622 hic
872 3559 993 3622 decem
1011 3578 1168 3624 essemus
1180 3578 1295 3626 sacer·

84 3661 184 3741 dotes,
204 3685 273 3732 non
295 3683 480 3748 possemus
500 3684 622 3732 eorum
642 3666 883 3730 confessiones
904 3667 1062 3731 omnium
1083 3668 1217 3747 audire,
1240 3687 1296 3732 ne·

85 3787 144 3850 que
157 3774 223 3839 illis
234 3774 456 3854 satisfacere,
475 3774 682 3839 instruendo
699 3778 749 3850 (ut
768 3791 833 3854 par
852 3781 905 3837 est
924 3783 958 3837 et
980 3775 1120 3856 rogant)
1144 3776 1189 3838 ad
1208 3777 1297 3842 bene

86 3880 246 3946 orandum
261 3891 296 3946 et
304 3882 526 3962 generaliter
542 3881 789 3946 confitendum.
806 3879 959 3959 Quidam
974 3882 1093 3946 deuoti
1107 3892 1142 3946 et
1163 3883 1298 3956 nobiles

86 3983 231 4064 ipsorum
246 3989 476 4054 stabilitatem
490 4001 526 4053 et
543 3986 872 4053 immobilitatem'in
888 3990 1108 4054 orationibus
1124 3985 1299 4058 admirari·

85 4100 143 4172 tes,
169 4095 283 4161 dicere
309 4097 424 4160 solent
448 4097 538 4160 haec
564 4106 624 4160 aut
645 4096 701 4159 his
724 4096 850 4160 similia
871 4095 999 4159 verba:
1022 4094 1071 4161 “O
1093 4098 1185 4161 bone
1203 4097 1297 4181 Jesu,

89 4215 185 4278 quam
207 4204 384 4270 laudabile
409 4213 444 4268 et
468 4202 701 4267 admiratione
722 4203 866 4282 dignum
886 4211 939 4267 est
959 4203 1081 4269 videre
1100 4203 1165 4269 hos
1186 4205 1301 4270 adole·

85 4312 252 4376 scentulos
265 4313 302 4376 in
317 4311 391 4376 suis
407 4311 637 4375 orationibus!
651 4329 671 4374 ο
684 4328 791 4392 quam
801 4310 962 4391 humiles,
977 4313 1096 4376 deuoti
1107 4331 1150 4377 ac
1164 4313 1301 4378 feruen»

84 4423 131 4479 tes
155 4421 249 4484 sunt!
270 4419 396 4484 Nonne
417 4419 580 4483 videntur
602 4418 798 4483 immobiles
819 4425 970 4499 statuae,
987 4420 1128 4501 quando
1153 4420 1304 4485 fundunt

85 4597 270 4611 -——

121 4698 129 4730 l
156 4699 341 4757 Autossraphae
357 4699 433 4744 unico
448 4699 516 4754 folio,
528 4711 551 4746 n.
561 4697 744 4743 78.-Deletaa
761 4697 872 4744 Polanco
887 4699 988 4744 italicis
1003 4699 1199 4758 dlstlnguemum
1216 4685 1306 4748 addita

87 4769 510 4826 rubllclemmlusnnotstlonlbus.
1194 4795 1196 4800 v

231 4859 269 4924 T.
286 4879 330 4922 tv.
1115 4863 1162 4936 ·3d
