<?xml version="1.0" encoding="UTF-8"?>
<!DOCTYPE html PUBLIC "-//W3C//DTD XHTML 1.0 Transitional//EN"
    "http://www.w3.org/TR/xhtml1/DTD/xhtml1-transitional.dtd">
<html xmlns="http://www.w3.org/1999/xhtml" xml:lang="en" lang="en">
 <head>
  <title>
</title>
<meta http-equiv="Content-Type" content="text/html;charset=utf-8" />
  <meta name='ocr-system' content='tesseract 3.04.00' />
  <meta name='ocr-capabilities' content='ocr_page ocr_carea ocr_par ocr_line ocrx_word'/>
</head>
<body>
  <div class='ocr_page' id='page_1' title='image "./litteraequadrim00jesugoog/litteraequadrim00jesugoog_0609.png"; bbox 0 0 3436 5526; ppageno 0'>
   <div class='ocr_carea' id='block_1_1' title="bbox 675 494 1460 576">
    <p class='ocr_par' dir='ltr' id='par_1_1' title="bbox 675 494 1460 576">
     <span class='ocr_line' id='line_1_1' title="bbox 675 494 1460 576; baseline -0.005 0"><span class='ocrx_word' id='word_1_1' title='bbox 675 519 740 576; x_wconf 64' lang='lat' dir='ltr'>aa.</span> <span class='ocrx_word' id='word_1_2' title='bbox 763 517 831 576; x_wconf 73' lang='lat' dir='ltr'>raso</span> <span class='ocrx_word' id='word_1_3' title='bbox 1313 514 1367 572; x_wconf 76' lang='lat'>603</span> <span class='ocrx_word' id='word_1_4' title='bbox 1452 494 1460 510; x_wconf 81' lang='grc'><strong>“</strong></span> 
     </span>
    </p>
   </div>
   <div class='ocr_carea' id='block_1_2' title="bbox 121 659 1369 4810">
    <p class='ocr_par' dir='ltr' id='par_1_2' title="bbox 131 659 1367 851">
     <span class='ocr_line' id='line_1_2' title="bbox 131 659 1367 744; baseline -0.003 -18"><span class='ocrx_word' id='word_1_5' title='bbox 131 665 165 726; x_wconf 91' lang='lat' dir='ltr'>si</span> <span class='ocrx_word' id='word_1_6' title='bbox 186 671 262 744; x_wconf 87' lang='lat' dir='ltr'>puo</span> <span class='ocrx_word' id='word_1_7' title='bbox 284 665 485 728; x_wconf 82' lang='lat' dir='ltr'>iacilmente</span> <span class='ocrx_word' id='word_1_8' title='bbox 507 681 723 744; x_wconf 78' lang='lat' dir='ltr'>cognoscere</span> <span class='ocrx_word' id='word_1_9' title='bbox 743 673 874 743; x_wconf 89' lang='lat' dir='ltr'>quanto</span> <span class='ocrx_word' id='word_1_10' title='bbox 895 663 948 725; x_wconf 86' lang='lat' dir='ltr'>sia</span> <span class='ocrx_word' id='word_1_11' title='bbox 972 662 1094 724; x_wconf 91' lang='lat' dir='ltr'>chiaro</span> <span class='ocrx_word' id='word_1_12' title='bbox 1117 659 1200 738; x_wconf 76' lang='lat' dir='ltr'>(sic)</span> <span class='ocrx_word' id='word_1_13' title='bbox 1222 660 1367 722; x_wconf 87' lang='lat' dir='ltr'>atuttii</span> 
     </span>
     <span class='ocr_line' id='line_1_3' title="bbox 131 771 574 851; baseline 0.002 -18"><span class='ocrx_word' id='word_1_14' title='bbox 131 771 247 834; x_wconf 90' lang='lat' dir='ltr'>buoni</span> <span class='ocrx_word' id='word_1_15' title='bbox 262 780 386 851; x_wconf 87' lang='lat' dir='ltr'>questo</span> <span class='ocrx_word' id='word_1_16' title='bbox 404 771 574 851; x_wconf 87' lang='lat' dir='ltr'>Collegio.</span> 
     </span>
    </p>

    <p class='ocr_par' dir='ltr' id='par_1_3' title="bbox 129 876 1368 1796">
     <span class='ocr_line' id='line_1_4' title="bbox 198 876 1367 957; baseline -0.003 -17"><span class='ocrx_word' id='word_1_17' title='bbox 198 877 261 940; x_wconf 89' lang='lat' dir='ltr'>Ma</span> <span class='ocrx_word' id='word_1_18' title='bbox 277 878 377 940; x_wconf 88' lang='lat' dir='ltr'>accio</span> <span class='ocrx_word' id='word_1_19' title='bbox 391 879 451 957; x_wconf 72' lang='lat' dir='ltr'>gia</span> <span class='ocrx_word' id='word_1_20' title='bbox 466 878 635 942; x_wconf 79' lang='lat' dir='ltr'>reserisca</span> <span class='ocrx_word' id='word_1_21' title='bbox 656 879 781 940; x_wconf 88' lang='lat' dir='ltr'>alcuna</span> <span class='ocrx_word' id='word_1_22' title='bbox 804 877 892 940; x_wconf 88' lang='lat' dir='ltr'>delle</span> <span class='ocrx_word' id='word_1_23' title='bbox 911 893 1005 954; x_wconf 86' lang='lat' dir='ltr'>cose,</span> <span class='ocrx_word' id='word_1_24' title='bbox 1028 877 1094 938; x_wconf 90' lang='lat' dir='ltr'>che</span> <span class='ocrx_word' id='word_1_25' title='bbox 1115 891 1321 955; x_wconf 89' lang='lat' dir='ltr'>prouocano</span> <span class='ocrx_word' id='word_1_26' title='bbox 1344 876 1367 937; x_wconf 93' lang='lat' dir='ltr'>li</span> 
     </span>
     <span class='ocr_line' id='line_1_5' title="bbox 129 981 1367 1065; baseline 0.002 -23"><span class='ocrx_word' id='word_1_27' title='bbox 129 984 262 1063; x_wconf 72' lang='lat' dir='ltr'>‚frigidi</span> <span class='ocrx_word' id='word_1_28' title='bbox 287 987 374 1065; x_wconf 90' lang='lat' dir='ltr'>petti</span> <span class='ocrx_word' id='word_1_29' title='bbox 394 985 488 1063; x_wconf 85' lang='lat' dir='ltr'>degli</span> <span class='ocrx_word' id='word_1_30' title='bbox 508 985 664 1049; x_wconf 90' lang='lat' dir='ltr'>huomini</span> <span class='ocrx_word' id='word_1_31' title='bbox 685 985 769 1047; x_wconf 89' lang='lat' dir='ltr'>uani</span> <span class='ocrx_word' id='word_1_32' title='bbox 784 987 852 1046; x_wconf 91' lang='lat' dir='ltr'>alla</span> <span class='ocrx_word' id='word_1_33' title='bbox 874 984 968 1063; x_wconf 80' lang='lat' dir='ltr'>pieta</span> <span class='ocrx_word' id='word_1_34' title='bbox 990 994 1023 1046; x_wconf 86' lang='lat' dir='ltr'>et</span> <span class='ocrx_word' id='word_1_35' title='bbox 1046 983 1151 1045; x_wconf 82' lang='lat' dir='ltr'>virtu.</span> <span class='ocrx_word' id='word_1_36' title='bbox 1177 981 1309 1060; x_wconf 88' lang='lat' dir='ltr'>Questo</span> <span class='ocrx_word' id='word_1_37' title='bbox 1330 983 1367 1044; x_wconf 93' lang='lat' dir='ltr'>in</span> 
     </span>
     <span class='ocr_line' id='line_1_6' title="bbox 135 1088 1365 1171; baseline -0.002 -18"><span class='ocrx_word' id='word_1_38' title='bbox 135 1091 259 1170; x_wconf 89' lang='lat' dir='ltr'>prima</span> <span class='ocrx_word' id='word_1_39' title='bbox 274 1092 323 1154; x_wconf 90' lang='lat' dir='ltr'>mi</span> <span class='ocrx_word' id='word_1_40' title='bbox 337 1109 403 1171; x_wconf 92' lang='lat' dir='ltr'>par</span> <span class='ocrx_word' id='word_1_41' title='bbox 417 1109 515 1154; x_wconf 89' lang='lat' dir='ltr'>esser</span> <span class='ocrx_word' id='word_1_42' title='bbox 530 1092 637 1170; x_wconf 86' lang='lat' dir='ltr'>digno</span> <span class='ocrx_word' id='word_1_43' title='bbox 654 1091 688 1155; x_wconf 92' lang='lat' dir='ltr'>di</span> <span class='ocrx_word' id='word_1_44' title='bbox 704 1090 1048 1154; x_wconf 81' lang='lat' dir='ltr'>commemoratione.</span> <span class='ocrx_word' id='word_1_45' title='bbox 1064 1088 1129 1152; x_wconf 89' lang='lat' dir='ltr'>Per</span> <span class='ocrx_word' id='word_1_46' title='bbox 1141 1090 1175 1151; x_wconf 89' lang='lat' dir='ltr'>la</span> <span class='ocrx_word' id='word_1_47' title='bbox 1192 1089 1365 1167; x_wconf 89' lang='lat' dir='ltr'>diligenza</span> 
     </span>
     <span class='ocr_line' id='line_1_7' title="bbox 131 1195 1366 1278; baseline -0.002 -18"><span class='ocrx_word' id='word_1_48' title='bbox 131 1197 193 1260; x_wconf 86' lang='lat' dir='ltr'>del</span> <span class='ocrx_word' id='word_1_49' title='bbox 208 1207 334 1262; x_wconf 89' lang='lat' dir='ltr'>nostro</span> <span class='ocrx_word' id='word_1_50' title='bbox 347 1200 557 1274; x_wconf 84' lang='lat' dir='ltr'>sacristano,</span> <span class='ocrx_word' id='word_1_51' title='bbox 571 1201 605 1260; x_wconf 87' lang='lat' dir='ltr'>la</span> <span class='ocrx_word' id='word_1_52' title='bbox 617 1200 698 1278; x_wconf 90' lang='lat' dir='ltr'>qual</span> <span class='ocrx_word' id='word_1_53' title='bbox 711 1199 782 1278; x_wconf 86' lang='lat' dir='ltr'>egli</span> <span class='ocrx_word' id='word_1_54' title='bbox 793 1215 857 1260; x_wconf 89' lang='lat' dir='ltr'>usa</span> <span class='ocrx_word' id='word_1_55' title='bbox 867 1197 903 1260; x_wconf 93' lang='lat' dir='ltr'>in</span> <span class='ocrx_word' id='word_1_56' title='bbox 917 1214 1087 1277; x_wconf 87' lang='lat' dir='ltr'>preparar</span> <span class='ocrx_word' id='word_1_57' title='bbox 1098 1195 1147 1274; x_wconf 88' lang='lat' dir='ltr'>gli</span> <span class='ocrx_word' id='word_1_58' title='bbox 1159 1196 1366 1258; x_wconf 88' lang='lat' dir='ltr'>altarietse·</span> 
     </span>
     <span class='ocr_line' id='line_1_8' title="bbox 135 1302 1365 1386; baseline -0.002 -18"><span class='ocrx_word' id='word_1_59' title='bbox 135 1305 257 1368; x_wconf 88' lang='lat' dir='ltr'>condo</span> <span class='ocrx_word' id='word_1_60' title='bbox 272 1309 307 1369; x_wconf 87' lang='lat' dir='ltr'>la</span> <span class='ocrx_word' id='word_1_61' title='bbox 322 1305 459 1369; x_wconf 78' lang='lat' dir='ltr'>uarieta</span> <span class='ocrx_word' id='word_1_62' title='bbox 474 1307 518 1382; x_wconf 85' lang='lat' dir='ltr'>de</span> <span class='ocrx_word' id='word_1_63' title='bbox 530 1306 542 1368; x_wconf 92' lang='lat' dir='ltr'>i</span> <span class='ocrx_word' id='word_1_64' title='bbox 556 1307 665 1386; x_wconf 91' lang='lat' dir='ltr'>tempi</span> <span class='ocrx_word' id='word_1_65' title='bbox 679 1306 714 1368; x_wconf 94' lang='lat' dir='ltr'>in</span> <span class='ocrx_word' id='word_1_66' title='bbox 727 1305 847 1368; x_wconf 88' lang='lat' dir='ltr'>uariar</span> <span class='ocrx_word' id='word_1_67' title='bbox 859 1305 908 1383; x_wconf 85' lang='lat' dir='ltr'>gli</span> <span class='ocrx_word' id='word_1_68' title='bbox 920 1304 1118 1366; x_wconf 87' lang='lat' dir='ltr'>ornamenti</span> <span class='ocrx_word' id='word_1_69' title='bbox 1130 1302 1221 1365; x_wconf 87' lang='lat' dir='ltr'>della</span> <span class='ocrx_word' id='word_1_70' title='bbox 1233 1303 1365 1378; x_wconf 84' lang='lat' dir='ltr'>chiesa,</span> 
     </span>
     <span class='ocr_line' id='line_1_9' title="bbox 133 1408 1367 1493; baseline -0.002 -19"><span class='ocrx_word' id='word_1_71' title='bbox 133 1413 239 1475; x_wconf 90' lang='lat' dir='ltr'>molti</span> <span class='ocrx_word' id='word_1_72' title='bbox 254 1414 286 1476; x_wconf 91' lang='lat' dir='ltr'>si</span> <span class='ocrx_word' id='word_1_73' title='bbox 301 1413 463 1475; x_wconf 88' lang='lat' dir='ltr'>eccitano</span> <span class='ocrx_word' id='word_1_74' title='bbox 480 1422 513 1475; x_wconf 90' lang='lat' dir='ltr'>et</span> <span class='ocrx_word' id='word_1_75' title='bbox 535 1430 555 1475; x_wconf 90' lang='lat' dir='ltr'>a</span> <span class='ocrx_word' id='word_1_76' title='bbox 575 1429 665 1493; x_wconf 89' lang='lat' dir='ltr'>poco</span> <span class='ocrx_word' id='word_1_77' title='bbox 689 1429 709 1474; x_wconf 93' lang='lat' dir='ltr'>a</span> <span class='ocrx_word' id='word_1_78' title='bbox 731 1428 823 1490; x_wconf 90' lang='lat' dir='ltr'>poco</span> <span class='ocrx_word' id='word_1_79' title='bbox 843 1428 961 1474; x_wconf 92' lang='lat' dir='ltr'>uanno</span> <span class='ocrx_word' id='word_1_80' title='bbox 982 1408 1115 1486; x_wconf 73' lang='lat' dir='ltr'>attenti,</span> <span class='ocrx_word' id='word_1_81' title='bbox 1136 1409 1302 1472; x_wconf 90' lang='lat' dir='ltr'>essortati</span> <span class='ocrx_word' id='word_1_82' title='bbox 1322 1411 1367 1473; x_wconf 89' lang='lat' dir='ltr'>da</span> 
     </span>
     <span class='ocr_line' id='line_1_10' title="bbox 132 1515 1368 1598; baseline -0.002 -18"><span class='ocrx_word' id='word_1_83' title='bbox 132 1520 270 1598; x_wconf 82' lang='lat' dir='ltr'>quellO,</span> <span class='ocrx_word' id='word_1_84' title='bbox 287 1529 322 1581; x_wconf 95' lang='lat' dir='ltr'>et</span> <span class='ocrx_word' id='word_1_85' title='bbox 336 1520 366 1582; x_wconf 93' lang='lat' dir='ltr'>si</span> <span class='ocrx_word' id='word_1_86' title='bbox 381 1519 553 1582; x_wconf 87' lang='lat' dir='ltr'>riducono</span> <span class='ocrx_word' id='word_1_87' title='bbox 574 1537 595 1582; x_wconf 91' lang='lat' dir='ltr'>a</span> <span class='ocrx_word' id='word_1_88' title='bbox 614 1519 688 1582; x_wconf 90' lang='lat' dir='ltr'>vita</span> <span class='ocrx_word' id='word_1_89' title='bbox 705 1519 853 1581; x_wconf 87' lang='lat' dir='ltr'>honesta</span> <span class='ocrx_word' id='word_1_90' title='bbox 875 1525 910 1580; x_wconf 91' lang='lat' dir='ltr'>et</span> <span class='ocrx_word' id='word_1_91' title='bbox 932 1526 1045 1580; x_wconf 85' lang='lat' dir='ltr'>santa.</span> <span class='ocrx_word' id='word_1_92' title='bbox 1063 1515 1110 1579; x_wconf 93' lang='lat' dir='ltr'>Di</span> <span class='ocrx_word' id='word_1_93' title='bbox 1131 1515 1237 1578; x_wconf 89' lang='lat' dir='ltr'>modo</span> <span class='ocrx_word' id='word_1_94' title='bbox 1259 1516 1324 1579; x_wconf 89' lang='lat' dir='ltr'>che</span> <span class='ocrx_word' id='word_1_95' title='bbox 1343 1516 1368 1578; x_wconf 91' lang='lat' dir='ltr'>il</span> 
     </span>
     <span class='ocr_line' id='line_1_11' title="bbox 133 1623 1367 1702; baseline -0.001 -16"><span class='ocrx_word' id='word_1_96' title='bbox 133 1641 289 1688; x_wconf 90' lang='lat' dir='ltr'>numero</span> <span class='ocrx_word' id='word_1_97' title='bbox 317 1626 360 1688; x_wconf 93' lang='lat' dir='ltr'>de</span> <span class='ocrx_word' id='word_1_98' title='bbox 386 1626 398 1687; x_wconf 94' lang='lat' dir='ltr'>i</span> <span class='ocrx_word' id='word_1_99' title='bbox 417 1626 524 1688; x_wconf 93' lang='lat' dir='ltr'>buoni</span> <span class='ocrx_word' id='word_1_100' title='bbox 549 1642 670 1688; x_wconf 87' lang='lat' dir='ltr'>cresce</span> <span class='ocrx_word' id='word_1_101' title='bbox 692 1625 948 1688; x_wconf 87' lang='lat' dir='ltr'>mirabilntente</span> <span class='ocrx_word' id='word_1_102' title='bbox 974 1624 1010 1686; x_wconf 90' lang='lat' dir='ltr'>in</span> <span class='ocrx_word' id='word_1_103' title='bbox 1032 1639 1179 1686; x_wconf 90' lang='lat' dir='ltr'>numero</span> <span class='ocrx_word' id='word_1_104' title='bbox 1202 1632 1236 1686; x_wconf 90' lang='lat' dir='ltr'>et</span> <span class='ocrx_word' id='word_1_105' title='bbox 1258 1623 1367 1702; x_wconf 84' lang='lat' dir='ltr'>perse·</span> 
     </span>
     <span class='ocr_line' id='line_1_12' title="bbox 136 1732 271 1796; baseline -0.015 -2"><span class='ocrx_word' id='word_1_106' title='bbox 136 1732 271 1796; x_wconf 90' lang='lat' dir='ltr'>ctione.</span> 
     </span>
    </p>

    <p class='ocr_par' dir='ltr' id='par_1_4' title="bbox 121 1837 1369 4686">
     <span class='ocr_line' id='line_1_13' title="bbox 199 1837 1365 1920; baseline -0.003 -18"><span class='ocrx_word' id='word_1_107' title='bbox 199 1839 292 1920; x_wconf 88' lang='lat' dir='ltr'>Quei</span> <span class='ocrx_word' id='word_1_108' title='bbox 320 1840 386 1902; x_wconf 89' lang='lat' dir='ltr'>che</span> <span class='ocrx_word' id='word_1_109' title='bbox 415 1840 500 1918; x_wconf 89' lang='lat' dir='ltr'>ogni</span> <span class='ocrx_word' id='word_1_110' title='bbox 527 1849 601 1902; x_wconf 93' lang='lat' dir='ltr'>otto</span> <span class='ocrx_word' id='word_1_111' title='bbox 627 1838 744 1917; x_wconf 84' lang='lat' dir='ltr'>giomi</span> <span class='ocrx_word' id='word_1_112' title='bbox 770 1839 800 1901; x_wconf 93' lang='lat' dir='ltr'>si</span> <span class='ocrx_word' id='word_1_113' title='bbox 826 1839 1096 1904; x_wconf 87' lang='lat' dir='ltr'>consessanoet</span> <span class='ocrx_word' id='word_1_114' title='bbox 1120 1837 1365 1912; x_wconf 85' lang='lat' dir='ltr'>comunican0‚</span> 
     </span>
     <span class='ocr_line' id='line_1_14' title="bbox 134 1943 1364 2023; baseline -0.002 -14"><span class='ocrx_word' id='word_1_115' title='bbox 134 1963 255 2010; x_wconf 89' lang='lat' dir='ltr'>sonno</span> <span class='ocrx_word' id='word_1_116' title='bbox 281 1950 376 2009; x_wconf 87' lang='lat' dir='ltr'>iorse</span> <span class='ocrx_word' id='word_1_117' title='bbox 391 1958 506 2010; x_wconf 86' lang='lat' dir='ltr'>cento.</span> <span class='ocrx_word' id='word_1_118' title='bbox 529 1945 586 2009; x_wconf 89' lang='lat' dir='ltr'>Ma</span> <span class='ocrx_word' id='word_1_119' title='bbox 608 1947 639 2008; x_wconf 90' lang='lat' dir='ltr'>le</span> <span class='ocrx_word' id='word_1_120' title='bbox 660 1946 749 2008; x_wconf 82' lang='lat' dir='ltr'>feste</span> <span class='ocrx_word' id='word_1_121' title='bbox 770 1945 918 2008; x_wconf 88' lang='lat' dir='ltr'>solemni</span> <span class='ocrx_word' id='word_1_122' title='bbox 940 1946 1034 2008; x_wconf 89' lang='lat' dir='ltr'>circa</span> <span class='ocrx_word' id='word_1_123' title='bbox 1061 1944 1128 2023; x_wconf 84' lang='lat'>150,</span> <span class='ocrx_word' id='word_1_124' title='bbox 1154 1962 1174 2006; x_wconf 94' lang='lat' dir='ltr'>o</span> <span class='ocrx_word' id='word_1_125' title='bbox 1197 1947 1270 2008; x_wconf 90' lang='lat' dir='ltr'>uer’</span> <span class='ocrx_word' id='word_1_126' title='bbox 1293 1943 1364 2007; x_wconf 88' lang='lat'>200.</span> 
     </span>
     <span class='ocr_line' id='line_1_15' title="bbox 134 2051 1368 2133; baseline -0.003 -17"><span class='ocrx_word' id='word_1_127' title='bbox 134 2052 288 2117; x_wconf 90' lang='lat' dir='ltr'>Accade</span> <span class='ocrx_word' id='word_1_128' title='bbox 310 2054 423 2116; x_wconf 85' lang='lat' dir='ltr'>anche</span> <span class='ocrx_word' id='word_1_129' title='bbox 445 2057 478 2117; x_wconf 88' lang='lat' dir='ltr'>al</span> <span class='ocrx_word' id='word_1_130' title='bbox 498 2069 621 2133; x_wconf 90' lang='lat' dir='ltr'>spesso</span> <span class='ocrx_word' id='word_1_131' title='bbox 641 2052 707 2115; x_wconf 88' lang='lat' dir='ltr'>che</span> <span class='ocrx_word' id='word_1_132' title='bbox 729 2053 855 2116; x_wconf 87' lang='lat' dir='ltr'>alcuue</span> <span class='ocrx_word' id='word_1_133' title='bbox 876 2052 1091 2116; x_wconf 89' lang='lat' dir='ltr'>nobilissime</span> <span class='ocrx_word' id='word_1_134' title='bbox 1114 2051 1240 2128; x_wconf 79' lang='lat' dir='ltr'>donne,</span> <span class='ocrx_word' id='word_1_135' title='bbox 1267 2053 1368 2114; x_wconf 89' lang='lat' dir='ltr'>baro·</span> 
     </span>
     <span class='ocr_line' id='line_1_16' title="bbox 133 2157 1368 2240; baseline -0.001 -18"><span class='ocrx_word' id='word_1_136' title='bbox 133 2177 244 2224; x_wconf 85' lang='lat' dir='ltr'>nesse</span> <span class='ocrx_word' id='word_1_137' title='bbox 257 2169 292 2222; x_wconf 87' lang='lat' dir='ltr'>et</span> <span class='ocrx_word' id='word_1_138' title='bbox 304 2161 458 2240; x_wconf 89' lang='lat' dir='ltr'>signore,</span> <span class='ocrx_word' id='word_1_139' title='bbox 472 2161 590 2224; x_wconf 88' lang='lat' dir='ltr'>accesi</span> <span class='ocrx_word' id='word_1_140' title='bbox 602 2170 636 2223; x_wconf 89' lang='lat' dir='ltr'>et</span> <span class='ocrx_word' id='word_1_141' title='bbox 645 2159 850 2223; x_wconf 83' lang='lat' dir='ltr'>inflammati</span> <span class='ocrx_word' id='word_1_142' title='bbox 860 2159 916 2222; x_wconf 89' lang='lat' dir='ltr'>del</span> <span class='ocrx_word' id='word_1_143' title='bbox 927 2177 1027 2222; x_wconf 89' lang='lat' dir='ltr'>amor</span> <span class='ocrx_word' id='word_1_144' title='bbox 1036 2159 1079 2222; x_wconf 90' lang='lat' dir='ltr'>de</span> <span class='ocrx_word' id='word_1_145' title='bbox 1090 2157 1200 2236; x_wconf 84' lang='lat' dir='ltr'>iddio,</span> <span class='ocrx_word' id='word_1_146' title='bbox 1216 2159 1368 2238; x_wconf 88' lang='lat' dir='ltr'>disprez·</span> 
     </span>
     <span class='ocr_line' id='line_1_17' title="bbox 134 2266 1367 2348; baseline -0.001 -18"><span class='ocrx_word' id='word_1_147' title='bbox 134 2285 232 2332; x_wconf 85' lang='lat' dir='ltr'>zano</span> <span class='ocrx_word' id='word_1_148' title='bbox 253 2268 288 2330; x_wconf 88' lang='lat' dir='ltr'>la</span> <span class='ocrx_word' id='word_1_149' title='bbox 307 2285 370 2330; x_wconf 87' lang='lat' dir='ltr'>sua</span> <span class='ocrx_word' id='word_1_150' title='bbox 390 2269 602 2346; x_wconf 84' lang='lat' dir='ltr'>grandezza,</span> <span class='ocrx_word' id='word_1_151' title='bbox 624 2268 782 2331; x_wconf 88' lang='lat' dir='ltr'>lasciano</span> <span class='ocrx_word' id='word_1_152' title='bbox 804 2269 855 2348; x_wconf 93' lang='lat' dir='ltr'>gli</span> <span class='ocrx_word' id='word_1_153' title='bbox 876 2267 1074 2330; x_wconf 90' lang='lat' dir='ltr'>ornamenti</span> <span class='ocrx_word' id='word_1_154' title='bbox 1096 2266 1152 2329; x_wconf 89' lang='lat' dir='ltr'>del</span> <span class='ocrx_word' id='word_1_155' title='bbox 1174 2283 1294 2346; x_wconf 89' lang='lat' dir='ltr'>corpo,</span> <span class='ocrx_word' id='word_1_156' title='bbox 1317 2266 1367 2329; x_wconf 84' lang='lat' dir='ltr'>fu-</span> 
     </span>
     <span class='ocr_line' id='line_1_18' title="bbox 132 2373 1365 2454; baseline -0.001 -17"><span class='ocrx_word' id='word_1_157' title='bbox 132 2391 235 2452; x_wconf 86' lang='lat' dir='ltr'>gono</span> <span class='ocrx_word' id='word_1_158' title='bbox 251 2373 303 2454; x_wconf 91' lang='lat' dir='ltr'>gli</span> <span class='ocrx_word' id='word_1_159' title='bbox 317 2375 452 2454; x_wconf 86' lang='lat' dir='ltr'>piaceri</span> <span class='ocrx_word' id='word_1_160' title='bbox 467 2384 500 2437; x_wconf 90' lang='lat' dir='ltr'>et</span> <span class='ocrx_word' id='word_1_161' title='bbox 515 2393 553 2437; x_wconf 90' lang='lat' dir='ltr'>se</span> <span class='ocrx_word' id='word_1_162' title='bbox 568 2376 686 2438; x_wconf 88' lang='lat' dir='ltr'>danno</span> <span class='ocrx_word' id='word_1_163' title='bbox 704 2394 721 2438; x_wconf 87' lang='lat' dir='ltr'>a</span> <span class='ocrx_word' id='word_1_164' title='bbox 738 2373 846 2438; x_wconf 81' lang='lat' dir='ltr'>ludio.</span> <span class='ocrx_word' id='word_1_165' title='bbox 868 2375 1005 2437; x_wconf 90' lang='lat' dir='ltr'>Alcune</span> <span class='ocrx_word' id='word_1_166' title='bbox 1026 2374 1134 2436; x_wconf 77' lang='lat' dir='ltr'>fanno</span> <span class='ocrx_word' id='word_1_167' title='bbox 1155 2373 1365 2436; x_wconf 74' lang='lat' dir='ltr'>confession</span> 
     </span>
     <span class='ocr_line' id='line_1_19' title="bbox 131 2481 1367 2562; baseline -0.001 -17"><span class='ocrx_word' id='word_1_168' title='bbox 131 2482 311 2562; x_wconf 86' lang='lat' dir='ltr'>generale</span> <span class='ocrx_word' id='word_1_169' title='bbox 324 2491 358 2544; x_wconf 90' lang='lat' dir='ltr'>et</span> <span class='ocrx_word' id='word_1_170' title='bbox 373 2499 487 2544; x_wconf 88' lang='lat' dir='ltr'>sonno</span> <span class='ocrx_word' id='word_1_171' title='bbox 503 2484 609 2544; x_wconf 89' lang='lat' dir='ltr'>molte</span> <span class='ocrx_word' id='word_1_172' title='bbox 626 2482 828 2544; x_wconf 89' lang='lat' dir='ltr'>desiderose</span> <span class='ocrx_word' id='word_1_173' title='bbox 850 2481 942 2544; x_wconf 86' lang='lat' dir='ltr'>della</span> <span class='ocrx_word' id='word_1_174' title='bbox 964 2499 1053 2561; x_wconf 90' lang='lat' dir='ltr'>pura</span> <span class='ocrx_word' id='word_1_175' title='bbox 1076 2481 1297 2544; x_wconf 85' lang='lat' dir='ltr'>conscienza.</span> <span class='ocrx_word' id='word_1_176' title='bbox 1311 2481 1367 2544; x_wconf 87' lang='lat' dir='ltr'>Ad</span> 
     </span>
     <span class='ocr_line' id='line_1_20' title="bbox 136 2587 1369 2669; baseline -0.002 -17"><span class='ocrx_word' id='word_1_177' title='bbox 136 2591 272 2652; x_wconf 86' lang='lat' dir='ltr'>alcune</span> <span class='ocrx_word' id='word_1_178' title='bbox 287 2587 321 2650; x_wconf 82' lang='lat' dir='ltr'>tii</span> <span class='ocrx_word' id='word_1_179' title='bbox 336 2600 459 2668; x_wconf 85' lang='lat' dir='ltr'>queste</span> <span class='ocrx_word' id='word_1_180' title='bbox 475 2605 512 2650; x_wconf 88' lang='lat' dir='ltr'>se</span> <span class='ocrx_word' id='word_1_181' title='bbox 527 2589 577 2667; x_wconf 85' lang='lat' dir='ltr'>gli</span> <span class='ocrx_word' id='word_1_182' title='bbox 592 2588 709 2651; x_wconf 87' lang='lat' dir='ltr'>danno</span> <span class='ocrx_word' id='word_1_183' title='bbox 724 2590 775 2669; x_wconf 85' lang='lat' dir='ltr'>gli</span> <span class='ocrx_word' id='word_1_184' title='bbox 796 2588 970 2652; x_wconf 88' lang='lat' dir='ltr'>essercitii</span> <span class='ocrx_word' id='word_1_185' title='bbox 981 2589 1168 2668; x_wconf 84' lang='lat' dir='ltr'>spirituali,</span> <span class='ocrx_word' id='word_1_186' title='bbox 1193 2587 1252 2650; x_wconf 88' lang='lat' dir='ltr'>alli</span> <span class='ocrx_word' id='word_1_187' title='bbox 1273 2589 1369 2669; x_wconf 87' lang='lat' dir='ltr'>quali</span> 
     </span>
     <span class='ocr_line' id='line_1_21' title="bbox 134 2695 1368 2774; baseline 0 -16"><span class='ocrx_word' id='word_1_188' title='bbox 134 2699 216 2759; x_wconf 91' lang='lat' dir='ltr'>loro</span> <span class='ocrx_word' id='word_1_189' title='bbox 243 2696 438 2759; x_wconf 84' lang='lat' dir='ltr'>attendono</span> <span class='ocrx_word' id='word_1_190' title='bbox 458 2695 857 2774; x_wconf 88' lang='lat' dir='ltr'>diligentissimamente.</span> <span class='ocrx_word' id='word_1_191' title='bbox 882 2695 1001 2759; x_wconf 91' lang='lat' dir='ltr'>Sonno</span> <span class='ocrx_word' id='word_1_192' title='bbox 1023 2696 1179 2758; x_wconf 81' lang='lat' dir='ltr'>anchora</span> <span class='ocrx_word' id='word_1_193' title='bbox 1201 2698 1290 2758; x_wconf 89' lang='lat' dir='ltr'>altre</span> <span class='ocrx_word' id='word_1_194' title='bbox 1312 2712 1368 2759; x_wconf 90' lang='lat' dir='ltr'>ue·</span> 
     </span>
     <span class='ocr_line' id='line_1_22' title="bbox 134 2789 1368 2882; baseline 0 -18"><span class='ocrx_word' id='word_1_195' title='bbox 134 2789 243 2882; x_wconf 89' lang='lat' dir='ltr'>doue‚</span> <span class='ocrx_word' id='word_1_196' title='bbox 274 2802 338 2865; x_wconf 89' lang='lat' dir='ltr'>che</span> <span class='ocrx_word' id='word_1_197' title='bbox 358 2803 564 2865; x_wconf 90' lang='lat' dir='ltr'>totalmente</span> <span class='ocrx_word' id='word_1_198' title='bbox 587 2819 625 2864; x_wconf 90' lang='lat' dir='ltr'>se</span> <span class='ocrx_word' id='word_1_199' title='bbox 644 2819 758 2866; x_wconf 91' lang='lat' dir='ltr'>sonno</span> <span class='ocrx_word' id='word_1_200' title='bbox 785 2803 945 2866; x_wconf 88' lang='lat' dir='ltr'>dedicate</span> <span class='ocrx_word' id='word_1_201' title='bbox 967 2821 988 2866; x_wconf 92' lang='lat' dir='ltr'>a</span> <span class='ocrx_word' id='word_1_202' title='bbox 1010 2802 1164 2879; x_wconf 86' lang='lat' dir='ltr'>Christ0,</span> <span class='ocrx_word' id='word_1_203' title='bbox 1188 2802 1368 2882; x_wconf 88' lang='lat' dir='ltr'>pigliando</span> 
     </span>
     <span class='ocr_line' id='line_1_23' title="bbox 131 2889 1368 2990; baseline -0.002 -16"><span class='ocrx_word' id='word_1_204' title='bbox 131 2911 263 2974; x_wconf 71' lang='lat' dir='ltr'>habito</span> <span class='ocrx_word' id='word_1_205' title='bbox 278 2910 489 2988; x_wconf 83' lang='lat' dir='ltr'>monastico,</span> <span class='ocrx_word' id='word_1_206' title='bbox 507 2911 539 2972; x_wconf 91' lang='lat' dir='ltr'>le</span> <span class='ocrx_word' id='word_1_207' title='bbox 554 2911 649 2990; x_wconf 91' lang='lat' dir='ltr'>quali</span> <span class='ocrx_word' id='word_1_208' title='bbox 665 2889 753 2973; x_wconf 78' lang='lat' dir='ltr'>hora</span> <span class='ocrx_word' id='word_1_209' title='bbox 769 2911 886 2973; x_wconf 92' lang='lat' dir='ltr'>danno</span> <span class='ocrx_word' id='word_1_210' title='bbox 903 2929 923 2972; x_wconf 92' lang='lat' dir='ltr'>a</span> <span class='ocrx_word' id='word_1_211' title='bbox 944 2911 1024 2973; x_wconf 91' lang='lat' dir='ltr'>tutti</span> <span class='ocrx_word' id='word_1_212' title='bbox 1045 2911 1225 2990; x_wconf 85' lang='lat' dir='ltr'>singulare</span> <span class='ocrx_word' id='word_1_213' title='bbox 1240 2927 1368 2972; x_wconf 90' lang='lat' dir='ltr'>essem·</span> 
     </span>
     <span class='ocr_line' id='line_1_24' title="bbox 133 3017 1365 3098; baseline -0.002 -16"><span class='ocrx_word' id='word_1_214' title='bbox 133 3018 196 3098; x_wconf 90' lang='lat' dir='ltr'>pio</span> <span class='ocrx_word' id='word_1_215' title='bbox 212 3017 251 3080; x_wconf 90' lang='lat' dir='ltr'>di</span> <span class='ocrx_word' id='word_1_216' title='bbox 266 3017 384 3080; x_wconf 78' lang='lat' dir='ltr'>bonta.</span> <span class='ocrx_word' id='word_1_217' title='bbox 403 3017 460 3080; x_wconf 87' lang='lat' dir='ltr'>Ma</span> <span class='ocrx_word' id='word_1_218' title='bbox 477 3017 541 3080; x_wconf 93' lang='lat' dir='ltr'>che</span> <span class='ocrx_word' id='word_1_219' title='bbox 556 3017 652 3081; x_wconf 85' lang='lat' dir='ltr'>dirro</span> <span class='ocrx_word' id='word_1_220' title='bbox 667 3018 758 3080; x_wconf 87' lang='lat' dir='ltr'>della</span> <span class='ocrx_word' id='word_1_221' title='bbox 774 3018 976 3098; x_wconf 85' lang='lat' dir='ltr'>frequenza,</span> <span class='ocrx_word' id='word_1_222' title='bbox 994 3019 1122 3098; x_wconf 72' lang='lat' dir='ltr'>perita,</span> <span class='ocrx_word' id='word_1_223' title='bbox 1140 3028 1175 3080; x_wconf 90' lang='lat' dir='ltr'>et</span> <span class='ocrx_word' id='word_1_224' title='bbox 1189 3017 1365 3098; x_wconf 88' lang='lat' dir='ltr'>splendor¹</span> 
     </span>
     <span class='ocr_line' id='line_1_25' title="bbox 134 3124 1369 3205; baseline -0.001 -17"><span class='ocrx_word' id='word_1_225' title='bbox 134 3125 180 3188; x_wconf 91' lang='lat' dir='ltr'>de</span> <span class='ocrx_word' id='word_1_226' title='bbox 203 3129 311 3187; x_wconf 75' lang='lat' dir='ltr'>verriu</span> <span class='ocrx_word' id='word_1_227' title='bbox 331 3124 420 3188; x_wconf 88' lang='lat' dir='ltr'>delle</span> <span class='ocrx_word' id='word_1_228' title='bbox 440 3125 592 3203; x_wconf 89' lang='lat' dir='ltr'>vergini‚</span> <span class='ocrx_word' id='word_1_229' title='bbox 614 3125 679 3188; x_wconf 89' lang='lat' dir='ltr'>che</span> <span class='ocrx_word' id='word_1_230' title='bbox 700 3129 758 3204; x_wconf 91' lang='lat' dir='ltr'>qui</span> <span class='ocrx_word' id='word_1_231' title='bbox 774 3126 1017 3189; x_wconf 86' lang='lat' dir='ltr'>concorrono?</span> <span class='ocrx_word' id='word_1_232' title='bbox 1032 3133 1130 3188; x_wconf 90' lang='lat' dir='ltr'>certo</span> <span class='ocrx_word' id='word_1_233' title='bbox 1145 3126 1196 3205; x_wconf 89' lang='lat' dir='ltr'>gli</span> <span class='ocrx_word' id='word_1_234' title='bbox 1211 3125 1318 3188; x_wconf 90' lang='lat' dir='ltr'>animi</span> <span class='ocrx_word' id='word_1_235' title='bbox 1333 3135 1369 3188; x_wconf 90' lang='lat' dir='ltr'>et</span> 
     </span>
     <span class='ocr_line' id='line_1_26' title="bbox 134 3230 1368 3312; baseline -0.001 -17"><span class='ocrx_word' id='word_1_236' title='bbox 134 3232 222 3296; x_wconf 90' lang='lat' dir='ltr'>ochi</span> <span class='ocrx_word' id='word_1_237' title='bbox 237 3230 275 3293; x_wconf 92' lang='lat' dir='ltr'>di</span> <span class='ocrx_word' id='word_1_238' title='bbox 291 3231 458 3294; x_wconf 86' lang='lat' dir='ltr'>ciascuno</span> <span class='ocrx_word' id='word_1_239' title='bbox 484 3231 519 3294; x_wconf 92' lang='lat' dir='ltr'>in</span> <span class='ocrx_word' id='word_1_240' title='bbox 545 3231 777 3295; x_wconf 82' lang='lat' dir='ltr'>admiratione</span> <span class='ocrx_word' id='word_1_241' title='bbox 792 3232 828 3294; x_wconf 92' lang='lat' dir='ltr'>di</span> <span class='ocrx_word' id='word_1_242' title='bbox 848 3250 886 3295; x_wconf 89' lang='lat' dir='ltr'>se</span> <span class='ocrx_word' id='word_1_243' title='bbox 909 3245 1139 3295; x_wconf 87' lang='lat' dir='ltr'>converton0.</span> <span class='ocrx_word' id='word_1_244' title='bbox 1163 3231 1368 3312; x_wconf 85' lang='lat' dir='ltr'>lniperoche</span> 
     </span>
     <span class='ocr_line' id='line_1_27' title="bbox 134 3337 1368 3420; baseline 0.001 -19"><span class='ocrx_word' id='word_1_245' title='bbox 134 3339 306 3418; x_wconf 87' lang='lat' dir='ltr'>sogliono</span> <span class='ocrx_word' id='word_1_246' title='bbox 323 3339 354 3400; x_wconf 89' lang='lat' dir='ltr'>le</span> <span class='ocrx_word' id='word_1_247' title='bbox 370 3339 458 3400; x_wconf 92' lang='lat' dir='ltr'>altre</span> <span class='ocrx_word' id='word_1_248' title='bbox 474 3340 531 3400; x_wconf 90' lang='lat' dir='ltr'>nel</span> <span class='ocrx_word' id='word_1_249' title='bbox 546 3337 611 3401; x_wconf 91' lang='lat' dir='ltr'>fior</span> <span class='ocrx_word' id='word_1_250' title='bbox 627 3339 717 3401; x_wconf 90' lang='lat' dir='ltr'>della</span> <span class='ocrx_word' id='word_1_251' title='bbox 733 3356 798 3402; x_wconf 89' lang='lat' dir='ltr'>sua</span> <span class='ocrx_word' id='word_1_252' title='bbox 814 3340 981 3418; x_wconf 81' lang='lat' dir='ltr'>giouentlr</span> <span class='ocrx_word' id='word_1_253' title='bbox 998 3340 1094 3403; x_wconf 88' lang='lat' dir='ltr'>darsi</span> <span class='ocrx_word' id='word_1_254' title='bbox 1107 3340 1178 3418; x_wconf 85' lang='lat' dir='ltr'>agli</span> <span class='ocrx_word' id='word_1_255' title='bbox 1190 3340 1322 3420; x_wconf 88' lang='lat' dir='ltr'>piaceri</span> <span class='ocrx_word' id='word_1_256' title='bbox 1334 3351 1368 3402; x_wconf 89' lang='lat' dir='ltr'>et</span> 
     </span>
     <span class='ocr_line' id='line_1_28' title="bbox 136 3443 1367 3526; baseline 0.002 -18"><span class='ocrx_word' id='word_1_257' title='bbox 136 3443 288 3522; x_wconf 88' lang='lat' dir='ltr'>solazzi,</span> <span class='ocrx_word' id='word_1_258' title='bbox 305 3452 339 3506; x_wconf 90' lang='lat' dir='ltr'>et</span> <span class='ocrx_word' id='word_1_259' title='bbox 353 3456 476 3524; x_wconf 87' lang='lat' dir='ltr'>queste</span> <span class='ocrx_word' id='word_1_260' title='bbox 502 3446 587 3508; x_wconf 92' lang='lat' dir='ltr'>niun</span> <span class='ocrx_word' id='word_1_261' title='bbox 614 3446 672 3524; x_wconf 83' lang='lat' dir='ltr'>piit</span> <span class='ocrx_word' id='word_1_262' title='bbox 698 3445 799 3508; x_wconf 89' lang='lat' dir='ltr'>dolce</span> <span class='ocrx_word' id='word_1_263' title='bbox 824 3447 945 3526; x_wconf 84' lang='lat' dir='ltr'>placer</span> <span class='ocrx_word' id='word_1_264' title='bbox 969 3457 1118 3510; x_wconf 91' lang='lat' dir='ltr'>sentono</span> <span class='ocrx_word' id='word_1_265' title='bbox 1141 3448 1206 3510; x_wconf 86' lang='lat' dir='ltr'>che</span> <span class='ocrx_word' id='word_1_266' title='bbox 1225 3449 1311 3509; x_wconf 84' lang='lat' dir='ltr'>star&#39;</span> <span class='ocrx_word' id='word_1_267' title='bbox 1332 3447 1367 3510; x_wconf 92' lang='lat' dir='ltr'>in</span> 
     </span>
     <span class='ocr_line' id='line_1_29' title="bbox 134 3552 1369 3634; baseline 0.001 -18"><span class='ocrx_word' id='word_1_268' title='bbox 134 3553 265 3616; x_wconf 85' lang='lat' dir='ltr'>chiesa</span> <span class='ocrx_word' id='word_1_269' title='bbox 288 3552 347 3614; x_wconf 87' lang='lat' dir='ltr'>alli</span> <span class='ocrx_word' id='word_1_270' title='bbox 367 3553 461 3615; x_wconf 85' lang='lat' dir='ltr'>santi</span> <span class='ocrx_word' id='word_1_271' title='bbox 484 3553 589 3616; x_wconf 87' lang='lat' dir='ltr'>officii</span> <span class='ocrx_word' id='word_1_272' title='bbox 611 3563 645 3615; x_wconf 92' lang='lat' dir='ltr'>et</span> <span class='ocrx_word' id='word_1_273' title='bbox 666 3554 852 3632; x_wconf 89' lang='lat' dir='ltr'>essercitii‚</span> <span class='ocrx_word' id='word_1_274' title='bbox 874 3563 908 3616; x_wconf 90' lang='lat' dir='ltr'>et</span> <span class='ocrx_word' id='word_1_275' title='bbox 927 3553 1022 3634; x_wconf 84' lang='lat' dir='ltr'>fugir</span> <span class='ocrx_word' id='word_1_276' title='bbox 1043 3558 1076 3617; x_wconf 87' lang='lat' dir='ltr'>la</span> <span class='ocrx_word' id='word_1_277' title='bbox 1097 3555 1205 3617; x_wconf 80' lang='lat' dir='ltr'>sedita</span> <span class='ocrx_word' id='word_1_278' title='bbox 1226 3554 1269 3616; x_wconf 91' lang='lat' dir='ltr'>de</span> <span class='ocrx_word' id='word_1_279' title='bbox 1293 3555 1369 3617; x_wconf 90' lang='lat' dir='ltr'>vitii</span> 
     </span>
     <span class='ocr_line' id='line_1_30' title="bbox 135 3659 1368 3742; baseline 0.001 -19"><span class='ocrx_word' id='word_1_280' title='bbox 135 3675 242 3723; x_wconf 91' lang='lat' dir='ltr'>come</span> <span class='ocrx_word' id='word_1_281' title='bbox 268 3675 351 3720; x_wconf 88' lang='lat' dir='ltr'>esca</span> <span class='ocrx_word' id='word_1_282' title='bbox 369 3659 405 3722; x_wconf 90' lang='lat' dir='ltr'>di</span> <span class='ocrx_word' id='word_1_283' title='bbox 426 3661 510 3738; x_wconf 89' lang='lat' dir='ltr'>ogni</span> <span class='ocrx_word' id='word_1_284' title='bbox 531 3659 751 3723; x_wconf 87' lang='lat' dir='ltr'>immunditia</span> <span class='ocrx_word' id='word_1_285' title='bbox 769 3670 802 3722; x_wconf 91' lang='lat' dir='ltr'>et</span> <span class='ocrx_word' id='word_1_286' title='bbox 818 3661 973 3725; x_wconf 86' lang='lat' dir='ltr'>tristitia.</span> <span class='ocrx_word' id='word_1_287' title='bbox 995 3661 1063 3725; x_wconf 85' lang='lat' dir='ltr'>Per</span> <span class='ocrx_word' id='word_1_288' title='bbox 1082 3663 1114 3723; x_wconf 91' lang='lat' dir='ltr'>la</span> <span class='ocrx_word' id='word_1_289' title='bbox 1137 3662 1219 3742; x_wconf 86' lang='lat' dir='ltr'>qual</span> <span class='ocrx_word' id='word_1_290' title='bbox 1234 3679 1319 3724; x_wconf 87' lang='lat' dir='ltr'>cosa</span> <span class='ocrx_word' id='word_1_291' title='bbox 1334 3663 1368 3724; x_wconf 85' lang='lat' dir='ltr'>la</span> 
     </span>
     <span class='ocr_line' id='line_1_31' title="bbox 135 3765 1368 3849; baseline 0.002 -19"><span class='ocrx_word' id='word_1_292' title='bbox 135 3765 405 3832; x_wconf 86' lang='lat' dir='ltr'>conuersation&#39;</span> <span class='ocrx_word' id='word_1_293' title='bbox 416 3768 491 3829; x_wconf 94' lang='lat' dir='ltr'>loro</span> <span class='ocrx_word' id='word_1_294' title='bbox 502 3783 574 3830; x_wconf 90' lang='lat' dir='ltr'>non</span> <span class='ocrx_word' id='word_1_295' title='bbox 586 3766 742 3830; x_wconf 87' lang='lat' dir='ltr'>humana</span> <span class='ocrx_word' id='word_1_296' title='bbox 753 3783 811 3830; x_wconf 87' lang='lat' dir='ltr'>ma</span> <span class='ocrx_word' id='word_1_297' title='bbox 824 3769 986 3846; x_wconf 86' lang='lat' dir='ltr'>angelica</span> <span class='ocrx_word' id='word_1_298' title='bbox 999 3786 1145 3849; x_wconf 86' lang='lat' dir='ltr'>appare.</span> <span class='ocrx_word' id='word_1_299' title='bbox 1155 3768 1253 3832; x_wconf 89' lang='lat' dir='ltr'>Oltra</span> <span class='ocrx_word' id='word_1_300' title='bbox 1266 3769 1368 3832; x_wconf 85' lang='lat' dir='ltr'>dicio</span> 
     </span>
     <span class='ocr_line' id='line_1_32' title="bbox 121 3873 1368 3952; baseline 0 -14"><span class='ocrx_word' id='word_1_301' title='bbox 121 3874 223 3938; x_wconf 90' lang='lat' dir='ltr'>&#39;tutti</span> <span class='ocrx_word' id='word_1_302' title='bbox 243 3873 359 3951; x_wconf 88' lang='lat' dir='ltr'>questi</span> <span class='ocrx_word' id='word_1_303' title='bbox 380 3873 498 3936; x_wconf 88' lang='lat' dir='ltr'>deuoti</span> <span class='ocrx_word' id='word_1_304' title='bbox 518 3883 552 3936; x_wconf 89' lang='lat' dir='ltr'>et</span> <span class='ocrx_word' id='word_1_305' title='bbox 573 3873 711 3952; x_wconf 86' lang='lat' dir='ltr'>deuote,</span> <span class='ocrx_word' id='word_1_306' title='bbox 733 3875 797 3937; x_wconf 90' lang='lat' dir='ltr'>che</span> <span class='ocrx_word' id='word_1_307' title='bbox 816 3875 1005 3937; x_wconf 87' lang='lat' dir='ltr'>habbiamo</span> <span class='ocrx_word' id='word_1_308' title='bbox 1020 3885 1177 3952; x_wconf 88' lang='lat' dir='ltr'>narrat0,</span> <span class='ocrx_word' id='word_1_309' title='bbox 1202 3893 1272 3938; x_wconf 91' lang='lat' dir='ltr'>non</span> <span class='ocrx_word' id='word_1_310' title='bbox 1293 3877 1368 3938; x_wconf 92' lang='lat' dir='ltr'>solo</span> 
     </span>
     <span class='ocr_line' id='line_1_33' title="bbox 134 3978 1368 4060; baseline 0.002 -16"><span class='ocrx_word' id='word_1_311' title='bbox 134 3978 335 4044; x_wconf 87' lang='lat' dir='ltr'>attendono</span> <span class='ocrx_word' id='word_1_312' title='bbox 350 3981 419 4042; x_wconf 85' lang='lat' dir='ltr'>alla</span> <span class='ocrx_word' id='word_1_313' title='bbox 435 3981 549 4043; x_wconf 86' lang='lat' dir='ltr'>salute</span> <span class='ocrx_word' id='word_1_314' title='bbox 564 3997 629 4043; x_wconf 86' lang='lat' dir='ltr'>sua</span> <span class='ocrx_word' id='word_1_315' title='bbox 643 3981 797 4060; x_wconf 87' lang='lat' dir='ltr'>priuata,</span> <span class='ocrx_word' id='word_1_316' title='bbox 815 3999 872 4044; x_wconf 89' lang='lat' dir='ltr'>ma</span> <span class='ocrx_word' id='word_1_317' title='bbox 888 3982 1002 4044; x_wconf 89' lang='lat' dir='ltr'>anche</span> <span class='ocrx_word' id='word_1_318' title='bbox 1018 3981 1053 4044; x_wconf 88' lang='lat' dir='ltr'>di</span> <span class='ocrx_word' id='word_1_319' title='bbox 1074 3984 1241 4046; x_wconf 90' lang='lat' dir='ltr'>continuo</span> <span class='ocrx_word' id='word_1_320' title='bbox 1261 3981 1368 4046; x_wconf 85' lang='lat' dir='ltr'>fanno</span> 
     </span>
     <span class='ocr_line' id='line_1_34' title="bbox 135 4085 1369 4168; baseline 0.001 -16"><span class='ocrx_word' id='word_1_321' title='bbox 135 4085 296 4152; x_wconf 88' lang='lat' dir='ltr'>oration’</span> <span class='ocrx_word' id='word_1_322' title='bbox 311 4103 375 4167; x_wconf 87' lang='lat' dir='ltr'>per</span> <span class='ocrx_word' id='word_1_323' title='bbox 390 4087 496 4168; x_wconf 88' lang='lat' dir='ltr'>quelli</span> <span class='ocrx_word' id='word_1_324' title='bbox 511 4088 577 4150; x_wconf 90' lang='lat' dir='ltr'>che</span> <span class='ocrx_word' id='word_1_325' title='bbox 593 4104 821 4167; x_wconf 88' lang='lat' dir='ltr'>cognoscono</span> <span class='ocrx_word' id='word_1_326' title='bbox 836 4105 935 4152; x_wconf 86' lang='lat' dir='ltr'>esser</span> <span class='ocrx_word' id='word_1_327' title='bbox 949 4088 1028 4152; x_wconf 88' lang='lat' dir='ltr'>suor</span> <span class='ocrx_word' id='word_1_328' title='bbox 1043 4089 1134 4152; x_wconf 89' lang='lat' dir='ltr'>della</span> <span class='ocrx_word' id='word_1_329' title='bbox 1150 4107 1234 4152; x_wconf 86' lang='lat' dir='ltr'>uera</span> <span class='ocrx_word' id='word_1_330' title='bbox 1252 4091 1320 4168; x_wconf 85' lang='lat' dir='ltr'>uia,</span> <span class='ocrx_word' id='word_1_331' title='bbox 1335 4099 1369 4153; x_wconf 91' lang='lat' dir='ltr'>et</span> 
     </span>
     <span class='ocr_line' id='line_1_35' title="bbox 134 4194 1368 4284; baseline 0.001 -25"><span class='ocrx_word' id='word_1_332' title='bbox 134 4194 323 4273; x_wconf 90' lang='lat' dir='ltr'>cercongli</span> <span class='ocrx_word' id='word_1_333' title='bbox 338 4194 476 4259; x_wconf 86' lang='lat' dir='ltr'>ridurre</span> <span class='ocrx_word' id='word_1_334' title='bbox 491 4195 715 4284; x_wconf 82' lang='lat' dir='ltr'>essortando‚</span> <span class='ocrx_word' id='word_1_335' title='bbox 736 4195 923 4272; x_wconf 87' lang='lat' dir='ltr'>monendo,</span> <span class='ocrx_word' id='word_1_336' title='bbox 947 4197 1226 4276; x_wconf 89' lang='lat' dir='ltr'>proponendogli</span> <span class='ocrx_word' id='word_1_337' title='bbox 1247 4201 1280 4260; x_wconf 87' lang='lat' dir='ltr'>la</span> <span class='ocrx_word' id='word_1_338' title='bbox 1300 4198 1368 4260; x_wconf 89' lang='lat' dir='ltr'>bel·</span> 
     </span>
     <span class='ocr_line' id='line_1_36' title="bbox 133 4300 1368 4382; baseline 0.001 -16"><span class='ocrx_word' id='word_1_339' title='bbox 133 4305 237 4366; x_wconf 85' lang='lat' dir='ltr'>lezza</span> <span class='ocrx_word' id='word_1_340' title='bbox 249 4301 341 4364; x_wconf 88' lang='lat' dir='ltr'>della</span> <span class='ocrx_word' id='word_1_341' title='bbox 353 4301 447 4364; x_wconf 83' lang='lat' dir='ltr'>uirth</span> <span class='ocrx_word' id='word_1_342' title='bbox 456 4310 490 4364; x_wconf 89' lang='lat' dir='ltr'>et</span> <span class='ocrx_word' id='word_1_343' title='bbox 503 4303 684 4364; x_wconf 85' lang='lat' dir='ltr'>bruttezza</span> <span class='ocrx_word' id='word_1_344' title='bbox 696 4300 750 4364; x_wconf 90' lang='lat' dir='ltr'>de&#39;</span> <span class='ocrx_word' id='word_1_345' title='bbox 765 4302 858 4382; x_wconf 86' lang='lat' dir='ltr'>vitii;</span> <span class='ocrx_word' id='word_1_346' title='bbox 876 4312 910 4365; x_wconf 88' lang='lat' dir='ltr'>et</span> <span class='ocrx_word' id='word_1_347' title='bbox 924 4313 1050 4382; x_wconf 89' lang='lat' dir='ltr'>questo</span> <span class='ocrx_word' id='word_1_348' title='bbox 1065 4303 1175 4367; x_wconf 84' lang='lat' dir='ltr'>fanno</span> <span class='ocrx_word' id='word_1_349' title='bbox 1190 4321 1257 4367; x_wconf 90' lang='lat' dir='ltr'>con</span> <span class='ocrx_word' id='word_1_350' title='bbox 1269 4313 1368 4368; x_wconf 86' lang='lat' dir='ltr'>tanta</span> 
     </span>
     <span class='ocr_line' id='line_1_37' title="bbox 127 4407 1368 4489; baseline 0 -16"><span class='ocrx_word' id='word_1_351' title='bbox 127 4409 318 4488; x_wconf 81' lang='lat' dir='ltr'>diligenza</span> <span class='ocrx_word' id='word_1_352' title='bbox 333 4415 367 4470; x_wconf 92' lang='lat' dir='ltr'>et</span> <span class='ocrx_word' id='word_1_353' title='bbox 382 4408 499 4470; x_wconf 89' lang='lat' dir='ltr'>studio</span> <span class='ocrx_word' id='word_1_354' title='bbox 515 4408 581 4470; x_wconf 91' lang='lat' dir='ltr'>che</span> <span class='ocrx_word' id='word_1_355' title='bbox 596 4407 725 4487; x_wconf 88' lang='lat' dir='ltr'>paiono</span> <span class='ocrx_word' id='word_1_356' title='bbox 740 4425 812 4471; x_wconf 90' lang='lat' dir='ltr'>non</span> <span class='ocrx_word' id='word_1_357' title='bbox 827 4425 950 4487; x_wconf 89' lang='lat' dir='ltr'>posser</span> <span class='ocrx_word' id='word_1_358' title='bbox 966 4409 1078 4473; x_wconf 89' lang='lat' dir='ltr'>hauer</span> <span class='ocrx_word' id='word_1_359' title='bbox 1093 4411 1268 4489; x_wconf 89' lang='lat' dir='ltr'>maggior&#39;</span> <span class='ocrx_word' id='word_1_360' title='bbox 1287 4429 1368 4473; x_wconf 91' lang='lat' dir='ltr'>con-</span> 
     </span>
     <span class='ocr_line' id='line_1_38' title="bbox 132 4515 1369 4597; baseline 0 -17"><span class='ocrx_word' id='word_1_361' title='bbox 132 4515 315 4580; x_wconf 88' lang='lat' dir='ltr'>solatione</span> <span class='ocrx_word' id='word_1_362' title='bbox 329 4523 363 4576; x_wconf 88' lang='lat' dir='ltr'>et</span> <span class='ocrx_word' id='word_1_363' title='bbox 375 4515 559 4595; x_wconf 81' lang='lat' dir='ltr'>&#39;acquistar</span> <span class='ocrx_word' id='word_1_364' title='bbox 573 4517 634 4594; x_wconf 81' lang='lat' dir='ltr'>piu</span> <span class='ocrx_word' id='word_1_365' title='bbox 649 4515 812 4593; x_wconf 89' lang='lat' dir='ltr'>precioso</span> <span class='ocrx_word' id='word_1_366' title='bbox 825 4515 1003 4594; x_wconf 84' lang='lat' dir='ltr'>thesauro,</span> <span class='ocrx_word' id='word_1_367' title='bbox 1018 4517 1083 4578; x_wconf 88' lang='lat' dir='ltr'>che</span> <span class='ocrx_word' id='word_1_368' title='bbox 1099 4518 1309 4597; x_wconf 89' lang='lat' dir='ltr'>quadagnar</span> <span class='ocrx_word' id='word_1_369' title='bbox 1321 4519 1369 4581; x_wconf 85' lang='lat' dir='ltr'>al-</span> 
     </span>
     <span class='ocr_line' id='line_1_39' title="bbox 134 4620 699 4686; baseline -0.004 0"><span class='ocrx_word' id='word_1_370' title='bbox 134 4640 235 4686; x_wconf 85' lang='lat' dir='ltr'>cuna</span> <span class='ocrx_word' id='word_1_371' title='bbox 251 4621 368 4684; x_wconf 87' lang='lat' dir='ltr'>anima</span> <span class='ocrx_word' id='word_1_372' title='bbox 385 4640 405 4684; x_wconf 87' lang='lat' dir='ltr'>a</span> <span class='ocrx_word' id='word_1_373' title='bbox 421 4621 530 4685; x_wconf 90' lang='lat' dir='ltr'>Giesu</span> <span class='ocrx_word' id='word_1_374' title='bbox 546 4620 699 4685; x_wconf 88' lang='lat' dir='ltr'>Christo.</span> 
     </span>
    </p>

    <p class='ocr_par' dir='ltr' id='par_1_5' title="bbox 199 4725 1369 4810">
     <span class='ocr_line' id='line_1_40' title="bbox 199 4725 1369 4810; baseline 0.002 -17"><span class='ocrx_word' id='word_1_375' title='bbox 199 4725 254 4793; x_wconf 79' lang='lat' dir='ltr'>Ne</span> <span class='ocrx_word' id='word_1_376' title='bbox 269 4737 392 4809; x_wconf 87' lang='lat' dir='ltr'>questo</span> <span class='ocrx_word' id='word_1_377' title='bbox 409 4729 456 4790; x_wconf 92' lang='lat' dir='ltr'>mi</span> <span class='ocrx_word' id='word_1_378' title='bbox 472 4745 537 4808; x_wconf 90' lang='lat' dir='ltr'>par</span> <span class='ocrx_word' id='word_1_379' title='bbox 551 4728 696 4791; x_wconf 89' lang='lat' dir='ltr'>douerci</span> <span class='ocrx_word' id='word_1_380' title='bbox 712 4741 841 4802; x_wconf 78' lang='lat' dir='ltr'>tacere.</span> <span class='ocrx_word' id='word_1_381' title='bbox 860 4729 915 4792; x_wconf 91' lang='lat' dir='ltr'>del</span> <span class='ocrx_word' id='word_1_382' title='bbox 930 4732 1032 4810; x_wconf 88' lang='lat' dir='ltr'>quale</span> <span class='ocrx_word' id='word_1_383' title='bbox 1047 4735 1107 4810; x_wconf 90' lang='lat' dir='ltr'>qui</span> <span class='ocrx_word' id='word_1_384' title='bbox 1123 4731 1248 4795; x_wconf 83' lang='lat' dir='ltr'>esama</span> <span class='ocrx_word' id='word_1_385' title='bbox 1261 4732 1369 4795; x_wconf 88' lang='lat' dir='ltr'>admi·</span> 
     </span>
    </p>
   </div>
   <div class='ocr_carea' id='block_1_3' title="bbox 0 0 1726 5526">
    <p class='ocr_par' dir='ltr' id='par_1_6' title="bbox 0 0 1726 5526">
     <span class='ocr_line' id='line_1_41' title="bbox 0 0 1726 5526; baseline 0 0"><span class='ocrx_word' id='word_1_386' title='bbox 0 0 1726 5526; x_wconf 95' lang='lat' dir='ltr'> </span> 
     </span>
    </p>
   </div>
  </div>
 </body>
</html>
