3368 5528
281 501 290 514 '
373 513 428 573 576
759 511 929 574 errnane
948 527 1219 583 circamanentes

374 663 475 742 gilat,
488 676 597 742 ¹quam
612 643 777 724 iuuentus
790 675 921 740 magna
937 660 1142 726 celebritate
1156 659 1314 726 ciuitatis
1331 601 1477 741 ageret:
1485 659 1581 740 inpa-

375 785 456 832 ram
469 773 505 832 et
524 768 709 832 obscenam
723 765 908 848 fabulam,
922 768 1023 832 cuius
1041 769 1099 832 vel
1117 769 1196 851 ipsa
1210 767 1444 834 Ethnicorum
1461 768 1582 838 theatra

375 874 580 956 depuderet.
596 875 660 954 Ea,
680 883 824 956 propter
845 874 1044 955 insumptus
1063 892 1135 940 non
1153 892 1287 956 paruas
1307 876 1496 957 impensas,
1514 891 1581 940 cum

375 999 523 1065 prorsus
537 981 701 1064 impediri
714 1000 785 1046 non
803 989 935 1064 posset,
959 999 1004 1046 ne
1023 991 1143 1048 tamen
1162 1000 1227 1064 pro
1247 999 1313 1048 sua
1335 983 1478 1050 libidine
1496 983 1529 1048 in
1547 999 1582 1045 ea

330 1095 335 1104 '
375 1087 617 1156 dominaretur
641 1106 684 1153 ac
709 1089 943 1170 triumpharet
967 1098 1153 1171 tyrannus,
1176 1090 1474 1171 quadragenaria
1494 1110 1514 1156 a
1533 1107 1582 1154 no·

376 1197 472 1277 stris,
487 1198 548 1278 qui
563 1196 723 1275 aderant,
738 1197 828 1277 ipso,
849 1214 919 1278 quo
939 1198 1125 1263 comoedia
1143 1198 1344 1264 exhibenda
1362 1209 1451 1278 erat,
1472 1199 1525 1262 die
1543 1199 1583 1260 in·

375 1305 498 1370 stituta
512 1313 565 1368 est
581 1305 696 1369 oratio
713 1301 734 1364 ¹.
749 1303 867 1386 Atque
882 1303 928 1370 ad
942 1303 1035 1369 hanc
1049 1305 1191 1386 quidem
1205 1314 1325 1372 tantus
1338 1306 1470 1371 ciuium
1482 1305 1584 1370 tactus

376 1421 429 1478 est
444 1427 651 1491 concursus,
666 1419 766 1476 tanta
782 1412 1087 1478 sanctissimorum
1104 1412 1342 1495 frequentatio
1360 1421 1585 1478 sacramento·

375 1537 467 1600 rum,
484 1520 535 1584 uti
549 1529 634 1601 tres,
650 1520 710 1600 qui
724 1519 774 1584 illi
788 1529 959 1584 uacarent
978 1519 1184 1603 ministerio,
1207 1521 1425 1602 sacerdotes,
1445 1540 1466 1586 a
1484 1521 1585 1602 prima

376 1629 454 1692 luce
469 1627 514 1692 ad
530 1628 676 1692 multam
691 1635 843 1707 noctem,
859 1643 922 1692 nec
941 1645 1010 1710 quo
1029 1628 1146 1694 cibum
1166 1639 1357 1708 sumerent,
1380 1632 1437 1695 uel
1458 1629 1586 1694 omnino

376 1735 603 1817 respirarent,
620 1734 876 1816 aliquantulum
891 1734 954 1800 otii
968 1735 1037 1800 vix
1056 1737 1359 1802 nanciscerentur.
1381 1737 1514 1802 Tantus
1529 1735 1586 1799 luit

375 1843 412 1907 in
426 1860 465 1908 re
480 1841 726 1906 sanctissimae
742 1843 921 1922 nouitatis
938 1859 1019 1907 cum
1033 1860 1172 1909 summa
1187 1845 1421 1910 admiratione
1439 1854 1473 1909 et
1491 1843 1586 1924 pieta·

375 1959 422 2029 te,
438 1949 474 2013 in
492 1941 668 2031 plerisque
682 1957 799 2014 motus
813 1949 1024 2031 animorum,
1039 1959 1078 2016 ut
1091 1950 1169 2031 illi,
1183 1951 1246 2032 qui
1261 1951 1333 2016 iter
1351 1950 1487 2016 externi
1505 1950 1587 2014 sace·

374 2065 466 2137 rent,
483 2059 528 2122 ob
541 2056 723 2138 geminum
736 2058 859 2138 populi
873 2074 1098 2137 concursum,
1115 2076 1219 2140 quem
1232 2060 1489 2142 conspicerent,
1508 2058 1588 2122 duas

375 2164 490 2231 uideri
510 2165 587 2244 sibi,
612 2166 762 2230 alteram
780 2163 826 2228 ad
846 2181 1007 2245 scaenas,
1031 2167 1180 2232 alteram
1202 2167 1247 2232 ad
1269 2169 1414 2248 templa,
1436 2166 1589 2231 ciuitates

377 2272 554 2338 confluere
569 2272 829 2355 praedicarent.
847 2271 916 2338 Sed
937 2271 1079 2338 Christo
1098 2275 1177 2338 laus
1196 2284 1231 2338 ct
1248 2275 1457 2340 immortalis
1471 2273 1588 2354 gratia,

376 2381 436 2461 qui
452 2381 488 2445 in
502 2389 576 2444 tam
590 2379 767 2461 plausibili
787 2379 970 2444 daemonis
992 2381 1158 2445 illecebra
1180 2391 1215 2446 et
1236 2382 1425 2463 lenocinio,
1448 2383 1522 2463 ipso
1539 2379 1590 2444 uel

375 2489 499 2568 inuito,
515 2487 686 2552 maiorem
701 2503 744 2552 ac
759 2486 931 2567 potiorem
946 2498 1084 2567 partem
1102 2487 1141 2551 in
1155 2487 1292 2552 virtute
1301 2506 1371 2553 sua
1381 2489 1589 2553 uindicatam

377 2595 629 2676 triumphauit.
645 2595 737 2658 Hinc
753 2611 839 2659 uero
852 2594 924 2658 iam
942 2595 978 2658 in
997 2593 1210 2661 Societatem
1232 2606 1392 2662 nostram
1411 2595 1590 2678 singularis

318 2727 320 2732 ·
377 2705 453 2768 eius
467 2704 588 2786 populi
603 2707 820 2784 consequuta
835 2707 889 2766 est
903 2703 1146 2780 obseruantia,
1163 2705 1321 2768 mantino
1340 2705 1475 2768 snmrni
1490 2701 1589 2782 Magi·

376 2820 510 2876 stratus
523 2828 617 2890 erga
635 2827 702 2874 nos
721 2808 962 2874 beneuolentia
982 2814 1017 2873 et
1035 2811 1272 2891 necessitudo,
1292 2811 1508 2876 incredibilis
1526 2809 1588 2874 Gu·

374 2919 573 2983 bernatoris
589 2918 697 2981 totius
711 2917 911 2998 picentinae
926 2917 1081 2997 regionis
1096 2915 1108 2948 ¹
1124 2918 1196 3000 (qui
1211 2918 1258 2983 ibi
1281 2918 1402 2985 sedem
1423 2919 1537 2998 habet)
1559 2919 1589 2980 in

374 3035 517 3092 nostros
531 3024 759 3103 hnmanitas,
772 3025 815 3086 de
834 3041 905 3105 qna
915 3032 1030 3105 porro
1050 3024 1107 3088 ln'c
1127 3024 1218 3088 nebit
1240 3027 1363 3100 modo,
1379 3031 1505 3107 postea
1526 3039 1590 3088 non

376 3133 515 3198 remisit
528 3135 594 3197 sed
607 3133 716 3197 anxit
729 3133 768 3195 in
782 3133 869 3196 dr'cs.

434 3241 478 3306 Et
494 3258 575 3305 cum
590 3241 720 3319 omnia,
733 3257 825 3322 quae
836 3240 948 3305 nostri
961 3239 1206 3320 instituissent,
1220 3233 1313 3306 ultro
1326 3241 1509 3322 concessit,
1524 3252 1590 3306 tum

376 3347 462 3413 illud
480 3364 620 3430 quoque
636 3347 808 3428 promisit,
825 3347 913 3410 nihil
932 3347 1026 3429 quod
1046 3348 1090 3412 ad
1111 3348 1351 3429 blasphemias
1373 3360 1409 3414 et
1429 3351 1465 3414 in
1485 3348 1590 3413 Deum

374 3456 558 3537 Diuosque
572 3454 727 3518 conuitia
749 3455 1029 3534 exterminanda,
1050 3454 1353 3522 circumforaneos
1371 3459 1591 3524 circulatores

377 3563 484 3645 (quod
498 3561 805 3644 peruersissimum
820 3561 904 3625 illud
919 3577 1034 3642 genus
1048 3561 1229 3628 hominum
1249 3566 1398 3630 multum
1418 3563 1465 3630 ibi
1484 3563 1590 3628 afflue·

376 3669 443 3752 ret)
459 3669 640 3752 pellendos
654 3667 965 3750 profligandosque
980 3669 1156 3751 attineret,
1173 3672 1519 3753 praetermissurum;
1532 3669 1590 3734 sibi

376 3779 543 3858 deinceps
572 3794 695 3842 curam
723 3777 766 3841 de
795 3778 1017 3842 xenodochio
1051 3777 1227 3844 suturam:
1262 3797 1327 3860 pro
1360 3779 1590 3845 confirmanda

376 3894 492 3952 autem
509 3885 601 3949 inter
616 3885 770 3965 reliquos
786 3884 901 3948 adbuc
917 3883 1089 3965 quosdam
1104 3887 1201 3954 ciues
1212 3904 1301 3968 pace
1312 3888 1444 3969 (quam,
1456 3897 1590 3969 propter

376 3992 571 4058 absentiam
587 3991 838 4071 quorumdam,
849 3991 908 4072 qui
920 3992 965 4056 ad
976 3969 1054 4056 eard
1066 3993 1364 4075 desiderarentur,
1375 3996 1488 4060 nostri
1499 3997 1590 4076 plene

416 4271 424 4306 l
455 4269 510 4314 Hoc
521 4279 570 4314 est:
580 4281 595 4314 a
604 4271 710 4324 uostris,
720 4270 763 4326 qul
775 4275 829 4315 tum
842 4269 975 4316 blacerata
992 4273 1175 4326 versabantur,
1191 4284 1241 4328 quo
1254 4273 1295 4318 dle
1312 4275 1445 4320 comoedia
1459 4269 1591 4320 exhibenda

376 4348 443 4396 etat,
454 4341 628 4398 quadraginta
638 4342 761 4388 horarum
771 4342 856 4388 oratio
866 4341 914 4387 tuit
925 4342 1055 4388 instituta.

416 4414 428 4447 ⁸
454 4413 529 4458 lianc
540 4415 718 4459 existimamus
728 4413 806 4458 tuisse
818 4413 957 4461 Caesarem
970 4413 1112 4466 Gambara.
1123 4415 1328 4462 Derlboaersem
1339 4416 1502 4474 Episcopum.
1512 4419 1540 4462 tle
1549 4423 1592 4470 qao

375 4485 515 4531 Ouvnarua
525 4484 667 4530 Musaeus
681 4485 707 4530 ln
718 4485 915 4530 Commentario
924 4487 958 4530 rte
973 4488 1054 4531 rebus
1069 4487 1221 4542 societatis,
1235 4501 1258 4534 c.
1268 4501 1304 4540 rx.
1314 4489 1326 4543 ἱ
1336 4491 1371 4534 27.
1385 4491 1466 4536 -Vlde
1482 4487 1590 4535 tamenin

375 4558 502 4605 Arcbtuto
516 4559 614 4624 stortro
624 4557 747 4611 italiana,
758 4557 826 4602 serie
836 4559 928 4612 prima,
940 4561 992 4605 vol.
1003 4571 1047 4614 ιιι,
1060 4569 1121 4616 pua.
1132 4560 1294 4616 ³9⁸,llttcras
1303 4561 1375 4608 Petri
1386 4561 1484 4608 Stromi
1498 4561 1529 4608 ad
1540 4559 1590 4604 Gal·

374 4631 426 4676 llae
436 4629 543 4688 Regem,
552 4628 700 4675 ltaeeratae
710 4630 786 4676 datas
797 4630 823 4676 ll
833 4630 945 4686 Aurum
956 4631 1098 4688 bajusaunl
1109 4632 1172 4689 ¹5⁵⁶,
1179 4633 1222 4678 ubi
1239 4633 1325 4689 pollue
1338 4645 1425 4681 sermo
1435 4635 1534 4680 videtur
1544 4629 1588 4675 lieri

376 4702 407 4747 de
423 4702 512 4757 ecqui
529 4700 637 4747 militiae
651 4702 678 4746 ln
691 4698 810 4747 ldarclrln
824 4709 954 4758 praeerat,
967 4714 1043 4758 qnam
1057 4705 1088 4748 de
1102 4703 1342 4762 Gubernatorem
1356 4706 1489 4754 Pontideir
1502 4705 1589 4753 neuim

377 4785 433 4820 cam
445 4774 578 4832 regionem
591 4773 801 4820 administrabat.
