3504 5532
370 535 423 595 ³06
756 534 927 596 errsasa
945 551 1218 606 ouansrunsrnns

371 681 604 762 ingrediatur,
632 683 669 746 in
692 699 762 764 quo
783 682 861 746 Deo
876 683 1068 763 perfectius
1091 682 1306 764 liberiusque
1323 681 1459 746 seruire
1473 679 1599 762 possit.

370 786 464 852 Noui
485 791 693 854 monasterii
720 791 893 854 moniales
920 806 1044 854 omnes
1068 789 1144 854 fere
1168 789 1340 854 exercitia
1370 787 1600 852 absoluerunt

371 911 455 959 cum
468 912 600 976 magno
615 897 814 961 animarum
828 913 975 962 suarum
990 897 1190 961 commodo.

430 1002 469 1067 1n
494 1001 672 1067 Natalitiis
696 1003 841 1069 Domini
866 1004 965 1068 multi
989 1004 1035 1069 ud
1060 1003 1320 1068 confessionem
1343 1009 1536 1080 uenerunt,
1564 1009 1600 1064 et

370 1119 493 1190 aperte
509 1127 547 1175 se
562 1111 606 1174 de
620 1111 777 1191 peccatis
797 1109 962 1175 admissis
986 1110 1107 1176 dolere
1132 1110 1344 1175 indicarunt.
1366 1109 1460 1174 Inter
1479 1108 1601 1190 poeni·

370 1225 487 1280 tentes
501 1235 593 1282 unus
607 1217 685 1296 luit,
700 1219 761 1298 qui
774 1227 910 1300 septem
923 1235 1037 1282 annos
1051 1218 1176 1282 incesti
1190 1217 1339 1282 crimine
1355 1216 1552 1294 tenebatur,
1565 1223 1602 1279 et

370 1341 434 1404 per
450 1323 683 1390 consessionis
696 1326 864 1389 virtutem
878 1333 1016 1389 tantum
1030 1333 1174 1406 propter
1189 1325 1418 1389 commissum
1432 1323 1600 1387 delictum

371 1431 495 1510 doluit,
512 1440 550 1495 ut
565 1433 747 1513 antiquam
761 1432 872 1497 uitam
886 1433 923 1496 in
934 1449 1065 1497 nouam
1079 1440 1114 1496 et
1128 1432 1311 1498 meliorem
1329 1430 1338 1464 ¹
1360 1429 1601 1509 commutarit,

372 1554 454 1601 curn
469 1540 651 1619 proposito
668 1548 703 1602 et
718 1540 953 1621 promissione
967 1557 1040 1604 non
1061 1539 1107 1604 ad
1129 1548 1288 1603 ueterem
1312 1537 1493 1602 redeundi·
1518 1536 1605 1600 Fuit

372 1645 547 1709 monacha
574 1646 677 1709 tertii
697 1647 840 1710 ordr'm's
863 1651 875 1683 ¹
901 1664 993 1728 quae
1018 1646 1311 1711 consuetudinem
1338 1661 1489 1726 prauam
1512 1643 1605 1708 duos

370 1768 485 1816 annos
500 1769 581 1816 cum
601 1754 777 1817 monacho
792 1754 925 1833 babuit;
947 1761 983 1816 et
997 1764 1035 1817 ut
1054 1752 1123 1817 hoc
1149 1755 1266 1817 scelus
1288 1753 1496 1830 occultaret,
1519 1767 1602 1814 cum

370 1859 451 1922 aliis
471 1860 682 1924 monialibus
701 1860 746 1923 ad
765 1877 924 1925 mensam
948 1861 1163 1926 dominicam
1189 1859 1393 1938 accedebat;
1416 1859 1479 1922 sed
1494 1867 1599 1939 partu

373 1964 445 2046 filii,
469 1983 573 2047 quem
588 1985 633 2030 ex
647 1968 822 2032 monacho
847 1978 1072 2049 conceperat,
1099 1977 1175 2032 tota
1199 1985 1258 2032 res
1282 1968 1422 2031 detecta
1445 1975 1511 2030 est:
1528 1966 1602 2044 illa,

372 2088 572 2152 agnoscens
586 2075 837 2156 turpitudinem
850 2075 1006 2152 sceleris,
1029 2075 1202 2154 cogitauit
1224 2074 1268 2139 de
1290 2072 1512 2138 emendando
1532 2072 1600 2136 boc

371 2179 521 2260 flagiti03
539 2182 635 2245 venit
650 2181 696 2246 ad
711 2183 899 2262 quemdam
913 2181 1056 2246 Patrem
1067 2190 1282 2260 nostrorum,
1298 2181 1357 2244 cui
1370 2179 1414 2243 de
1428 2177 1496 2244 hoc
1508 2179 1603 2260 turpi

371 2285 468 2352 lacto
483 2288 647 2352 consessa
668 2297 732 2368 est,
758 2289 939 2370 doluitque
963 2289 1202 2367 uehementer;
1228 2297 1398 2369 tantaque
1422 2297 1477 2350 est
1495 2285 1603 2349 ducta

371 2395 601 2474 poenitentia,
618 2405 657 2458 ut
672 2396 895 2459 continenter
906 2396 1061 2476 suspiria
1075 2396 1262 2475 emitteret;
1274 2412 1341 2458 nec
1353 2393 1389 2458 id
1399 2394 1541 2475 quidem
1557 2392 1604 2457 ad

371 2510 512 2582 tempus
525 2501 620 2582 fecit,
636 2503 699 2566 sed
717 2510 792 2566 tam
812 2503 972 2582 grauiter
990 2503 1176 2584 poenituit,
1197 2510 1236 2566 ut
1252 2501 1369 2577 Pater,
1391 2500 1448 2565 cui
1463 2499 1603 2564 confite·

371 2609 487 2686 batur,
504 2609 619 2689 ipsam
633 2608 677 2673 de
691 2610 908 2690 poenitentia
924 2611 1102 2674 remittere
1117 2609 1249 2691 aliquid
1269 2609 1415 2689 iuberet,
1438 2625 1484 2672 ne
1500 2625 1539 2672 se
1554 2607 1603 2672 ni·

371 2716 443 2779 mio
458 2716 554 2780 luctu
568 2716 781 2798 assiduoque
795 2716 917 2781 dolore
933 2717 1134 2782 conficeret:
1151 2717 1188 2780 in
1203 2715 1425 2781 confessione
1445 2726 1479 2779 et
1499 2715 1604 2778 bonis

371 2823 542 2903 operibus
555 2840 802 2904 perseuerans,
819 2833 959 2888 tantum
978 2824 1078 2888 breui
1099 2832 1257 2905 tempore
1276 2822 1426 2904 profecit
1444 2823 1481 2886 in
1494 2822 1603 2885 uirtu-

371 2930 419 2994 tis
433 2931 502 3006 uia,
518 2938 556 2993 ut
571 2931 650 2994 aliis
663 2948 734 2994 non
749 2931 864 2995 solum
877 2931 970 2995 bono
985 2932 1031 2995 sit
1045 2931 1219 3012 exemplo,
1234 2929 1419 2994 sedetiam
1434 2929 1480 2992 ad
1494 2928 1604 3009 pieta·

374 3045 446 3100 tem
460 3039 590 3101 multos
604 3039 806 3118 cultumque
818 3037 978 3102 diuinum
989 3038 1161 3102 hortetur.
1174 3037 1331 3102 Fuerunt
1345 3043 1531 3116 praeterea
1542 3035 1604 3115 qui

375 3161 398 3206 a
410 3143 443 3218 2,
458 3141 488 3223 3,
505 3142 536 3223 4,
552 3144 655 3207 annis
670 3143 823 3208 confessi
837 3161 908 3208 non
923 3153 1037 3224 erant,
1053 3143 1112 3224 qui
1126 3144 1163 3208 in
1178 3144 1246 3208 hoc
1260 3143 1351 3207 festo
1366 3142 1413 3206 ad
1423 3141 1605 3222 poeniten·

375 3249 463 3314 tiam
477 3259 661 3315 uenerunt.
994 3243 1000 3258 '

433 3355 512 3420 Non
537 3357 656 3421 multis
680 3367 763 3421 ante
789 3357 913 3422 diebus
938 3357 1199 3439 baptizauimus
1224 3373 1404 3436 maurum,
1430 3355 1532 3419 nobis
1559 3355 1607 3417 ab

372 3461 468 3527 [ΠΜ
495 3463 596 3528 Duce
607 3462 830 3528 Bibonense⁸
849 3465 1007 3530 missum:
1029 3465 1167 3528 iuuenis
1192 3475 1246 3528 est
1261 3465 1383 3544 probis
1398 3463 1554 3527 moribus
1570 3473 1606 3526 et

373 3571 529 3650 ingenua
543 3571 652 3635 animi
666 3571 784 3636 indole
799 3571 990 3653 praeditus,
1004 3580 1039 3635 et
1050 3581 1104 3636 est
1116 3571 1233 3635 adhuc
1244 3571 1441 3651 nobiscum,
1454 3569 1609 3650 diligens

374 3677 414 3741 in
428 3676 610 3742 functione
624 3677 819 3742 officiorum
834 3695 993 3743 suorum.

433 3784 531 3848 Haec
557 3795 659 3863 sunt,
687 3783 765 3848 R.de
795 3783 847 3864 P.‚
874 3801 964 3865 quae
989 3803 1035 3849 ex
1059 3786 1259 3849 obedientia
1284 3784 1483 3864 generatim
1506 3782 1607 3847 Tuae

374 3889 471 3958 R.⁶¹¹e
485 3889 547 3955 Ρ.ῑΙ
569 3890 772 3971 significare
784 3891 972 3957 noluimus
988 3891 1053 3956 His
1064 3891 1205 3972 similia,
1218 3900 1253 3956 et
1273 3891 1380 3956 etiam
1399 3889 1548 3970 maiora,
1565 3899 1607 3953 ut

373 3997 542 4078 deinceps
557 4013 665 4078 agere
685 3998 875 4079 possimus,
895 4001 967 4061 tuis
985 3999 1220 4063 sanctissimis
1235 3998 1401 4079 precibus
1415 4015 1436 4059 a
1451 3995 1530 4060 Deo
1544 3996 1606 4060 im·

378 4112 518 4184 petrato
532 4101 556 4184 ⁴,
572 4105 716 4169 interim
732 4102 865 4169 Diuina
880 4103 1020 4168 bonitas
1034 4113 1069 4168 te
1079 4104 1183 4169 nobis
1193 4103 1254 4170 diu
1265 4105 1465 4169 incolumen
1475 4115 1607 4181 seruet,

420 4343 429 4376 ¹
459 4346 569 4388 omnino
581 4343 826 4388 sddldltPoluncus.

412 4413 425 4446 Ι
447 4415 558 4471 semina
570 4416 707 4468 relligioni
723 4413 998 4458 scelerarorum.
1015 4413 1098 4460 Lines
1113 4416 1272 4470 superduces
1287 4419 1321 4461 sb
1331 4415 1406 4461 lnltlo
1419 4413 1496 4470 thus
1511 4415 1612 4470 periodi

374 4493 456 4539 nsque
466 4485 500 4529 sd
510 4487 594 4530 verbs
604 4486 759 4539 cultumque
768 4485 895 4528 diurnum
906 4484 1036 4538 hortetur,
1047 4485 1161 4530 indicare
1170 4486 1273 4531 videtur
1281 4487 1346 4532 bssc
1353 4486 1547 4542 inspomplsls
1554 4497 1611 4531 esse

376 4558 531 4602 omittenda:
541 4563 662 4602 sttsmen
674 4558 700 4601 ln
711 4555 872 4612 spogrupbo,
883 4555 973 4610 dequo
982 4567 1067 4601 sermo
1077 4563 1117 4600 est
1127 4557 1153 4601 ln
1162 4558 1246 4612 prims
1257 4559 1423 4603 annotatione
1429 4558 1506 4613 holus
1515 4558 1612 4613 episto·

377 4627 429 4680 lse.
438 4628 614 4674 inveniuntur.

419 4700 432 4732 ³
461 4701 541 4746 Petro
551 4701 583 4745 ds
593 4700 675 4746 Luns.

419 4775 432 4808 ὁ
459 4773 534 4818 Prius
544 4773 687 4828 scripserat
697 4773 752 4828 ipse
763 4769 887 4825 Lspldlss
898 4772 1061 4828 impetratis.
