3410 5528
625 513 689 574 Art.
713 515 782 574 1556
1260 515 1317 575 335

154 658 311 742 Plerique
331 661 461 728 ciuium
480 661 625 726 ueniunt
647 661 692 725 ad
711 678 777 726 nos
799 659 988 726 offerentes
1011 677 1096 724 suos
1116 677 1264 740 pueros,
1282 669 1320 724 ut

105 785 157 832 eos
167 767 373 848 doceamuS,
390 763 535 851 quibus,
551 778 588 833 ut
603 785 806 851 possumuS,
822 768 968 833 honeste
983 768 1242 843 satisfacimus,
1259 768 1319 832 do·

104 891 160 940 nec
172 883 310 958 tempus
323 875 596 942 determinatum
608 876 802 955 aduenerit,
815 892 885 956 quo
901 892 1022 941 omnes
1033 876 1183 940 libenter
1195 874 1319 940 admit·

105 990 218 1046 temus.
239 981 434 1047 statuimus
452 991 571 1048 tamen
590 982 757 1063 deinceps
776 997 898 1048 omnes
920 983 1127 1062 admittere,
1148 991 1320 1064 quotquot

105 1089 251 1171 uenient,
278 1100 316 1155 ut
338 1101 547 1154 assuescant
565 1090 728 1170 magistri
746 1105 869 1154 eorum
889 1089 1056 1169 ingeniis,
1078 1099 1113 1154 et
1135 1090 1238 1153 modo
1259 1105 1320 1153 eos

105 1195 262 1277 docendi,
289 1213 429 1262 menon
458 1197 547 1262 alios
574 1197 692 1277 gratia
717 1195 907 1262 excitandi.
935 1193 1070 1259 Verum
1094 1196 1236 1260 Boemis
1257 1195 1320 1260 vix

104 1313 257 1382 poterunt
271 1304 490 1369 satisfacere.

152 1411 262 1475 Multa
275 1411 393 1476 adhuc
408 1412 596 1476 scribenda
610 1413 735 1476 forent.
753 1409 884 1476 Vestra
895 1409 980 1474 ΚΗ*
990 1410 1076 1474 mihi
1087 1421 1212 1492 parcat
1225 1411 1319 1490 quod

102 1525 168 1582 tam
179 1519 339 1598 prolixus
352 1519 491 1584 fuerim:
507 1518 595 1584 alias
610 1518 836 1600 paucioribus
848 1518 1098 1600 perstringam,
1111 1534 1202 1598 quae
1214 1527 1318 1582 erunt

103 1621 259 1706 deinceps
272 1625 473 1691 scribenda.
1163 1700 1166 1706 ¹

152 1729 345 1810 Quemdum
356 1731 524 1813 iuuenem
538 1733 719 1814 babemus,
737 1735 895 1813 linguam
911 1733 1056 1796 latinam
1071 1742 1105 1795 et
1119 1732 1315 1796 boemicum

102 1840 401 1920 germanicamque
415 1841 628 1921 loquentem,
650 1841 710 1919 qui
732 1838 873 1906 Patrem
888 1839 1069 1904 canisium
1087 1840 1276 1902 comitatur
1297 1839 1319 1916 ¹,

101 1941 409 2027 interpretaturque
436 1946 576 2028 quando
599 1961 652 2012 est
672 1946 883 2028 loquendum
903 1946 1005 2010 nobis
1023 1963 1104 2010 cum
1127 1945 1317 2009 saeculari·

103 2049 172 2131 bus,
195 2053 366 2136 docetque
385 2071 452 2118 nos
472 2054 631 2119 boemice
656 2054 774 2134 legere
799 2053 947 2134 singulis
972 2052 1096 2117 diebus
1121 2069 1184 2134 per
1209 2051 1319 2116 horae

102 2158 195 2224 unius
223 2161 392 2242 spatium,
421 2163 575 2227 mediam
602 2163 728 2226 horam
756 2170 837 2243 post
865 2161 1069 2242 prandium,
1099 2159 1319 2225 tantumdem

103 2281 181 2330 uero
199 2280 276 2347 post
296 2285 456 2347 coenam,
474 2278 624 2350 excepto
639 2269 785 2334 doctore
802 2267 956 2333 Henrico
971 2265 993 2348 ²,
1011 2268 1071 2348 qui
1085 2265 1227 2348 linguae
1241 2283 1321 2346 ger·

102 2374 250 2440 manicae
264 2391 410 2456 operam
425 2375 486 2440 dut
500 2376 560 2441 illo
574 2384 745 2456 tempore,
765 2384 804 2439 ut
822 2375 935 2456 possit
949 2375 1178 2440 concionibus
1197 2391 1320 2438 corum

102 2476 293 2546 Archiduce
319 2492 354 2546 et
377 2485 508 2564 populo
532 2482 757 2560 satisfacere,
785 2483 879 2564 quod
903 2477 1002 2546 b'reui
1026 2481 1100 2546 fieri
1129 2481 1318 2563 oportebit.
1392 2543 1397 2552 ,

101 2581 182 2653 Num
206 2589 236 2652 si
259 2589 481 2670 contingeret
504 2587 543 2654 Ρ.
570 2589 752 2654 Canisium
777 2589 860 2654 hinc
885 2589 1052 2683 migrare,
1079 2607 1150 2652 non
1174 2587 1319 2652 dubium

102 2694 176 2772 quin
189 2695 308 2760 statim
322 2695 511 2760 Archidux
526 2696 572 2762 ad
587 2713 651 2760 nos
667 2695 782 2760 mittat
798 2713 863 2777 pro
879 2697 1143 2762 concionatore.
1165 2692 1320 2775 Singulis

101 2803 186 2868 euim
198 2803 321 2868 diebus
334 2803 472 2868 festinis
487 2805 576 2868 solet
592 2802 667 2867 fieri
682 2819 802 2867 coram
824 2801 896 2867 Sua
918 2803 1134 2867 Excellentia
1157 2802 1281 2866 concio
1298 2821 1319 2867 a

101 2905 134 2969 P.
154 2909 304 2976 Canisio:
324 2927 391 2974 nec
411 2919 464 2974 est
486 2910 577 2973 alius
595 2909 734 2990 Prague
754 2911 845 2974 inter
866 2911 1075 2989 catholicos,
1103 2909 1162 2991 qui
1188 2909 1225 2973 in
1251 2909 1319 2972 hoc

101 3031 235 3082 munere
249 3025 391 3099 praeter
406 3017 523 3098 ipsum
537 3016 734 3081 satisfaciat
749 3013 914 3098 Principi.
935 3017 1041 3082 Faxit
1063 3015 1161 3080 Deus
1180 3025 1218 3079 ut
1239 3033 1319 3096 gra·

102 3122 178 3190 tiam
192 3123 235 3189 D.
250 3124 428 3190 Henricus
443 3124 613 3203 inueniat,
630 3133 664 3188 et
679 3142 801 3188 coram
821 3122 983 3205 Principe
1005 3136 1039 3188 et
1059 3124 1202 3205 populo,
1224 3124 1319 3204 quod

101 3239 210 3296 tumen
226 3249 426 3314 speramus,
446 3232 589 3296 fauente
609 3233 727 3311 gratia
747 3229 826 3311 Dei,
848 3240 883 3296 et
908 3229 1060 3295 Vestrae
1074 3230 1172 3294 R.t¹le
1187 3231 1320 3294 sanctis

100 3337 272 3404 sacrificiis
285 3348 321 3404 et
335 3339 501 3420 precibus
514 3338 662 3404 feruidis
676 3339 925 3416 mediantibus,
937 3338 1163 3418 omniumque
1174 3337 1320 3401 Parrum

100 3452 129 3505 et
140 3443 285 3510 fratrum
300 3444 490 3510 Societatis
504 3443 528 3508 ³.
547 3444 845 3510 Concionatorem
859 3445 1063 3508 Boemicum
1078 3444 1320 3508 desideramus

98 3547 187 3616 iuxta
200 3552 482 3634 expectationem
496 3551 627 3633 populi,
644 3551 703 3633 qui
715 3569 785 3614 non
797 3551 872 3616 sine
884 3551 1040 3616 maximo
1051 3551 1169 3616 fructu
1180 3551 1318 3614 labora·

99 3654 153 3720 bit.
178 3658 272 3725 Istud
297 3658 493 3740 Collegium
517 3659 658 3738 uidetur
680 3658 766 3723 mihi
786 3658 862 3723 fore
881 3658 1271 3738 magnificentissimum
1293 3656 1315 3722 ⁸.

99 3759 225 3832 Faueat
237 3765 411 3832 Dominus
424 3764 523 3832 Deus
537 3768 671 3858 coeptis
685 3765 752 3830 his.

154 3871 316 3954 Oramus,
332 3871 375 3938 R.
392 3872 508 3953 Pater,
524 3891 582 3950 ne,
599 3889 745 3954 quassu,
761 3874 831 3938 tuis
845 3874 979 3936 sanctis
993 3872 1178 3938 sacrificiis
1192 3881 1228 3936 et
1242 3889 1317 3935 ora·

99 3977 242 4045 tionibus
255 3997 320 4046 nos
334 3979 504 4062 adiuuare
518 3979 671 4044 desinas:
688 3997 911 4060 summopere
926 3980 1019 4044 enim
1033 3981 1101 4044 illis
1113 3997 1202 4060 opus
1214 3979 1318 4042 nobis

133 4255 141 4290 ¹
168 4255 233 4304 Vide
243 4257 359 4304 Ponam
371 4257 526 4308 Chronicon,
536 4265 555 4302 t.
570 4271 597 4312 v,
606 4269 666 4314 pag.
676 4257 725 4314 227,
736 4257 913 4304 ambiremus
924 4257 1007 4310 finem,
1019 4266 1045 4303 et
1056 4270 1115 4314 pag.
1125 4257 1270 4314 Qumis.
1320 4277 1325 4286 ·

133 4326 145 4372 ¹.
170 4329 200 4374 Ρ.
212 4328 324 4376 lienrlcu
334 4329 483 4386 Elymnio,
494 4331 525 4374 de
537 4341 586 4386 quo
596 4341 685 4382 supra.
695 4331 738 4386 qul
755 4342 873 4376 unacum
889 4330 986 4383 Joanne
1002 4331 1070 4375 Tilin
1086 4332 1160 4375 “unte
1176 4331 1318 4378 discessum

98 4409 126 4444 ax
135 4396 199 4447 Urbe
210 4400 347 4448 alanino
355 4400 455 4453 Olario.
464 4401 603 4448 exindulto
612 4401 756 4458 Pontificio,
768 4403 793 4446 in
804 4401 920 4457 collegio
931 4402 1047 4448 Romano
1062 4404 1136 4458 prlml
1147 4401 1193 4448 SS.
1209 4403 1317 4449 Theolo-

98 4471 151 4524 tiu
159 4471 284 4520 nucum
292 4472 399 4528 creati..
409 4472 532 4528 semrom
543 4474 560 4520 l.
571 4485 600 4530 c.,
611 4485 636 4518 n.
646 4474 680 4528 27;
691 4473 844 4528 ostentatur,
853 4476 871 4518 l.
882 4486 896 4519 c
906 4507 912 4528 ,
922 4475 966 4518 llb.
977 4485 1031 4530 xvi,
1042 4486 1066 4521 n.
1077 4475 1098 4521 2.

132 4544 143 4578 ⁸
167 4544 267 4593 invenlt
277 4546 345 4592 hanc
354 4545 470 4600 gruttam
479 4544 646 4603 Blyssenrlus;
656 4557 717 4592 nam
726 4544 919 4592 “Ferdfnsndns
928 4546 1082 4600 (archidux)
1095 4555 1166 4592 certe
1176 4561 1232 4593 eum
1243 4550 1293 4594 sibl
1300 4562 1317 4595 a

98 4617 504 4670 ntruconclunllsusessevolult
513 4617 989 4674 etdetncepueptenntnmetamplius
997 4629 1055 4664 eum
1063 4620 1316 4676 audivit.„Scnutut.,

98 4685 228 4744 lmnn

133 4762 146 4796 ὁ
170 4763 288 4820 Necatus
299 4761 437 4810 Rectorem
447 4764 558 4820 primunr
569 4766 661 4818 fefellit
671 4777 739 4822 spes,
751 4774 778 4812 ut
788 4766 843 4814 orbi
854 4773 954 4814 uotum.
