3410 5528
637 481 701 542 ΑΝ.
723 481 793 542 1556
1275 477 1327 540 311

111 637 227 708 quatro
242 629 328 692 mesi
345 628 467 693 alhora
483 629 628 709 passati,
650 628 704 692 fra
724 629 756 692 le
778 629 873 710 quali
887 628 1001 710 parlai
1026 627 1058 690 d'
1081 645 1153 692 vna
1174 627 1327 708 giouane

111 736 167 798 che
188 737 242 800 sul
264 735 448 800 Firentino
469 735 632 800 hauendo
659 735 832 802 seminata
855 734 1031 800 discordia
1062 735 1116 798 ira
1143 737 1270 799 marito
1293 745 1328 800 et

110 843 267 922 mogliere
281 843 435 924 gioneni,
452 861 519 907 con
534 843 700 908 simulare
714 844 737 907 l'
751 861 822 907 vno
834 842 966 906 hauere
984 843 1104 906 voluto
1118 842 1327 907 intossicare

7 998 8 1027 r
109 950 128 1014 l'
143 951 228 1014 altro
243 951 345 1029 (adeo
361 951 427 1016 che
442 969 506 1032 per
519 951 618 1015 molti
633 952 717 1016 anni
731 951 766 1014 la
781 951 952 1032 mogliere
968 957 987 1014 c
1002 959 1096 1014 stata
1119 949 1177 1014 dai
1200 951 1327 1014 marito

109 1072 169 1121 con
180 1058 305 1138 grand’
322 1058 517 1138 ignominia
532 1067 566 1122 et
581 1057 764 1138 cordoglio
779 1058 949 1137 (abenche
962 1055 1262 1136 innocentissima)
1275 1075 1325 1122 se·

108 1165 248 1244 parata):
264 1165 409 1230 tandem
419 1165 467 1229 ad
478 1181 539 1230 cor
550 1164 692 1229 radians
703 1165 736 1230 ci
748 1166 865 1246 capito
878 1164 968 1228 nelle
980 1165 1087 1241 mani,
1100 1165 1326 1246 procurando

8 1268 9 1278 ’
108 1273 161 1338 noi
183 1273 247 1338 che
271 1274 317 1337 lei
340 1272 478 1338 facesse
504 1273 724 1338 consessione
742 1265 883 1354 publica
908 1271 999 1336 della
1029 1289 1093 1336 sua
1121 1271 1261 1354 salsitas,
1292 1274 1327 1336 la

8 1452 10 1473 ³
107 1382 201 1462 quale
213 1381 251 1445 in
266 1381 414 1462 scriptas
428 1381 459 1444 si
472 1381 602 1446 mando
617 1399 639 1444 a
653 1381 734 1462 quel
748 1381 959 1460 magistrato
975 1388 1060 1460 etc.;
1077 1378 1166 1444 hora
1182 1380 1324 1444 habbia-

8 1552 9 1561 *
107 1505 158 1552 mo
170 1489 327 1555 riceuute
341 1489 464 1554 lettere
479 1487 515 1552 di
529 1489 643 1568 quelle
657 1486 784 1567 bande,
798 1487 841 1552 de
857 1486 951 1552 mille
962 1487 1248 1566 ringratiarnenti
1260 1486 1325 1552 che

8 1620 9 1625 ¹
106 1594 242 1661 lannoa
265 1596 378 1676 iddio,
395 1605 430 1660 et
449 1614 471 1659 a
491 1595 700 1676 tutti-quelli
722 1594 788 1658 che
810 1595 847 1658 in
869 1604 994 1676 questo
1017 1594 1162 1675 negotio
1184 1595 1216 1658 si
1237 1613 1325 1660 sono

107 1703 290 1786 adoperati,
306 1701 576 1784 significandoci
592 1719 691 1768 come
706 1719 776 1766 con
788 1702 925 1782 grande
945 1701 1187 1766 consolatione
1203 1701 1238 1766 di
1258 1711 1324 1766 tut·

107 1811 140 1889 ti,
159 1810 187 1876 s'
205 1818 224 1876 ὲ
245 1812 329 1876 dato
350 1811 501 1876 termino
524 1812 558 1874 al
578 1809 715 1890 grande
735 1810 914 1890 trauaglio
936 1817 970 1872 et
992 1809 1131 1890 rouina,
1148 1809 1239 1873 doue
1255 1810 1321 1872 sin'

108 1916 187 1982 hora
201 1920 230 1982 si
244 1920 499 1984 ritruouauano
515 1919 628 2000 quelle
642 1917 764 1983 afflitte
780 1918 908 1997 anime;
931 1925 967 1980 et
991 1934 1070 1980 essa
1093 1917 1246 1996 giouane
1269 1925 1324 1982 sta

108 2035 283 2090 constante
296 2027 390 2090 nella
404 2027 603 2090 voluntiera
618 2025 803 2108 penitenza
819 2023 874 2088 dcl
889 2042 953 2088 suo
968 2041 1089 2088 errore
1108 2023 1128 2088 ⁸.

156 2131 280 2215 Doppo
295 2143 433 2215 questa,
450 2151 521 2198 vna
538 2134 629 2197 altra
643 2133 795 2212 giovene
810 2133 987 2210 maritata,
1005 2139 1079 2196 atta
1094 2140 1192 2196 certo
1213 2149 1234 2195 a
1254 2132 1320 2196 sar'

106 2247 136 2302 et
148 2257 293 2306 causare
308 2243 415 2304 molle
430 2240 556 2304 ollesse
571 2237 607 2304 di
627 2257 691 2304 sua
713 2239 873 2318 Maiesta‚
898 2238 936 2302 fu
956 2240 1074 2302 leuata
1089 2237 1147 2302 dal
1161 2248 1321 2320 peccato,

105 2346 186 2412 done
198 2349 464 2428 (consentiante,
478 2348 548 2412 imo
556 2347 711 2427 fauente
726 2347 872 2424 marito)
892 2364 954 2435 era
975 2354 1069 2410 stata
1090 2361 1158 2410 con
1179 2347 1321 2427 publico

104 2455 259 2520 scandalo
273 2474 338 2537 per
358 2456 457 2522 molti
478 2456 567 2519 mesi
586 2473 608 2520 a
630 2463 733 2538 posta
752 2454 785 2519 d’
807 2471 876 2518 uno
898 2455 1150 2533 concubinam,
1172 2454 1197 2517 il
1217 2456 1320 2536 quale

105 2577 163 2625 con
177 2563 219 2626 lei
234 2573 363 2627 teneua
377 2562 536 2627 anchora
550 2561 618 2626 due
630 2563 731 2642 altre,
744 2562 821 2627 cioe
834 2579 904 2626 vna
915 2561 952 2624 in
964 2561 1048 2624 villa
1059 2569 1095 2624 et
1109 2559 1176 2624 due
1188 2562 1224 2626 in
1236 2579 1320 2625 casa

104 2669 185 2732 nella
203 2671 299 2734 cirta,
321 2669 393 2734 Era
412 2669 571 2733 anchora
591 2669 635 2733 lei
657 2677 751 2733 stata
776 2669 812 2733 in
838 2677 986 2751 peccato
1012 2686 1080 2732 con
1102 2686 1151 2732 vn
1176 2687 1239 2735 suo
1265 2671 1319 2736 zio

104 2775 215 2858 (turpe
229 2777 365 2856 relatu)
385 2775 480 2841 forse
501 2777 547 2841 da
569 2776 636 2841 due
658 2777 754 2857 anni;
776 2777 893 2840 leuata
915 2776 996 2840 dico
1019 2776 1077 2841 dal
1099 2789 1257 2860 peccato,
1281 2781 1320 2845 fu

104 2883 362 2948 condottanelle
374 2885 580 2964 conuertite,
595 2883 685 2948 doue
700 2884 730 2948 si
745 2883 907 2948 confesso
919 2902 987 2948 con
1001 2885 1060 2948 noi
1076 2902 1176 2951 corne
1188 2888 1320 2952 ancho-

104 3005 138 3052 ra
152 2991 174 3054 il
188 3009 250 3057 suo
266 2991 406 3073 marito,
423 2992 447 3056 li
462 2992 558 3073 quali
578 2992 753 3070 ambedui,
778 2993 984 3056 mostrando
1003 2993 1130 3073 grand'
1154 2995 1319 3060 animodi

103 3097 213 3162 volere
232 3100 354 3164 viuere
375 3099 612 3179 xianamente,
628 3099 658 3163 si
680 3117 766 3163 sono
787 3099 925 3164 retirati
939 3099 976 3162 in
995 3117 1068 3164 vna
1083 3117 1169 3164 casa
1188 3101 1234 3166 da
1254 3120 1318 3168 sua

101 3215 208 3286 posta,
228 3207 415 3272 facendoci
436 3211 522 3288 poro
542 3208 656 3288 prima
678 3207 783 3271 molte
807 3207 1033 3287 promissioni
1055 3217 1089 3272 et
1110 3208 1319 3288 obligationi

7 3346 8 3364 1
100 3311 213 3388 (eirhm
225 3314 402 3395 informa
421 3314 532 3394 tiaris)
552 3314 596 3379 de
615 3315 736 3378 viuere
757 3315 1023 3384 honestamente
1045 3324 1126 3396 etc,
1149 3334 1249 3380 come
1269 3317 1316 3381 in·

8 3402 9 3418 ¹
103 3421 368 3513 tendosanno„
859 3401 886 3445 Χ

150 3525 198 3592 Le
212 3546 320 3594 cuose
337 3529 392 3593 del
408 3529 528 3594 diuino
542 3529 688 3594 seruitio
706 3547 823 3594 vanno
839 3529 1145 3610 mediocremente;
1159 3533 1316 3596 anchora

7 3629 8 3698 3
99 3633 168 3711 che,
182 3653 244 3717 per
258 3654 330 3702 non
345 3637 477 3702 hauere
489 3637 701 3703 811Εεε11.ι
725 3637 832 3702 'data
844 3640 877 3702 la
889 3638 1095 3702 risolutione
1108 3639 1164 3703 dol
1176 3641 1278 3705 luoco
1291 3639 1314 3718 ³,

6 3752 8 3874 ι
99 3749 129 3804 et
138 3751 203 3822 per
216 3761 434 3827 consequens
448 3764 520 3810 non
540 3746 702 3811 hauendo
724 3747 784 3811 noi
804 3748 920 3828 quella
943 3748 1168 3828 commoditas,
1193 3766 1264 3812 non
1286 3748 1316 3812 si

97 3855 161 3926 puo
184 3856 257 3917 cosi
277 3853 524 3917 intieramente
547 3854 708 3934 agiutare
723 3855 781 3919 all'
808 3857 937 3920 anime.
959 3856 1005 3920 M.
1030 3854 1208 3937 Stephano
1234 3852 1246 3886 ⁴
1272 3857 1315 3932 (il

98 3960 193 4034 quale
206 3977 268 4042 per
283 3969 390 4026 conto
405 3961 496 4026 della
513 3970 650 4028 rottura
666 3961 757 4028 della
771 3963 929 4044 ghamba
944 3970 963 4027 ie
979 3973 1071 4028 stato
1086 3981 1148 4046 per
1164 3964 1315 4046 qualche

99 4065 179 4128 mesi
192 4066 371 4148 impedito)
386 4069 513 4132 adesso
527 4068 563 4132 fa
587 4067 711 4132 alcune
732 4069 983 4134 esshortationi
1007 4072 1098 4134 nella
1120 4072 1258 4151 capella
1280 4069 1315 4134 di

6 4219 8 4250 fr
97 4176 292 4252 casanella
308 4176 414 4257 quale
432 4176 583 4260 cluviene
602 4187 710 4257 gente
725 4178 831 4240 etiam
853 4177 896 4242 de
917 4178 1061 4260 qualita,
1085 4195 1314 4260 perseueran-

97 4383 293 4399 *⁴*—

132 4521 138 4552 ¹
170 4521 441 4582 videsuprafflaffiso.

131 4588 142 4620 ¹
167 4591 223 4640 Dux
233 4595 418 4650 Ferrarlensls.
431 4596 557 4643 Hercules
567 4599 590 4644 d'
600 4598 673 4644 Este.

133 4659 144 4692 ⁸
170 4663 197 4709 ln
207 4678 254 4722 qno
265 4670 436 4714 extruendam
446 4675 503 4715 erat
514 4669 666 4732 Collegium.

132 4735 142 4768 ⁸
168 4733 233 4795 hias.
244 4740 391 4797 stephanus
402 4741 546 4791 Barcinus.
