3410 5528
398 536 453 598 320
772 535 944 597 Llrraaan
962 545 1232 605 oraomsrnns

400 684 520 748 tonius
533 681 664 761 Vinch,
681 683 823 747 tametsi
837 681 919 746 huic
935 681 1094 762 Collegio
1108 697 1179 745 non
1193 695 1321 760 parum
1331 677 1547 756 commodus,
1563 693 1616 740 cu·

400 792 454 854 ius
480 791 556 871 lpse
581 799 656 854 tum
679 788 926 870 gubernacula
952 788 1100 868 regebat
1126 786 1148 848 ¹.
1173 785 1248 852 Nec
1272 787 1383 852 multo
1411 794 1490 868 post
1517 783 1617 848 buius

400 896 605 973 aduentum,
623 905 749 960 coacto
769 897 932 977 concilio,
955 896 1053 961 ciues
1077 896 1154 960 eius
1177 893 1276 959 vrbis
1301 903 1429 960 octaua
1454 891 1618 958 februarii
1695 903 1696 964 j

400 1005 646 1080 decreuerunt,
663 1012 703 1066 vt
717 1003 844 1068 ciuitas
858 1004 918 1068 illa
932 1004 1045 1068 tribus
1060 1003 1163 1067 annis
1181 1002 1365 1084 proximis,
1386 1001 1448 1082 qui
1467 1017 1490 1064 a
1507 999 1617 1082 prima
1695 1003 1696 1078 ξ

400 1108 565 1176 Octobris
579 1110 635 1174 die
650 1119 931 1190 numerarentur,
952 1113 1023 1175 tria
1043 1117 1294 1174 coronatorum
1312 1105 1450 1190 M[illia]
1470 1107 1618 1171 Societa-
1695 1103 1696 1178 l

399 1216 453 1281 ti·
468 1219 569 1283 daret
583 1216 629 1281 ad
643 1217 777 1282 reditus
791 1218 961 1282 emendos
982 1227 1016 1281 et
1039 1217 1236 1298 Collegium
1256 1217 1293 1282 in
1311 1233 1355 1280 ea
1376 1214 1616 1282 extruendum.
1695 1189 1696 1234 ¹

401 1326 517 1406 Quam
532 1327 667 1394 adrem
686 1327 762 1407 ipse
780 1341 921 1408 quoque
940 1325 1139 1407 Episcopus
1160 1325 1307 1406 triginta
1326 1325 1451 1389 vncias
1473 1339 1617 1402 annuas,

400 1451 491 1516 quae
504 1437 731 1516 septuaginta
746 1435 899 1517 quinque
915 1441 1105 1498 coronatos
1119 1431 1131 1464 ⁸
1149 1433 1281 1513 valent,
1297 1431 1342 1497 de
1362 1450 1427 1497 suo
1446 1432 1621 1514 pollicitus
1695 1417 1696 1428 ’

400 1551 465 1606 est.
491 1540 640 1624 Jamque
665 1542 741 1606 eius
766 1541 963 1622 sumptibus
983 1541 1077 1606 idem
1095 1539 1202 1604 Pater
1219 1539 1397 1604 Antonius
1416 1555 1497 1604 cum
1511 1541 1622 1603 altero

401 1649 586 1713 sacerdote
601 1667 643 1712 ac
659 1649 795 1713 duobus
809 1649 978 1714 iratribus
999 1648 1113 1729 laycis
1131 1648 1201 1711 illic
1222 1648 1338 1727 alitur,
1361 1664 1433 1711 non
1453 1646 1530 1710 sine
1554 1663 1621 1710 ma·

399 1773 473 1837 gno
499 1757 699 1821 animarum
720 1764 910 1836 prouentu;
932 1765 1069 1820 namet
1090 1755 1357 1833 concionantur,
1379 1762 1414 1819 et
1435 1751 1622 1818 confitendi

400 1863 522 1944 gratia
544 1866 653 1928 multo
673 1865 792 1944 plures
811 1864 857 1928 ad
875 1879 938 1927 eos
957 1863 1186 1944 conueniunt,
1205 1871 1313 1945 quarn
1334 1860 1457 1926 audire
1475 1860 1620 1942 possint.

401 1970 549 2035 Praeter
564 1970 653 2035 haec
668 1971 754 2052 legit
768 1970 807 2035 P.
823 1970 1001 2036 Antonius
1015 1971 1203 2035 lectionem
1214 1987 1361 2035 casuum
1372 1967 1621 2044 conscientiae,

403 2079 448 2142 ad
462 2095 569 2158 quam
583 2079 702 2160 plures
716 2094 822 2159 quarn
837 2079 1063 2160 septuaginta
1074 2077 1284 2160 presbyteri,
1298 2094 1364 2142 nec
1375 2076 1480 2158 pauci
1489 2075 1624 2140 nobiles

404 2202 447 2250 ac
461 2185 630 2266 religiosi,
647 2185 838 2250 confluunt.
854 2185 907 2250 Ea
919 2185 1047 2250 ciuitas
1057 2185 1327 2250 vniuersitatem
1338 2183 1537 2248 studiorum
1548 2199 1624 2264 pro·

403 2291 538 2358 litetur:
553 2310 622 2373 qua
636 2292 681 2357 de
695 2311 803 2358 causa
819 2310 891 2357 non
905 2295 1057 2375 exiguus
1071 2292 1207 2359 fructus
1221 2311 1266 2358 ex
1280 2309 1323 2357 eo
1343 2291 1502 2371 collegio
1522 2307 1625 2372 expe·

402 2401 553 2465 ctandus
567 2400 718 2465 videtur.

465 2508 564 2573 Haec
584 2517 676 2579 sunt.
700 2508 806 2574 Pater
825 2511 1060 2590 obseruande,
1081 2526 1230 2592 qnorum
1249 2507 1286 2573 P.
1310 2507 1351 2571 T.
1372 2506 1562 2572 certiorem
1578 2504 1625 2570 la·

403 2633 486 2680 cere
501 2614 712 2697 cupiuimus,
728 2625 768 2681 vt
786 2617 846 2681 vel
864 2618 945 2682 inde
965 2617 1146 2698 coniicias,
1170 2633 1259 2698 quos
1278 2633 1323 2680 ex
1342 2616 1409 2680 hac
1432 2615 1539 2679 vinea
1558 2613 1626 2677 sru-

404 2733 483 2789 ctus
498 2739 643 2804 sperare
656 2724 784 2805 possis,
800 2723 878 2788 Deo
893 2725 1046 2789 fauente.
1063 2724 1170 2806 Apud
1185 2725 1285 2789 cuins
1296 2723 1520 2798 maiestatem
1532 2721 1627 2786 obni-

402 2831 549 2896 xissime
575 2841 610 2895 te
633 2847 814 2912 rogamus,
837 2842 878 2896 vt
901 2833 972 2897 tuis
996 2833 1161 2914 precibus
1185 2849 1251 2914 pro
1274 2831 1378 2896 nobis
1401 2830 1628 2910 interpellare

402 2939 561 3020 digneris
576 2949 626 3018 vt,
642 2955 781 3021 semper
796 2939 842 3004 ad
856 2940 994 3005 maiora
1010 2949 1043 3004 et
1058 2941 1207 3005 meliora
1223 2939 1433 3021 aspirantes,
1446 2953 1628 3020 nunquam

402 3047 447 3111 ab
463 3046 539 3111 eius
552 3046 777 3112 sanctissima
791 3047 975 3113 voluntate
991 3047 1230 3128 seiungamur.

461 3153 660 3234 Messanae,
675 3153 745 3220 21.⁰
759 3153 845 3220 Maii
859 3171 953 3218 anno
972 3153 1049 3219 1556
1062 3152 1086 3218 ⁴.

1137 3367 1314 3434 Anermus
1333 3367 1467 3433 Fauna.

465 3691 513 3756 In
528 3697 661 3774 quarta
675 3692 820 3773 pagina
831 3690 1238 3772 secundr'exemplr'haec
1249 3695 1391 3756 tantum
1401 3629 1633 3769 legunturff

405 3800 531 3866 Mess.a
544 3801 688 3882 maggio
705 3800 793 3864 1556.

444 4079 454 4114 ¹
482 4080 581 4126 Rector
591 4083 658 4126 erat.
670 4080 798 4126 Polancua
808 4081 833 4124 ln
844 4081 926 4136 primo
935 4080 1061 4136 exemplo.

446 4150 457 4184 Ι
485 4152 585 4197 Vocem
594 4152 662 4197 banc
672 4152 828 4197 cancellavlt
839 4153 932 4197 ibidem
942 4152 1078 4197 Polanous.

447 4225 458 4255 ³
486 4227 563 4280 “qnos
574 4228 741 4269 coronatos...
751 4226 876 4280 appellat,
886 4225 962 4270 hodle
974 4229 1063 4268 scaros
1073 4235 1220 4288 vocamus„
1232 4223 1401 4274 Acunum.
1412 4233 1443 4276 c.,
1454 4232 1514 4276 cap.
1531 4233 1560 4276 v,
1572 4233 1597 4266 n.
1614 4231 1637 4262 vl

444 4297 455 4330 ⁸
483 4297 526 4342 Sic
538 4297 565 4342 in
575 4297 689 4341 secundo
699 4298 827 4352 exemplo:
838 4298 864 4342 ln
873 4298 956 4352 primo
966 4303 1053 4342 autern
1587 4299 1590 4306 ⁴

595 4441 751 4494 Messanae,
762 4441 815 4486 12.ο
825 4441 953 4487 calendas
957 4441 1034 4498 junii
1043 4453 1115 4487 anno
1124 4443 1179 4487 dni.
1190 4441 1256 4486 1556

645 4513 687 4558 Ex
697 4515 885 4558 commissione
895 4515 923 4557 P.
935 4513 1058 4560 Rectam

697 4585 726 4629 P·
746 4586 884 4711 {iurgans
895 4659 923 4701 ln
935 4657 1038 4702 Christo
1045 4657 1129 4714 pilius.

967 4801 1093 4846 Arcturus
1104 4801 1203 4846 Fauna.
