3504 5532
373 507 431 567 126
756 507 928 567 Lnreuau
946 518 1221 576 ousottlucsrnos

373 647 556 720 doctrinae
579 657 799 722 christianae
808 653 1007 723 rudimenta
1028 666 1183 732 nossent,
1207 657 1256 718 ita
1276 666 1357 719 sunt
1379 654 1541 734 permoti,
1558 665 1597 717 vt

373 755 456 828 licet
472 765 536 828 sub
552 764 609 828 dio
624 775 753 840 essent,
770 767 869 828 locus
885 771 978 827 esset
992 766 1066 826 luto
1080 765 1215 844 plenus,
1233 773 1266 825 et
1282 773 1366 826 tunc
1381 763 1488 826 etiam
1503 763 1596 842 plue·

371 879 437 950 ret,
451 873 485 935 in
498 877 630 934 terram
643 881 760 935 tamen
772 889 905 949 omnes
918 871 977 951 qui
991 871 1040 949 (ut
1052 872 1120 934 fert
1130 869 1236 947 lama)
1250 871 1369 949 plures
1383 879 1484 932 erant
1493 885 1603 948 quam

373 977 428 1040 bis
442 979 547 1055 mille,
564 997 634 1042 uno
650 981 804 1042 clamore
819 979 967 1058 parique
981 979 1077 1040 luctu
1092 976 1327 1057 procidentes,
1339 987 1527 1055 utrumque
1541 975 1599 1038 fle·

372 1093 458 1149 ltere
472 1091 578 1166 genu,
595 1086 631 1149 in
647 1089 783 1149 coelum
798 1103 836 1148 se
849 1096 883 1148 et
899 1101 1020 1149 coram
1032 1085 1184 1147 Domino
1197 1100 1365 1165 peccasse
1380 1083 1601 1147 coufitentes„

432 1191 501 1256 Sed
517 1209 628 1272 neque
644 1193 679 1256 in
700 1194 814 1272 ripam
835 1193 945 1254 maris
966 1192 1090 1268 solum,
1114 1191 1360 1268 verumetiam
1379 1189 1414 1254 in
1436 1207 1603 1252 carceres

372 1318 484 1381 usque
499 1309 532 1364 et
543 1302 706 1364 triremes
718 1300 858 1362 dilectio
870 1317 949 1362 sese
960 1299 1148 1379 protendit:
1163 1316 1232 1378 quo
1246 1299 1388 1379 saepius
1399 1299 1504 1362 etiam
1515 1315 1599 1360 ven-

371 1417 447 1471 tum
462 1417 526 1486 est,
543 1417 581 1471 ut
601 1407 811 1470 docerentur
832 1415 905 1469 tam
922 1407 1032 1482 multi,
1053 1406 1112 1485 qui
1132 1405 1315 1468 doctrinae
1337 1404 1467 1468 Christi
1488 1419 1604 1484 vsque

371 1514 461 1577 adeo
484 1523 565 1577 sunt
586 1515 712 1593 ignari.
738 1513 982 1576 Admonentur
1005 1512 1146 1575 interim
1170 1522 1208 1574 vt
1231 1531 1250 1574 a
1275 1511 1367 1574 ludis
1390 1511 1601 1590 blasphemi·

373 1622 472 1702 isque
487 1622 696 1684 abstineant.
719 1621 785 1683 Die
807 1621 915 1700 igitur
934 1617 1089 1699 quadam
1109 1620 1159 1697 (ut
1179 1619 1249 1681 alia
1268 1619 1338 1681 hoc
1359 1619 1436 1680 loco
1460 1618 1603 1681 silentio

372 1728 565 1805 inuoluam)
590 1728 626 1790 in
650 1743 758 1789 vuam
776 1745 795 1789 e
818 1723 1022 1790 triremibus
1044 1727 1187 1805 quidam
1200 1743 1257 1788 ,ex
1278 1726 1409 1788 nostris
1431 1741 1603 1790 conscen-

371 1834 470 1912 denS,
487 1833 739 1898 humanissime
754 1844 807 1896 est
822 1852 843 1896 a
858 1833 1042 1896 Praefecto
1057 1833 1149 1896 illius
1163 1843 1360 1912 susceptus;
1374 1849 1523 1911 cumque
1538 1834 1597 1896 ad·

375 1950 501 2004 uentus
521 1958 666 2004 causam
687 1942 922 2020 exposuisset,
945 1940 1061 2019 coepit
1080 1957 1250 2019 quaerere
1269 1940 1299 2002 si
1319 1941 1378 2020 qui
1400 1947 1517 2001 essent
1539 1941 1602 2018 qui

372 2031 544 2111 luderent:
562 2049 611 2111 illi
625 2066 721 2128 uer0,
736 2047 829 2110 dicto
842 2048 1056 2125 obedientes
1071 2057 1104 2109 et
1119 2047 1264 2110 chartas
1274 2047 1428 2110 lusorias
1444 2056 1477 2109 et
1492 2055 1600 2108 tesse-

373 2171 434 2218 ras
448 2171 512 2217 sua
528 2164 652 2234 sponte
665 2155 710 2218 ad
725 2155 838 2235 ipsum
854 2155 1021 2232 detulere,
1040 2163 1077 2215 vt
1090 2155 1125 2216 in
1141 2171 1238 2217 mare
1252 2153 1452 2234 proiiceret,
1468 2169 1600 2230 rogan-

375 2271 439 2324 tes,
455 2261 649 2334 Postremo
667 2262 808 2324 refectis
822 2262 889 2324 illis
904 2261 1003 2324 uerbi
1019 2261 1086 2323 Dei
1101 2261 1191 2338 cibo,
1204 2261 1353 2340 rogabat
1364 2269 1506 2340 praeter
1521 2277 1600 2322 cae·

373 2379 470 2431 teros
484 2368 637 2432 triremis
652 2367 868 2446 Praefectus
880 2379 919 2431 vt
932 2385 974 2430 eo
988 2367 1207 2447 frequentius
1218 2367 1360 2444 rediret,
1375 2367 1442 2444 cui,
1460 2367 1602 2446 quoties

373 2475 448 2538 fieri
463 2476 586 2555 potuit,
603 2473 827 2538 satisfactum
841 2484 905 2538 est.

433 2581 522 2646 Cum
537 2600 607 2645 non
622 2582 750 2645 minori
765 2583 832 2644 hac
849 2580 987 2660 hyeme,
1001 2599 1107 2662 quam
1123 2590 1259 2644 aestate
1273 2579 1476 2661 praeterita,
1490 2597 1599 2643 anno·

375 2707 443 2752 uae
458 2689 576 2769 inopia
587 2688 715 2752 civitas
729 2689 819 2751 haee
836 2689 1026 2767 laboraret,
1051 2697 1125 2751 tum
1141 2705 1185 2751 ne
1201 2688 1281 2766 alio,
1298 2688 1328 2750 si
1342 2687 1479 2768 publice
1494 2687 1601 2766 panis

374 2797 635 2872 diuenderetur,
650 2795 840 2858 transmitti
852 2805 982 2874 posset,
997 2796 1190 2858 tumeliam
1201 2813 1245 2858 ne
1257 2810 1451 2874 pauperum
1462 2800 1601 2873 egesta-

373 2912 445 2966 tem
467 2903 614 2966 diuitum
634 2902 791 2982 potentia
813 2902 1044 2981 opprimeret,
1061 2902 1196 2964 nobiles
1211 2901 1382 2982 quosdam
1398 2901 1599 2979 religiosos-

372 3026 439 3089 que
464 3009 578 3086 viroS,
599 3007 658 3088 qui
679 3011 772 3070 ultro
793 3025 880 3084 sese,
903 3025 972 3088 quo
992 3024 1187 3088 pauperum
1206 3007 1324 3086 inopia
1345 3007 1502 3086 ipsorum
1517 3023 1599 3086 ope·

372 3133 413 3178 ra
435 3115 689 3191 subleuaretur,
707 3115 863 3177 obtulere
879 3111 961 3176 huic
977 3114 1125 3192 muneri,
1146 3123 1184 3176 ut
1202 3130 1331 3193 panem
1346 3121 1421 3176 tota
1441 3112 1527 3177 urbe
1549 3111 1600 3176 di-

370 3221 579 3299 uenderent,
601 3221 700 3283 vrbis
720 3219 891 3284 Rectores
911 3221 1166 3300 praefecerunt.
1187 3219 1401 3283 Pientissimi
1421 3237 1508 3300 ergo
1527 3220 1599 3283 viri

371 3345 447 3391 rem
461 3328 553 3390 hanc
568 3327 822 3390 officiosissime
837 3325 1130 3390 administrarunt
1153 3345 1195 3388 ea
1209 3329 1299 3404 lege,
1320 3339 1357 3388 ut
1372 3337 1447 3390 tota
1468 3326 1527 3390 illa
1541 3344 1601 3406 pe-

373 3435 488 3512 cunia,
509 3451 615 3514 quam
632 3434 763 3496 laboris
782 3435 934 3513 pretium
955 3443 1072 3496 essent
1094 3434 1275 3512 accepturi
1295 3433 1458 3512 (redeunt
1479 3443 1600 3496 autem

371 3540 418 3604 ad
432 3557 494 3603 eos
507 3540 543 3603 in
557 3541 717 3618 singulas
731 3539 972 3603 hebdomadas
989 3540 1214 3620 septuaginta
1229 3551 1290 3603 aut
1304 3559 1346 3603 eo
1368 3544 1484 3620 plures
1499 3557 1600 3604 coro-

371 3649 470 3727 nati),
487 3649 523 3712 in
541 3664 715 3727 pauperes
735 3647 1014 3711 distribueretur.
1038 3647 1149 3710 Vides
1164 3658 1294 3728 quanta
1310 3648 1355 3711 sit
1371 3649 1520 3726 illorum,
1538 3650 1600 3728 qui

370 3765 531 3819 nostrum
545 3755 769 3834 frequentant
785 3756 965 3834 templum,
979 3753 1015 3816 in
1030 3754 1231 3833 proximum
1241 3755 1409 3817 charitas.
1425 3754 1474 3817 At
1488 3771 1598 3834 quan·

370 3873 408 3926 to
431 3861 641 3944 pientissimi
662 3860 828 3940 Protegis
849 3859 1195 3941 officiosissimaeque
1218 3861 1328 3942 ipsius
1350 3860 1441 3924 filiae
1456 3860 1599 3925 effusior

371 3970 532 4048 largitas!
548 3969 609 4049 qui
621 3968 684 4030 vix
696 3967 810 4031 sciunt
823 3984 1010 4031 conserere
1022 3984 1203 4031 sermones
1215 3968 1282 4030 uisi
1294 3968 1337 4031 de
1348 3968 1601 4031 subueniendis

371 4076 595 4156 pauperibus
613 4073 777 4139 Ceterum
792 4074 827 4137 id
842 4074 957 4152 magis
972 4090 1011 4136 re
1026 4083 1226 4154 praestant,
1243 4091 1349 4154 quam
1364 4073 1484 4136 verbis
1498 4091 1598 4154 prae·

372 4183 502 4246 dicant.
524 4183 569 4246 Hi
588 4182 717 4245 etenim
737 4199 806 4244 non
829 4183 1012 4260 exiguam,
1034 4182 1145 4244 hocce
1166 4181 1270 4244 lamis
1284 4191 1457 4260 tempore,
1482 4181 1603 4244 victus

371 4297 508 4369 partem
523 4289 713 4352 detrahunt
722 4287 887 4367 familiae,
905 4305 1010 4368 quam
1025 4289 1062 4351 in
1076 4305 1249 4367 pauperes
1263 4296 1422 4366 erogent:
1439 4289 1600 4367 ipsorum

371 4412 511 4477 quoque
525 4404 559 4459 et
575 4395 723 4459 aliorum
737 4394 906 4458 nobilium
921 4394 1080 4458 virorum
1100 4412 1208 4475 opera
1224 4397 1293 4459 ista
1312 4404 1365 4457 est
1385 4395 1599 4458 studiosissi-

372 4520 428 4567 me
439 4503 543 4565 simul
554 4501 823 4582 etpientissime,
841 4519 923 4565 cum
934 4503 1124 4564 multorum
1136 4501 1425 4580 Messanensium,
1438 4511 1512 4565 tum
1523 4519 1597 4566 ma-

371 4609 466 4673 xime
481 4627 614 4686 eorum,
631 4609 690 4689 qui
705 4627 724 4671 e
739 4607 903 4672 Calabria
919 4608 988 4670 huc
1003 4608 1039 4669 in
1054 4607 1129 4671 dies
1143 4607 1335 4687 confluunt,
1352 4608 1491 4690 inopiae
1513 4626 1595 4672 con·

370 4718 511 4797 sultum,
535 4725 573 4779 ut
596 4716 714 4796 plures
736 4731 843 4794 quam
864 4715 1013 4778 trecenti
1032 4731 1206 4795 pauperes
1229 4716 1383 4796 quotidie
1405 4723 1538 4780 statuto
1558 4715 1595 4780 in
