3410 5528
376 529 432 593 330
758 533 929 596 Iarrnnae
947 547 1218 606 oonunmnsrnns

366 697 442 760 gno
463 697 527 745 nos
550 683 724 762 applausu
739 683 966 764 excipientes.
990 682 1151 764 Plerique
1173 683 1234 747 alii
1256 682 1303 749 ad
1323 699 1391 747 nos
1411 689 1596 759 uenerunt,

366 788 412 852 ad
434 805 539 869 quos,
562 797 706 869 propter
732 791 883 855 uestium
905 791 1095 867 desectum,
1119 807 1190 855 non
1211 799 1417 871 poteramus
1441 789 1596 871 prodire.

367 894 549 959 Hactenus
569 897 663 960 enim
684 897 729 960 ob
750 897 786 962 id
807 898 1008 962 delituimus
1032 898 1158 962 inclusi
1183 898 1389 962 monasterii
1410 897 1590 968 claustris.

367 1002 438 1066 imo
465 1003 564 1066 initio
588 1021 633 1067 ne
658 1004 858 1068 cubiculum
885 1005 1024 1086 quidem
1049 1014 1254 1086 poteramus
1278 1003 1418 1084 egredi,
1448 1013 1595 1085 propter

367 1111 571 1174 continuum
595 1127 808 1176 concursum
832 1113 1033 1191 uulgarium
1058 1111 1256 1190 bominum,
1284 1111 1344 1193 qui
1368 1112 1596 1193 exploratum

366 1217 553 1300 ueniebant
578 1227 736 1282 nostram
764 1218 961 1282 libertatem
985 1219 1090 1298 (sic):
1117 1218 1290 1283 hactenus
1317 1218 1354 1283 in
1381 1217 1593 1296 dormitorio

366 1325 639 1403 monachorum,
656 1341 737 1389 cum
751 1325 935 1390 monachis
956 1335 991 1390 et
1012 1326 1090 1388 aliis
1111 1325 1322 1406 quibusdam
1342 1325 1458 1399 laicis,
1482 1325 1592 1389 cellas

365 1442 506 1494 nostras
519 1431 716 1496 habuimus.
735 1431 958 1513 Quapropter
974 1433 1178 1497 continuum
1192 1448 1406 1497 concursum
1420 1431 1597 1496 hacteuus

364 1538 462 1618 passi
476 1555 614 1617 sumuS,
638 1538 762 1603 eodem
778 1541 856 1603 loco
871 1539 992 1621 pransi
1006 1556 1139 1617 sumus,
1156 1538 1280 1605 eadem
1294 1539 1412 1604 culina
1426 1539 1494 1614 usi,
1512 1554 1595 1604 cunt

365 1646 521 1708 maxima
542 1645 723 1710 seruitute.
745 1644 937 1726 Speremus
952 1647 988 1710 in
1003 1644 1157 1711 Domino
1173 1646 1362 1726 aliquando
1380 1646 1438 1712 his
1452 1661 1596 1727 quoque

366 1751 444 1816 dari
463 1752 583 1832 finem,
607 1753 769 1834 quamuis
792 1755 924 1818 nullam
945 1761 1006 1816 aut
1027 1766 1177 1833 paruam
1192 1753 1439 1834 apparentiam
1452 1752 1598 1820 uideam

363 1875 528 1924 recessus
543 1860 811 1938 monachorum,
827 1859 980 1941 eoquod
1000 1877 1072 1924 nou
1086 1860 1298 1941 completam
1315 1859 1469 1926 habeant
1490 1875 1597 1926 suum

366 1966 569 2048 petitionem
585 1965 678 2047 apud
694 1965 838 2046 Regem.

423 2066 611 2138 Piaeterea
633 2075 865 2140 eleemosinas
890 2075 1078 2139 nonnullas
1099 2092 1120 2138 a
1147 2065 1317 2155 praefatis
1340 2073 1465 2139 amicis
1490 2090 1597 2138 acce·

366 2181 460 2263 pisse
474 2199 555 2260 nos,
578 2182 716 2245 silentio
730 2182 925 2263 praeterire
938 2199 1011 2245 non
1025 2175 1284 2261 possum'Tria
1298 2180 1392 2244 enim
1413 2195 1503 2246 uasa
1519 2197 1599 2244 cer·

364 2289 496 2368 uiciae,
520 2290 774 2369 cumprimum
795 2289 1025 2367 uenissemus,
1049 2297 1130 2352 sunt
1151 2288 1254 2354 nobis
1274 2287 1410 2352 oblata:
1435 2287 1511 2355 uiui
1533 2288 1597 2352 ali·

367 2407 451 2477 quot
466 2397 609 2476 pocula:
625 2385 781 2476 ¹gallinae
795 2404 962 2476 quatuor;
979 2395 1070 2460 duae
1084 2395 1129 2459 ab
1151 2394 1242 2460 aliis:
1265 2395 1381 2475 pisces
1402 2402 1436 2460 et
1456 2393 1598 2477 carpiu-

363 2519 427 2567 nes
449 2512 618 2584 quatuor:
645 2504 690 2567 ab
714 2502 894 2588 aliopars
919 2518 1050 2583 magna
1075 2501 1258 2568 salmonis:
1282 2501 1408 2583 quibus
1430 2501 1599 2568 omnibus

367 2622 516 2692 apparet
530 2627 597 2674 nos
611 2627 683 2674 non
698 2610 742 2674 ab
757 2610 920 2674 omnibus
934 2625 1013 2674 esse
1028 2618 1260 2690 contemptos.

424 2717 549 2797 Quoad
564 2717 781 2796 aedificium,
798 2717 886 2780 satis
900 2717 1055 2798 amplam
1069 2716 1240 2780 habemus
1254 2715 1397 2780 domum
1411 2731 1475 2796 pro
1491 2716 1598 2782 uobis

365 2826 436 2890 imo
461 2825 588 2904 uiginti
609 2830 848 2905 personarum
869 2839 1050 2904 capacem,
1076 2823 1108 2887 si
1130 2821 1236 2888 modo
1262 2822 1359 2888 illam
1380 2821 1599 2888 haberemus

363 2933 527 2997 liberam:
542 2931 646 2996 facile
660 2947 800 3012 quoque
822 2939 945 3011 aptare
960 2939 1013 2994 est
1027 2930 1145 2994 locum
1159 2928 1320 3008 uouitiis,
1336 2937 1371 2994 et
1385 2928 1454 2994 boc
1467 2929 1598 3010 paucis

364 3038 547 3119 expensis:
568 3039 686 3102 culina
708 3037 807 3102 breui
822 3037 1041 3116 absoluetur‚
1056 3035 1299 3114 refectorium,
1315 3036 1449 3102 classes
1470 3053 1517 3104 ex
1538 3053 1597 3104 or·

362 3147 442 3210 dine
453 3154 641 3226 sequentes
656 3155 808 3226 quatuor
823 3161 975 3224 magnae
988 3152 1024 3207 et
1035 3142 1305 3224 pulcherrimae,
1319 3159 1422 3224 quae,
1439 3143 1599 3226 demptis

360 3254 488 3333 ligneis
504 3262 565 3316 aut
578 3251 701 3317 uitreis
715 3251 897 3328 fenestris,
914 3251 1026 3316 ferme
1040 3261 1121 3316 sunt
1136 3251 1336 3328 absolutae,
1353 3266 1507 3331 quarum
1520 3261 1599 3318 tres

362 3371 509 3443 possunt
530 3360 634 3424 facile
653 3359 953 3441 comprehendere
968 3358 1138 3422 ducentos
1153 3357 1405 3424 scholasticos:
1421 3359 1600 3439 templum

364 3477 523 3531 nostrum
545 3467 745 3547 egregium,
769 3466 832 3530 sed
853 3482 1019 3547 paruum,
1043 3465 1192 3530 chorum
1213 3473 1332 3530 tamen
1354 3463 1491 3532 habens
1510 3466 1596 3530 luci·

363 3575 562 3652 dissimum,
587 3573 681 3654 quod
707 3573 848 3653 quidem
871 3589 936 3637 suo
962 3581 1120 3652 tempore
1147 3571 1250 3638 facile
1275 3569 1439 3652 ampliari
1460 3581 1597 3652 potest,

363 3682 574 3763 applicando
603 3680 768 3745 uidelicet
796 3680 984 3760 quemdam
1012 3677 1217 3744 monasterii
1237 3678 1437 3756 ambitum3
1467 3695 1597 3746 verum

365 3789 458 3854 istud
472 3789 574 3852 nobis
588 3789 656 3852 hoc
671 3797 830 3868 tempore
845 3786 984 3850 abunde
1000 3784 1138 3850 sufficit.

423 3897 605 3977 Frequens
620 3903 672 3958 est
694 3895 842 3975 populus
857 3893 892 3956 in
908 3891 1092 3956 audiendis
1106 3893 1236 3970 sacris,
1253 3892 1361 3957 etiarn
1377 3899 1519 3974 praeter
1535 3909 1599 3956 ex·

365 4005 612 4086 pectationem,
635 4011 709 4066 tam
722 4001 930 4078 catholicus,
951 4016 1057 4080 quam
1078 3999 1254 4064 Usciticus
1278 3999 1299 4058 ¹.
1323 3998 1380 4064 Ad
1402 3997 1539 4079 Regem
1561 4000 1600 4064 in

366 4111 538 4192 principio
553 4108 565 4141 ¹
580 4109 664 4174 Maii
680 4124 803 4174 omnes
824 4107 1020 4185 adiuimuS,
1044 4106 1086 4170 ad
1112 4123 1234 4186 quem,
1258 4107 1418 4170 osculata
1438 4105 1600 4187 primum

365 4237 471 4284 manu
492 4217 686 4297 renitentis,
699 4215 807 4282 Suam
817 4215 1039 4280 Maiestatem
1050 4231 1130 4278 sum
1140 4213 1268 4278 affatus
1279 4213 1334 4278 his
1346 4223 1407 4277 aut
1421 4211 1601 4278 similibus

368 4436 579 4445 .—-—

405 4571 414 4605 ¹
444 4571 575 4616 Gnissouil
587 4569 711 4614 librarius
720 4568 825 4623 scripsit
840 4567 965 4620 Uarillus·
975 4577 1066 4612 verum
1081 4571 1128 4610 aut
1143 4565 1197 4621 lpse
1213 4570 1260 4610 aut
1274 4565 1342 4610 nllus
1355 4575 1435 4621 supra
1449 4569 1603 4619 putrem

367 4645 431 4688 duas
442 4644 546 4687 litteras
556 4643 676 4697 apposuit
687 4653 713 4692 a,
721 4640 765 4685 ubl
774 4639 951 4695 apponendum
962 4645 1032 4682 esset
1042 4649 1069 4690 u,
1078 4639 1116 4682 lta
1125 4643 1154 4682 ut
1165 4639 1268 4692 legatur
1281 4635 1424 4680 Usciticus.

404 4715 415 4748 ²
444 4715 492 4760 Hic
504 4714 626 4758 librarius
636 4722 747 4757 exarare
758 4710 853 4766 lnceplt
864 4711 971 4754 verbum
987 4709 1058 4764 dlle],
1070 4710 1155 4764 apatlo
1170 4709 1261 4754 relicto
1275 4713 1304 4754 ut
1319 4711 1494 4764 apponeretur
1508 4717 1601 4756 um

365 4799 418 4842 rus:
429 4787 496 4842 quod
507 4790 592 4830 tamen
604 4785 714 4841 spatium
725 4782 843 4838 implevit
854 4793 929 4826 mann
940 4781 1046 4837 propria
1059 4781 1208 4830 Golsaonlu·
1218 4781 1335 4828 scribent
1345 4781 1373 4824 ia
1382 4777 1518 4836 principio

723 5015 739 5060 Ι
