3368 5528
394 520 448 580 516
778 519 950 579 erraarm
969 533 1240 588 Quaumasraas

394 663 481 729 satis
495 664 643 728 honesto
654 666 732 728 loco
749 673 854 727 natus
869 663 1088 741 adolescens,
1104 662 1150 726 ab
1163 663 1232 727 alio
1245 679 1316 726 non
1328 664 1475 727 multum
1489 673 1603 738 aetate,

393 771 550 835 moribus
564 780 682 835 autem
696 772 802 850 longe
816 770 989 848 dissimili,
1006 779 1113 851 atque
1128 769 1178 834 ita
1197 771 1417 848 uulneratus,
1434 781 1472 832 ut
1487 769 1533 832 de
1548 770 1605 832 eius

391 878 465 942 uita
477 894 587 959 prope
599 877 823 958 desperatum
836 887 940 940 esset.
954 875 1204 957 Quamobrem,
1218 877 1278 956 qui
1289 875 1478 956 maleficii¹
1495 877 1606 940 author

391 984 516 1064 fuerat,
534 1003 578 1048 ne
598 1003 619 1048 a
636 985 812 1048 uulnerati
827 983 938 1047 fratre
957 983 992 1046 in
1006 983 1061 1047 ius
1076 993 1265 1048 uocaretur
1280 983 1425 1060 ueritus
1440 983 1604 1054 latitabat,

391 1109 572 1173 nunquam
590 1092 694 1156 domo
715 1090 837 1171 egredi
856 1107 975 1171 ausus;
995 1089 1057 1154 sed
1069 1099 1207 1154 tantum
1219 1091 1329 1168 abest,
1346 1099 1385 1154 ut
1397 1090 1493 1154 caesi
1509 1091 1604 1154 irater

391 1215 470 1263 eum
485 1199 565 1262 odio
580 1207 864 1279 prosequeretur,
881 1205 919 1262 ut
934 1199 1041 1262 etiam
1053 1197 1150 1262 illum
1164 1196 1224 1260 diu
1239 1197 1442 1278 quaesierit,
1456 1199 1606 1277 quaesito

390 1324 475 1369 uero
500 1315 535 1369 et
559 1306 715 1384 inuento,
736 1321 868 1369 noxam
889 1304 1142 1368 humanissime
1158 1303 1384 1368 condonarit>
1401 1301 1482 1366 Non
1506 1305 1608 1367 minus

391 1423 668 1476 commemoratu
690 1411 838 1490 dignum
857 1421 921 1490 est,
944 1411 1038 1492 quod
1059 1412 1102 1474 de
1121 1410 1276 1491 quodam
1297 1409 1369 1474 alio
1385 1411 1518 1489 fertur
1534 1407 1609 1489 qui·

310 1597 313 1606 Δ
390 1536 470 1583 cum
484 1536 555 1581 non
570 1517 736 1598 ignobilis
751 1528 845 1582 esset
860 1518 1084 1596 conditionis
1101 1518 1151 1581 ita
1166 1535 1278 1600 aequo
1293 1499 1412 1581 anirho
1434 1527 1607 1598 acceptum

389 1625 579 1705 colaphum
594 1625 771 1704 sustinuit,
788 1634 826 1688 ut
846 1626 905 1705 qui
920 1625 1107 1688 lacessitus
1122 1634 1210 1703 erat,
1229 1641 1251 1686 a
1266 1625 1462 1688 lacessente
1478 1625 1607 1688 ueniam

391 1732 653 1812 deprecaretur,
671 1731 717 1796 ad
732 1732 809 1796 eius
822 1748 941 1812 genua
960 1731 1180 1813 prouolutus.

450 1837 542 1918 Quid
556 1856 641 1903 uero
654 1839 697 1903 de
711 1838 755 1903 iis
769 1838 898 1917 dicam,
915 1854 1004 1920 quos
1016 1837 1165 1903 dextera
1175 1837 1316 1904 Excelsi
1329 1839 1528 1904 incredibili
1539 1855 1609 1920 qua·

389 1944 470 2009 dam
484 1945 616 2008 uirtute
632 1946 681 2008 ita
696 1945 857 2025 mutauit,
874 1954 912 2008 ut
927 1961 1078 2008 excusso
1090 1945 1201 2009 durae
1215 1945 1398 2009 seruitutis
1410 1945 1508 2026 iugo,
1526 1944 1609 2027 quod

388 2052 451 2115 sub
467 2051 654 2131 daemone,
669 2051 801 2116 mundo
818 2069 861 2116 ac
872 2069 982 2116 carne
998 2052 1231 2131 sustinebant,
1244 2051 1477 2116 blandissimo
1489 2051 1610 2117 Christi

376 2159 472 2239 iugo
489 2161 581 2223 colla
602 2159 867 2240 supposuerint?
886 2159 953 2223 Vir
975 2169 1052 2223 erat
1070 2159 1216 2240 quidam
1237 2159 1306 2223 hac
1320 2159 1357 2222 in
1378 2161 1465 2224 urbe
1481 2160 1526 2224 ob
1541 2177 1610 2223 exe·

389 2267 522 2330 cranda
538 2265 672 2346 flagitia
693 2267 855 2330 omnibus
874 2266 1023 2345 inuisus
1044 2283 1114 2347 quo
1135 2266 1242 2330 etiam
1260 2266 1402 2330 nomine
1417 2267 1462 2330 ab
1485 2268 1568 2332 urbe
1581 2266 1610 2328 in

391 2373 538 2436 exilium
553 2374 731 2454 relegatus
746 2373 872 2452 luerat,
896 2373 955 2436 vbi
977 2373 1250 2453 expilationibus
1267 2381 1303 2436 et
1324 2373 1525 2438 homicidiis
1538 2372 1612 2437 insi·

387 2480 471 2560 gnis
485 2480 547 2544 diu
562 2497 643 2545 curn
653 2480 814 2558 uixisset,
826 2481 939 2544 nostri
951 2479 1135 2544 cuiusdam
1149 2479 1267 2544 Patris
1282 2497 1403 2562 opera,
1416 2481 1474 2544 cui
1486 2498 1550 2546 sua
1562 2479 1611 2543 ille

386 2595 534 2667 peccata
547 2588 730 2651 confessus
746 2586 873 2666 iuerat,
889 2585 1054 2651 effectum
1070 2596 1187 2664 estut,
1211 2587 1373 2667 deposito
1389 2603 1431 2650 eo
1446 2587 1541 2651 uitae
1554 2602 1612 2666 ge·

386 2711 483 2772 nere,
500 2694 665 2758 tutiorem
685 2693 830 2758 uiuendi
852 2694 1026 2757 rationem
1042 2693 1226 2775 arriperet.
1243 2691 1299 2756 Nil
1313 2693 1372 2756 ille
1395 2703 1564 2766 moratur,
1580 2701 1611 2754 et

390 2800 549 2880 corporis
564 2799 743 2880 animique
757 2808 892 2864 mutato
904 2799 1038 2878 habitu,
1056 2816 1094 2864 se
1109 2798 1188 2864 Deo
1200 2809 1313 2863 totum
1327 2783 1524 2864 monachus
1536 2797 1611 2863 effe·

388 2915 477 2982 ctus,
500 2906 654 2972 deuouit.
678 2906 837 2987 Dignum
858 2905 1018 2987 profecto
1040 2907 1120 2971 uiro
1141 2907 1291 2971 lacinus.
1313 2905 1480 2984 Ceterum
1502 2923 1612 2972 nonne

388 3015 506 3077 auimo
531 3016 610 3095 plus
631 3030 738 3095 quam
753 3014 848 3078 uirili
861 3013 927 3079 suit
946 3013 1110 3078 loeminei
1132 3013 1329 3096 infirmique
1354 3031 1461 3078 sexus
1477 3015 1611 3090 mulier,

388 3138 573 3202 quaecum
589 3122 794 3202 compositis
814 3121 886 3185 iam
906 3120 1107 3185 foederibus
1122 3131 1270 3202 accepta
1293 3131 1387 3185 esset
1409 3121 1445 3184 in
1468 3135 1614 3185 uxorem

388 3228 432 3291 ab
448 3244 591 3308 sponso,
607 3236 801 3309 posteaque
813 3229 858 3290 ab
872 3227 951 3308 ipso
966 3245 1055 3309 repu
1064 3227 1164 3307 tiata,
1182 3229 1294 3291 altera
1310 3227 1436 3305 ascita,
1452 3246 1525 3292 non
1537 3243 1614 3290 eum

386 3335 423 3398 in
434 3334 488 3398 ius
499 3337 653 3414 uocauit,
666 3335 729 3400 sed
740 3335 873 3399 omisso
882 3335 1023 3398 mortali
1032 3351 1176 3414 sponso,
1186 3333 1327 3398 Christo
1336 3351 1414 3398 sese
1423 3334 1613 3416 copulauit,

387 3443 520 3505 nullam
535 3459 686 3522 passura
708 3441 858 3522 amplius
878 3441 1072 3521 repulsam,
1095 3440 1164 3505 nisi
1183 3457 1221 3504 se
1240 3441 1318 3523 ipsa
1339 3459 1358 3505 a
1378 3457 1510 3523 sponso
1523 3437 1614 3504 suo*

387 3525 514 3629 sponte
528 3549 730 3612 subtrahat?

445 3653 551 3718 Plura
568 3655 623 3718 his
645 3672 735 3736 quae
747 3655 902 3719 scribam
923 3673 996 3720 non
1017 3665 1240 3735 succurrunt,
1262 3654 1303 3719 R.
1325 3654 1377 3734 Ρ.,
1394 3666 1429 3719 et
1447 3655 1612 3737 quoniam

385 3762 601 3842 paucissima
618 3771 711 3840 sunt,
730 3779 899 3842 rogamus
918 3761 959 3826 R.
976 3762 1014 3826 P.
1031 3763 1071 3826 T.
1088 3771 1128 3826 ut
1141 3779 1207 3844 pro
1220 3762 1323 3826 nobis
1334 3761 1428 3841 apud
1439 3759 1553 3825 Deum
1566 3761 1614 3824 in·

388 3869 546 3932 tercedat
557 3885 628 3950 quo
646 3869 831 3947 grauiores
842 3869 967 3933 uineae
979 3869 1081 3933 nobis
1095 3869 1307 3933 commissae
1322 3869 1474 3933 cultores
1488 3868 1611 3930 simus.

445 3976 643 4054 Messanae,
659 3974 700 4038 24
715 3975 771 4040 die
786 3974 984 4057 Septembr.
1004 3976 1091 4040 1556.

447 4081 501 4146 De
515 4082 763 4146 commissione
777 4082 809 4145 d’
824 4084 848 4146 il
864 4081 902 4145 P.
918 4081 1075 4148 Rettore.

445 4187 486 4253 R.
504 4189 540 4253 P.
558 4189 598 4252 T.
616 4189 782 4269 indignus
797 4207 923 4254 seruus
937 4207 980 4254 ac
995 4189 1087 4254 filius
1102 4191 1138 4256 in
1152 4190 1236 4272 Jesu
1250 4189 1411 4273 Christo,

1027 4405 1245 4470 Fraucrscus
1265 4403 1485 4470 Srsnnnuus.

425 4608 434 4640 ¹
462 4609 564 4653 delicti.
575 4608 717 4653 Focaneus.

425 4680 437 4713 ¹
464 4679 636 4735 quidammo.

424 4751 435 4784 ³
463 4751 518 4806 X.⁰,
528 4752 553 4796 ld
564 4758 613 4806 ert,
624 4749 736 4804 Christo,
747 4750 845 4794 addidit
856 4749 993 4796 Polaticus.
