3368 5528
631 527 634 534 ·
631 510 734 574 ·.Au
755 511 847 572 1556‘
1286 511 1357 589 oet,-

109 652 270 732 apaucis
284 654 386 718 annis
400 655 581 722 institutae
596 657 912 723 administrationis
927 658 1032 724 huius
1054 659 1163 739 loci,
1154 676 1190 722 m
1210 657 1340 724 diuinis

109 759 232 825 officiis
246 771 282 826 et
296 761 332 826 in
346 764 460 827 sacris
470 764 680 830 lectionibus
684 775 809 847 ,atque
821 767 994 846 imprimis
1007 767 1103 830 circa
1115 784 1243 830 munus
1257 783 1337 847 poe·

109 867 277 932 nitentiae
303 869 409 951 (quod
434 880 596 936 nostrum
620 873 694 937 iere
720 875 907 954 collegium
932 891 1028 938 nunc
1054 874 1214 950 sustinet)
1243 874 1344 955 fama„

93 977 322 1054 percrebuit·
337 987 374 1040 ut
393 995 463 1042 non
482 996 545 1060 per
565 981 714 1044 Italiam
734 982 859 1058 solum,
881 981 944 1045 sed
965 981 1010 1045 ad
1029 987 1178 1045 exteras
1200 999 1348 1062 quoquo-

108 1083 269 1148 nationes
284 1089 491 1165 peruaserit:
511 1105 620 1168 osque
634 1105 655 1151 a
670 1087 870 1152 Mediolano
885 1097 980 1152 certe
994 1087 1102 1167 (vnde
1122 1089 1160 1150 iri
1173 1097 1241 1169 per.
1262 1088 1339 1174 lite·¹

108 1206 172 1253 ras
185 1191 233 1254 R.
250 1191 429 1256 Dominus
446 1194 670 1258 Gubernator
691 1194 699 1226 ¹
721 1196 970 1276 significatum
989 1195 1059 1258 sibi
1075 1196 1175 1258 nobis
1195 1194 1349 1273 retulit).=

107 1298 197 1362 ultro
217 1299 374 1382 citroque
389 1302 488 1365 multi
503 1302 613 1366 solius
627 1313 772 1367 sanctae
793 1314 827 1367 et
842 1303 1077 1384 praestabilis
1099 1305 1268 1368 nouitatis
1282 1284 1345 1367 ui?

107 1406 238 1470 sendae
254 1408 369 1473 studio
390 1422 601 1473 commeant.

163 1512 346 1596 Principes
361 1535 431 1581 non
443 1519 547 1597 pauci
563 1518 717 1599 vndique
729 1519 948 1582 aduenerunt
960 1528 997 1582 ut
1009 1519 1272 1583 sanctissimum
1288 1520 1347 1588 10·.·

107 1635 185 1683 cum
194 1621 397 1700 inuiserent‚
411 1643 454 1688 ac
466 1643 531 1688 nos
543 1626 694 1706 quidem,
708 1635 781 1690 tam
789 1627 945 1705 benigna
949 1626 1133 1704 facilitate
1145 1607 1344 1690 salutatum

106 1727 323 1804 accedentes
341 1741 567 1812 exceperunt:
586 1741 745 1796 nostrum
761 1734 827 1814 ipsi
850 1733 1048 1812 Collegium
1068 1733 1344 1810 udinnisernnt,

106 1844 142 1896 ut
158 1834 295 1900 difficile
309 1837 404 1901 dictu
419 1840 464 1902 sit
479 1849 596 1903 utrum
611 1857 734 1903 eorum
749 1841 783 1903 in
804 1857 868 1902 nos
888 1841 1001 1904 maior
1019 1841 1070 1903 sit
1090 1839 1331 1904 benevolentia

108 1956 151 2002 an
172 1942 215 2004 rie
234 1947 308 2006 tam
329 1944 509 2009 submissa
527 1953 721 2026 sanctaque
740 1947 973 2025 benignitate,
996 1952 1122 2010 nostra
1142 1962 1334 2026 eorumque
1411 1999 1413 2004 .

113 2048 276 2128 omnium,
294 2053 355 2131 qui
374 2052 411 2116 id
435 2053 667 2132 intuerentur,
684 2054 884 2117 admiratio.
907 2054 1101 2134 Praecipue
1126 2071 1211 2117 uero
1238 2054 1272 2116 id
1299 2051 1336 2116 in

108 2152 293 2221 Caidinale
308 2158 520 2239 Augustano
536 2158 547 2191 ¹
562 2178 784 2242 summopere
804 2178 926 2225 omnes
948 2167 1175 2242 stupescunt.
1191 2161 1224 2224 Is
1239 2162 1340 2224 enim

106 2282 176 2330 non
202 2267 351 2330 obscure
378 2267 548 2331 eximium
581 2285 738 2332 amorem
772 2269 885 2332 nostri
919 2269 955 2331 in
990 2287 1051 2332 ore
1085 2277 1190 2349 atque
1222 2270 1335 2332 oculis

105 2375 258 2438 omnium
272 2374 479 2438 declarauit.
497 2375 616 2439 Veluti
630 2393 711 2440 cum
727 2376 771 2439 ad
786 2383 949 2456 paratam
964 2376 1000 2438 in
1019 2376 1243 2439 sanctissimo
1266 2370 1335 2438 Dei

105 2480 290 2546 Genitricis
305 2482 466 2547 cubiculo
482 2485 605 2546 sellam
628 2484 872 2561 deduceretur,
893 2482 958 2563 qui
976 2483 1056 2546 inde
1076 2483 1199 2546 laudes
1222 2484 1333 2564 ipsius

103 2587 329 2653 Beatissimae
344 2589 505 2670 Virginis
521 2608 563 2654 ac
578 2591 719 2655 litanias
734 2590 973 2654 concinendas
992 2590 1188 2668 exaudiret,
1206 2592 1330 2653 sellam

104 2697 259 2775 proxime
275 2697 321 2760 ad
336 2714 411 2776 n05,
429 2699 487 2778 qui
503 2700 538 2762 in
554 2698 727 2762 vestibulo
743 2699 858 2762 sancti
872 2698 1023 2761 cubiculi
1036 2697 1330 2776 consistebamus‚

106 2803 285 2869 transferri
299 2805 509 2884 imperanti·
524 2806 636 2887 iisque
647 2805 844 2868 decantatis
857 2805 1031 2882 laudibus
1045 2823 1127 2868 mox
1140 2805 1176 2867 in
1187 2814 1330 2868 nostros

105 2920 282 2990 aspectum
308 2921 529 2990 conuertens,
555 2914 620 2976 hoc
645 2913 778 2976 amoris
797 2913 852 2974 sui
872 2912 1113 2976 testimonium
1133 2911 1187 2974 bis
1207 2919 1331 2991 terque

107 3019 196 3082 clara
215 3036 306 3082 voce
325 3021 479 3083 iterauit:
504 3020 609 3098 “Vos
636 3019 760 3100 inquit,
789 3020 875 3083 estis
899 3018 1028 3082 iratres
1054 3019 1140 3082 mei:
1164 3035 1231 3080 vos
1256 3026 1330 3080 toto

106 3125 206 3190 corde
219 3127 446 3206 amplector„;
469 3127 608 3208 aliaque
627 3124 826 3189 huiusmodi
847 3126 1028 3203 nonnulla,
1050 3125 1178 3204 quilius
1198 3141 1329 3203 magna

105 3229 228 3296 clerus
246 3251 289 3296 ac
300 3233 461 3314 populus
476 3233 709 3297 admiratione
725 3233 963 3313 obstupefacti
978 3238 1082 3310 sunt,
1102 3232 1327 3310 adiungebat.

106 3337 168 3401 His
192 3341 363 3403 accedunt
391 3341 485 3421 quod
512 3339 588 3421 ipse
613 3340 752 3404 nostris
776 3357 883 3403 sacra
909 3339 1102 3410 celebrare.
1127 3356 1191 3402 sua
1222 3356 1329 3402 manu

106 3461 218 3511 omnes
242 3448 402 3528 corporis
427 3447 596 3511 dominici
619 3447 784 3512 conuiuio
806 3447 1081 3526 communicare,
1103 3445 1193 3508 duas
1213 3447 1328 3510 alieno

106 3560 253 3634 tempore
268 3555 470 3634 conciones
488 3556 634 3619 alteram
647 3556 837 3634 intemplo,
851 3573 896 3618 ex
910 3561 1042 3617 statuto
1058 3553 1324 3630 concionatore,

106 3660 243 3726 alteram
257 3662 349 3726 inter
364 3661 597 3740 coenandum,
615 3679 659 3726 ex
672 3679 741 3724 uno
753 3662 874 3736 fratre
887 3670 1088 3724 nostrorum
1102 3660 1325 3722 adolescente

106 3770 296 3834 auscultare
313 3769 473 3832 uoluerit.
492 3769 557 3832 Hic
573 3769 621 3832 ita
638 3770 794 3832 animum
814 3770 889 3831 cius
910 3768 1111 3845 commouit,
1135 3775 1173 3832 ut
1194 3765 1325 3829 effusas

106 3875 201 3940 etiam
214 3877 419 3958 lachrymas
432 3895 477 3939 ex
492 3877 715 3940 sanctissima
731 3876 885 3956 quadam
900 3875 1041 3956 pietatis
1056 3874 1190 3937 laetitia
1206 3891 1248 3937 ac
1264 3891 1323 3936 uo-

105 3977 226 4060 luptate
241 3983 481 4065 profunderet,
495 3984 578 4048 dum
588 3983 758 4047 Societati
769 3984 918 4046 coelitus
929 3982 1148 4062 impartitum
1160 3980 1339 4061 spiritum.

103 4083 247 4154 diuinum
262 4093 298 4154 in
312 4101 436 4155 tenero
452 4092 558 4155 etiam
577 4091 721 4172 palmite
745 4091 861 4153 inesse
880 4088 1086 4152 demiratur.
1108 4087 1187 4167 Qua
1205 4087 1244 4149 in
1266 4076 1332 4150 die'

103 4193 312 4262 bene·.mane·
325 4199 522 4262 institutum
542 4199 608 4262 iter
628 4207 786 4279 repetere
808 4205 991 4275 statuerat,
1013 4212 1075 4259 nec
1094 4194 1105 4226 ³
1128 4196 1321 4259 insalutato

136 4473 144 4506 ¹
170 4473 257 4521 Sermo
268 4483 307 4521 est
323 4489 372 4522 non
385 4478 416 4521 de
427 4477 607 4523 Gubernatore
616 4483 707 4522 status
722 4475 927 4530 Mediolanensis,
944 4475 986 4530 qui
1002 4475 1043 4519 his
1053 4475 1182 4518 mensibus
1198 4480 1255 4517 erut
1266 4473 1322 4518 Tri·

101 4539 208 4590 dentiam
222 4543 589 4605 Cardlnnlit:chr'ist'opt10rus
607 4547 961 4603 Maerueci,tvera1,8torta
978 4545 1206 4604 denitunam.
1220 4545 1320 4599 xxvut).

102 4614 140 4657 led
149 4615 177 4660 de
187 4617 364 4664 Gubernatore
376 4623 477 4666 Almae
480 4620 576 4666 Domus
587 4621 765 4666 Lauretanae
755 4621 887 4680 ,Gaspare
897 4620 928 4668 de
939 4618 1022 4669 Dotis
1079 4633 1083 4642 ·
1105 4633 1107 4640 “

137 4683 148 4714 ²
173 4687 231 4735 Otto
242 4691 385 4738 Trnchscss
395 4706 446 4738 rou
457 4693 613 4748 waldburg
1081 4691 1085 4700 ’

138 4758 149 4792 ⁵
174 4759 222 4820 sle,
232 4765 276 4808 red
287 4771 357 4814 recte
365 4765 477 4814 deletum
488 4777 504 4816 a
514 4765 637 4816 Polanco.
