3578 5534
374 523 410 580 tt
759 521 931 580 errsaau
951 537 1224 590 Quanaruusruus

375 667 463 730 satis
487 666 710 730 intellexerit.
734 667 823 746 Deo,
849 675 1029 731 tantorum
1053 664 1226 730 bonorum
1251 667 1400 744 auctori,
1428 667 1544 745 gloria
1570 680 1606 732 et

375 774 575 852 gratiarum
590 775 683 839 actio
699 773 857 839 debetur.

435 880 529 944 Ante
545 879 863 962 Quadragesimam
874 883 954 946 loca
964 881 1111 962 aliquot,
1124 881 1297 946 hactenus
1307 879 1395 944 milti
1404 880 1603 958 inaccessa,

374 987 479 1050 adibo
494 997 657 1068 vocatus,
672 996 758 1070 puta
777 988 947 1069 Corpiere
969 987 991 1063 ¹,
1012 989 1137 1052 vrbem
1156 988 1239 1052 hinc
1259 987 1372 1052 tribus
1394 987 1604 1052 milliaribus

374 1093 553 1173 dissitam,
583 1095 755 1160 Lambres
783 1095 795 1128 ²
823 1096 980 1176 (semper
1008 1097 1181 1159 hactenus
1209 1094 1339 1158 ibidem
1368 1093 1603 1172 desideratus)

374 1210 511 1281 septem
524 1201 770 1266 milliariorum
783 1203 970 1266 interuallo
991 1203 1181 1266 distantem
1199 1217 1343 1282 pagum,
1365 1200 1558 1265 Vertoison
1577 1200 1602 1279 ³,

374 1305 546 1372 Sanctum
560 1309 750 1390 Julianum.
766 1309 898 1373 Iterum
912 1325 1052 1390 quoque
1074 1310 1227 1372 inuisam
1247 1309 1516 1384 Issiodorenses,
1538 1309 1604 1371 Lo·

374 1431 573 1478 zounenses
587 1417 611 1494 ‘,
627 1426 661 1479 et
675 1433 765 1496 quos
779 1433 842 1498 per
865 1427 1005 1498 tempus
1025 1417 1145 1480 licebit
1165 1416 1268 1494 alios,
1290 1415 1454 1494 precibus
1473 1417 1603 1478 victus.

375 1520 481 1584 Faxit
513 1520 676 1586 Christus
709 1533 748 1586 vt
781 1523 930 1587 verbum
963 1523 1149 1603 Euangelii
1178 1531 1300 1587 currat
1329 1533 1364 1586 et
1391 1521 1607 1586 clarificetur

375 1645 528 1708 semper.

435 1734 537 1798 Reus
551 1734 725 1800 Dominus
739 1736 898 1800 decreuit
912 1737 959 1800 ad
973 1737 1068 1800 Pam
1083 1747 1183 1801 tuam
1197 1736 1403 1818 propediem
1415 1737 1536 1801 literas
1547 1737 1605 1800 de·

377 1842 524 1920 stinare,
545 1843 682 1922 quibuS,
705 1845 887 1924 assignato
906 1844 1029 1908 viatici
1050 1844 1238 1924 impendio,
1260 1852 1411 1923 quatuor
1430 1845 1605 1925 professo·

377 1964 435 2010 res
461 1949 543 2013 huic
568 1949 798 2029 Academiae,
824 1960 965 2031 praeter
986 1968 1172 2014 numerum
1195 1951 1290 2014 hunc
1309 1961 1471 2014 nostrum
1490 1961 1605 2014 terna-

378 2055 482 2132 rium,
506 2056 675 2136 efflagitet
696 2058 733 2121 in
754 2059 956 2138 proximum
978 2055 1121 2138 Majum,
1148 2075 1217 2138 quo
1239 2058 1380 2138 quidem
1400 2075 1521 2121 mense
1545 2058 1605 2120 hic

376 2163 660 2242 expectabantur
675 2162 697 2227 ⁵.
714 2163 804 2228 Nam
820 2175 893 2227 tum
908 2165 1051 2228 scholae
1067 2165 1182 2227 omnis
1197 2181 1283 2228 cura
1298 2165 1335 2227 in
1349 2162 1537 2229 Societatis
1548 2164 1606 2245 jus

378 2270 611 2333 transferetur
626 2291 647 2334 a
660 2270 922 2336 Canonicorum
933 2271 1102 2350 Collegio,
1115 2287 1224 2351 penes
1235 2287 1323 2350 quos
1333 2288 1376 2334 ea
1387 2281 1441 2334 est
1452 2272 1606 2334 auctori-

378 2385 446 2437 tas.
464 2373 585 2440 Aedes
599 2377 771 2456 quasdam
787 2378 912 2470 inthac
931 2377 1064 2440 vicinia
1085 2376 1188 2442 nobis
1208 2377 1378 2441 conduxit
1397 2377 1605 2458 Episcopus

378 2498 470 2560 quae
485 2493 632 2546 nostrae
646 2485 806 2547 seruiant
820 2484 1043 2562 habitationi,
1059 2483 1173 2547 donec
1187 2501 1229 2547 eo
1244 2485 1334 2562 loco,
1351 2501 1455 2564 quem
1476 2485 1605 2558 incolo,

378 2588 577 2668 Collegium
592 2602 749 2654 erectum
764 2591 809 2654 sit
824 2591 936 2670 ipsius
950 2590 1148 2670 impendiis
1166 2589 1256 2654 Nam
1272 2590 1408 2670 domuS,
1425 2590 1575 2655 Gibbort
1594 2591 1606 2621 ⁰

378 2697 591 2775 cognomine
606 2707 843 2777 nuncupatae,
860 2697 973 2760 omnis
988 2714 1070 2777 spes
1089 2697 1191 2762 nobis
1210 2697 1376 2778 adempta
1395 2708 1448 2761 est
1468 2697 1513 2760 ob
1533 2699 1606 2762 exi·

376 2803 487 2868 mium
502 2805 665 2884 pretium,
687 2822 756 2885 quo
777 2805 928 2868 duorum
947 2805 1096 2867 millium
1117 2816 1369 2868 coronatorum
1390 2806 1504 2885 pretio
1526 2823 1606 2886 pos·

378 2925 497 2972 sessor
513 2927 591 2974 eam
607 2911 788 2975 indicauit.

437 3015 601 3081 Reditum
616 3018 794 3082 Lutetiam
811 3018 913 3082 Rau
933 3017 1107 3081 Dominus
1121 3019 1284 3097 proximo
1304 3017 1482 3082 februario
1504 3019 1606 3082 ador·

379 3132 451 3185 nat.
467 3121 497 3185 F
499 3125 573 3186 axit
587 3124 750 3188 Christus
765 3135 804 3188 vt
818 3141 919 3188 mora
935 3124 1049 3188 omnis
1065 3140 1171 3204 quam
1186 3124 1361 3204 ocyssime
1372 3125 1605 3206 abrumpatur

378 3228 426 3291 ad
442 3231 628 3308 augustius
643 3230 840 3294 Maiestatis
854 3247 941 3294 suae
955 3230 1173 3310 obsequium.

439 3335 623 3400 Biliomaei
638 3337 826 3402 Societatis
840 3348 984 3401 nostrae
999 3337 1202 3414 diuortium,
1216 3337 1382 3418 Episcopi
1395 3339 1609 3402 auctoritate

380 3442 604 3522 imperatum,
620 3461 728 3524 aegre
745 3444 872 3508 serunt.
890 3444 1158 3508 Claromontani
1169 3444 1266 3507 ciues
1279 3445 1412 3525 aliquot
1423 3445 1606 3526 praecipui

379 3547 494 3612 ΒΜ
513 3550 705 3615 Dominum
719 3551 907 3615 obsecrare
922 3561 1192 3631 proposuerunt,
1208 3561 1248 3614 vt
1263 3549 1477 3615 Societatem
1488 3549 1607 3615 Claro·

379 3668 498 3720 monte
519 3668 694 3722 conuocet
716 3675 758 3720 ac
779 3657 910 3722 foueat.
936 3657 1138 3736 Caeterum,
1164 3668 1224 3720 aut
1246 3657 1433 3738 desperato
1456 3658 1529 3721 voti
1552 3660 1608 3721 sui

377 3781 547 3828 successu
566 3765 777 3828 sententiam
797 3774 1007 3842 mutaturos,
1031 3774 1091 3828 aut
1111 3766 1237 3828 saltem
1257 3766 1435 3844 repulsam
1458 3765 1502 3827 ab
1525 3764 1606 3844 Epi·

379 3887 490 3950 scopo
512 3887 684 3950 passuros
703 3887 820 3952 spero,
841 3870 983 3934 Biliomi
1001 3870 1209 3949 erigendum
1230 3869 1428 3950 Collegium
1450 3879 1608 3950 praesto·

380 3977 469 4040 lans.
496 3977 672 4042 Hesterno
697 3979 753 4042 die
779 3997 800 4040 a
825 3976 906 4041 ΗΡΘ
937 3977 1185 4041 Gubernatore
1205 3987 1240 4040 et
1261 3975 1342 4040 Ι).110
1372 3977 1609 4041 Procuratorc

423 4251 430 4285 ¹
460 4253 610 4309 Courpr'dre,
622 4256 646 4298 ln
656 4255 790 4298 veteribus
800 4255 899 4298 chartis
910 4253 1079 4308 Croupt'erre.

420 4324 432 4357 ⁸
458 4325 509 4378 Sic;
521 4337 612 4370 uerum
621 4338 668 4370 nec
676 4328 702 4371 in
712 4327 846 4370 veteribus
856 4337 903 4370 nec
915 4329 940 4370 iu
951 4325 1138 4370 recentioribus
1148 4325 1249 4370 chartis
1259 4327 1379 4381 oppidum
1396 4327 1433 4370 ita
1448 4327 1610 4382 appellatum

379 4397 517 4452 reperitur.
529 4397 576 4443 Est
588 4399 710 4442 tamenin
722 4399 854 4442 veteribus
864 4398 1013 4453 oppidulum
1030 4397 1166 4450 Vambres,
1176 4409 1226 4442 nou
1236 4399 1311 4452 longe
1327 4409 1343 4442 a
1359 4399 1554 4454 saint-Julian,
1568 4411 1611 4444 eu·

377 4469 420 4522 Jus
430 4469 519 4514 atatim
532 4469 558 4513 lrt
569 4469 673 4524 tuentio,
683 4471 769 4524 situm,
777 4472 843 4525 qnod
854 4481 903 4514 nou
914 4470 1029 4514 meminit
1040 4467 1146 4520 Jonaar.

421 4539 433 4572 ⁸
466 4540 614 4586 Vertat'son.

422 4612 434 4644 ⁴
461 4611 512 4664 Sic;
523 4623 610 4666 supra,
622 4617 640 4655 t.
651 4622 688 4665 ut,
698 4623 758 4666 pag.
767 4611 815 4664 bill,
827 4609 1071 4656 Louna-Leuant?

421 4683 433 4716 ὓ
460 4684 526 4727 Vide
537 4683 651 4728 Potascr
663 4683 817 4733 Chronicon,
828 4691 845 4729 t.
857 4695 882 4738 v,
892 4695 955 4740 pag.
965 4685 1014 4738 3⁴8,
1025 4695 1049 4729 n.
1059 4685 1110 4730 9tl.
1123 4691 1149 4728 et
1160 4690 1248 4728 annot.
1265 4685 1283 4727 1.

420 4753 433 4788 ⁸
460 4755 511 4810 sle
521 4755 625 4800 Polancl
636 4763 723 4801 tanuen
734 4755 856 4800 librarius
865 4755 930 4810 legit
940 4761 967 4800 et
979 4757 1004 4800 ln
1015 4755 1169 4806 Chrom'con,
1179 4758 1195 4800 l.
1205 4767 1237 4809 c..
1247 4758 1415 4812 transcripsit
1431 4757 1517 4803 thot.
