3436 5526
669 535 729 592 Aa.
751 531 820 594 1556
1299 537 1355 596 613

135 676 242 757 aliud,
259 682 473 764 quamlquod
488 681 589 761 alius
610 679 820 762 quidudum
840 681 910 746 illic
929 679 1118 746 Rectorem
1138 683 1211 762 egit
1232 679 1253 759 ¹,
1275 701 1358 748 non·

130 781 214 848 dum
238 786 439 867 emigravit.
466 789 545 852 Non
571 789 772 853 dubitamus
798 789 882 870 quin
904 789 1057 870 plurima
1077 789 1123 853 sit
1150 799 1360 870 operaturus

130 889 306 958 Dominus
320 911 384 974 per
398 893 593 976 Collegium
609 897 687 975 hoc,
706 896 801 976 quod
820 905 941 960 tantae
956 896 1181 962 difficultates
1201 898 1360 978 tantique

129 999 272 1063 labores
286 1001 427 1066 tandem
449 1013 673 1084 pepererunt.
696 1001 840 1067 Obstitit
861 1003 963 1067 nobis
977 1005 1150 1067 hactenus
1164 1005 1360 1086 uersipellis

129 1115 164 1168 et
184 1107 415 1172 saeuissimus
436 1109 549 1174 hostis
569 1110 714 1174 humani
734 1109 887 1190 generis,
908 1111 1036 1174 timens
1052 1110 1272 1176 inferendum
1294 1112 1360 1176 sibi

129 1213 287 1292 exitium,
304 1215 334 1278 si
350 1231 415 1295 pro
430 1219 522 1282 uotis
537 1235 594 1280 res
610 1227 753 1281 nostrae
775 1217 1016 1296 succederent,
1040 1219 1140 1300 sique
1162 1219 1358 1300 Collegium

128 1321 272 1402 aliquod
286 1323 406 1388 inhac
421 1332 494 1388 tam
506 1324 635 1390 celebri
650 1323 890 1390 Uniuersitate
905 1343 948 1390 ac
963 1327 1049 1390 urbe
1063 1326 1356 1403 nominatissima,
1420 1319 1423 1326 ’

128 1437 162 1491 et
187 1446 280 1509 quae
301 1441 409 1512 caput
429 1447 493 1495 seu
510 1431 716 1513 Metropolis
737 1440 790 1496 est
805 1433 913 1497 totius
931 1432 1108 1497 inferioris
1129 1433 1354 1513 Germaniae,

127 1536 429 1603 nancisceremur.
451 1538 554 1603 Hanc
574 1541 668 1603 enim
690 1539 871 1604 ciuitatem
890 1541 999 1605 ueluti
1019 1540 1156 1620 ducem,
1181 1541 1281 1605 cuius
1300 1559 1356 1605 ue·

125 1643 233 1724 stigia
248 1645 347 1726 sequi
362 1644 514 1710 debeant
528 1647 565 1710 in
580 1647 754 1726 omnibus,
770 1665 861 1729 quae
883 1649 928 1712 ad
946 1646 1167 1728 Religionem
1187 1657 1222 1713 et
1242 1666 1358 1712 mores

126 1753 316 1831 pertinent,
345 1753 524 1818 intuentur
549 1755 639 1818 aliae
664 1772 753 1835 pene
778 1773 913 1836 omnes,
938 1764 976 1820 ut
1000 1757 1045 1820 ab
1070 1757 1175 1821 huius
1199 1757 1358 1823 moribus

127 1859 280 1923 aliorum
295 1877 414 1924 mores
427 1861 615 1941 pendeant.
632 1861 728 1926 Vicit
744 1872 862 1926 tamen
877 1863 949 1926 Leo
969 1862 1012 1927 de
1031 1863 1124 1928 tribu
1144 1864 1241 1942 luda,
1266 1865 1356 1927 vice·

125 1973 208 2029 runt
224 1967 350 2031 merita
364 1967 696 2048 illustrissimorum,
717 1971 1020 2034 sanctissimorum
1042 1969 1191 2050 Regum,
1206 1989 1357 2051 quorum

125 2073 184 2136 hic
199 2091 281 2137 ossa
298 2075 495 2156 quiescunt.
511 2075 609 2140 Vicit
628 2077 759 2140 chorus
779 2087 985 2140 sanctarum
1004 2077 1194 2156 Virginum
1214 2065 1357 2143 VRSV·

123 2179 221 2245 LAE
236 2191 270 2244 et
286 2183 475 2248 comitatus
488 2183 574 2262 eius,
591 2183 678 2247 vicit
692 2193 726 2246 et
741 2184 982 2249 nobilissimus
996 2184 1243 2249 Thebaeorum
1258 2201 1356 2250 exar-

124 2289 234 2368 cituS,
256 2289 316 2370 qui
336 2307 400 2370 pro
420 2299 543 2354 nostra
565 2289 711 2355 Colonia
731 2293 918 2356 continuas
936 2293 982 2356 ad
1007 2291 1122 2356 Deum
1140 2308 1264 2373 preces
1282 2292 1356 2356 sun·

124 2394 224 2476 dunt,
248 2413 293 2460 ne
313 2415 334 2460 a
354 2398 528 2462 maiorum
548 2415 693 2463 suorum
711 2398 778 2462 lide
799 2416 841 2461 ac
865 2399 1049 2479 Religione
1070 2398 1257 2478 desciscat,
1282 2399 1355 2477 sed,

123 2503 193 2584 piis
208 2505 352 2569 monitis
366 2506 499 2584 adiuta,
516 2505 688 2585 paulatim
702 2509 863 2570 saniores
878 2523 996 2570 mores
1012 2516 1181 2570 assumat.

182 2611 357 2692 Magister
371 2611 547 2678 Henricus
562 2611 573 2644 ¹
589 2613 898 2694 (quemadmodum
912 2614 1153 2694 superioribus
1168 2615 1279 2678 literis
1299 2631 1357 2677 ve·

123 2728 238 2784 stram
250 2718 292 2783 R.
306 2721 493 2785 certiorem
505 2719 585 2797 leci)
598 2730 781 2801 promotus
791 2720 827 2784 in
839 2720 1054 2801 Theologiae
1066 2723 1355 2801 Baccalaureum,

122 2827 349 2892 Psalmorum
376 2826 631 2892 Dauidicorum
656 2827 918 2892 enarrationem
944 2829 1145 2910 assumpsit,
1172 2847 1260 2909 quos
1285 2837 1358 2894 tam

123 2936 300 3002 foeliciter
324 2935 594 3017 interpretatur,
619 2944 658 3001 ut
683 2953 806 3000 omnes
830 2935 1047 3016 Theologiae
1072 2936 1268 3016 Doctores,
1296 2936 1356 3017 qui

125 3055 208 3109 ante
224 3043 434 3109 decennium
449 3042 581 3108 Sacras
601 3043 740 3108 Literas
761 3043 912 3124 professi
931 3052 1022 3124 sunt,
1045 3045 1152 3124 longo
1172 3043 1359 3108 interuallo

124 3159 348 3233 praecurrat,
364 3161 401 3216 ut
415 3151 520 3215 facile
533 3150 735 3215 auditorum
747 3167 914 3215 numerus
926 3151 1128 3215 testimonio
1140 3169 1218 3215 esse
1230 3159 1357 3232 potest.

124 3259 315 3323 Confluunt
330 3276 486 3340 namque
500 3259 621 3339 plures
636 3259 680 3322 ad
695 3259 771 3322 eius
787 3260 967 3338 lectiones,
985 3275 1091 3340 quam
1107 3259 1153 3322 ad
1173 3259 1276 3338 illius,
1299 3259 1360 3340 qui

123 3385 144 3429 a
159 3367 273 3430 multo
288 3373 446 3447 tempore
461 3365 632 3430 docuerit.
649 3365 825 3430 Dominus
839 3365 949 3445 Deus,
965 3367 1026 3446 qui
1038 3367 1144 3428 talem
1156 3383 1359 3429 successum

123 3472 233 3552 dedit,
250 3472 349 3536 dabit
364 3481 398 3536 et
412 3473 573 3537 foelicem
588 3473 732 3538 exitum.
755 3472 955 3554 Suspensae
975 3481 1068 3550 sunt,
1089 3473 1193 3536 huius
1212 3471 1362 3536 Uniuer-

123 3581 243 3646 sitatis
259 3596 368 3659 more,
384 3580 555 3644 lectiones
570 3588 644 3643 tum
658 3590 804 3660 propter
824 3579 1082 3660 quodlibeticas
1097 3579 1323 3660 quaestiones
1337 3577 1359 3658 ³,

124 3699 200 3754 tum
226 3696 374 3770 propter
397 3687 555 3768 ingentia
577 3687 725 3767 frigora,
749 3697 823 3750 tum
843 3679 949 3750 etiam
968 3697 1113 3768 propter
1133 3685 1363 3749 festiuitatem

123 3796 321 3861 instantem
341 3792 365 3855 ⁴.
389 3793 561 3877 Magister
583 3794 759 3858 Henricus
776 3793 974 3857 Louanium
997 3793 1176 3873 profectus
1198 3803 1251 3856 est
1266 3801 1362 3856 certe

124 3903 304 3984 quaedam
327 3900 482 3983 negotia,
507 3918 597 3982 quae
618 3898 839 3980 Religionem
855 3909 1084 3978 concernant,
1101 3899 1290 3962 admodum
1304 3917 1362 3963 ne-

125 4009 296 4088 cessaria,
320 4009 590 4090 compositurus.
611 4005 834 4071 Reuersurus
853 4015 972 4070 tamen
994 4016 1075 4070 ante
1095 4005 1183 4069 baec
1204 4005 1361 4082 sesta,ut

123 4117 314 4183 lectionem
330 4125 492 4197 coeptam
509 4123 757 4196 prosequatur.

183 4223 357 4303 Magister
382 4221 537 4305 Joannes
560 4219 674 4300 Riedt,
697 4238 778 4286 cum
797 4220 1049 4302 occupationes
1069 4219 1179 4285 lutari
1198 4219 1358 4300 Collegii,

162 4505 172 4538 ¹
201 4501 329 4556 “jacobus
338 4499 482 4553 Lemnius„
493 4499 538 4552 ln..
552 4499 628 4552 illd„
638 4507 727 4546 annot.
738 4501 759 4545 2.

160 4575 173 4609 Ι
199 4572 343 4619 “Henricus
353 4571 501 4628 Dionysias.
516 4570 565 4616 llle
581 4571 727 4627 theologiae
738 4572 858 4617 facultati
873 4569 1021 4626 adscriptus
1033 4571 1117 4616 luerat
1133 4570 1174 4614 die
1184 4568 1220 4615 2¹
1237 4567 1357 4616 Octobris

118 4645 254 4702 (Matrlkel
265 4643 430 4689 ¹''illatrlculae
440 4644 506 4688 llber
516 4654 562 4687 eeu
572 4648 724 4697 regestum..
734 4655 761 4688 rr
772 4644 815 4690 iol.
825 4643 897 4700 22⁰2,
908 4643 955 4700 lo,
966 4643 1040 4698 ibid„
1051 4648 1137 4692 annot.
1145 4641 1167 4690 a.

162 4719 175 4754 ⁸
203 4716 272 4762 Vide
283 4715 397 4769 Hersen,
409 4717 425 4760 l.
436 4727 465 4766 c..
476 4727 536 4770 pag.
547 4713 595 4768 285,
606 4723 697 4759 annot.
710 4715 730 4758 2.

163 4792 176 4828 ⁴
205 4788 360 4836 Nativitatln
371 4787 428 4836 Dnl.
440 4787 470 4833 Ν.
481 4785 652 4844 Jesucurlatl..
