3578 5534
721 497 784 556 All.
805 497 876 556 1556
1375 497 1411 554 47

180 642 316 705 tionem
338 643 589 708 depasturum
610 643 725 708 officio
749 644 857 708 habui
876 660 998 708 coram
1017 644 1195 723 Episcopo
1222 653 1255 706 et
1275 644 1410 724 aliquot

181 747 379 814 Abbatibus
395 769 438 814 ac
452 751 739 831 frequentissima
754 751 956 815 auditorum
978 766 1128 815 corona:
1144 767 1236 830 quae
1255 750 1408 831 quidem,

178 873 286 920 iussn
310 857 496 939 Episcopi,
518 859 613 939 typis
632 876 765 922 excusa
786 858 822 920 in
840 859 956 922 lucem
971 859 1104 938 prodit,
1128 873 1235 937 quam
1259 856 1410 921 Romam

181 967 364 1030 mittimus.
381 965 511 1029 Mirum
524 977 577 1028 est
592 982 699 1046 quam
713 966 890 1046 Episcopo
905 983 948 1029 ac
963 965 1077 1028 doctis
1092 965 1274 1045 placuerit.

241 1073 427 1152 Vigesimo
443 1083 544 1136 sexto
568 1070 733 1137 Octobris
753 1072 791 1136 P.
814 1071 1052 1154 Hieronymus
1071 1072 1217 1136 Bassius
1235 1090 1279 1136 ac
1299 1072 1410 1153 Magi·

180 1191 255 1244 ster
268 1180 395 1243 Petrus
408 1178 553 1242 Canalis
567 1179 831 1244 claromontem
854 1178 1003 1243 Biliomo
1020 1180 1065 1243 ad
1084 1196 1140 1242 me
1159 1188 1409 1259 peruenerunt.

183 1287 326 1352 Patrem
351 1285 610 1366 Hieronymum
636 1285 864 1349 Claromonte
889 1286 1077 1350 collocauit
1102 1286 1148 1348 ad
1169 1293 1325 1366 tempuS,
1352 1286 1411 1367 qui

180 1396 219 1458 in
253 1391 498 1472 xenodochio,
533 1393 740 1473 quotidiano
774 1392 967 1472 sacrificio,
1003 1393 1104 1456 verbi
1140 1393 1334 1456 ministerio
1368 1409 1412 1456 ac

184 1518 384 1583 pauperum
403 1517 490 1562 cura
512 1498 757 1576 oeconomica,
780 1516 975 1580 pauperum
997 1500 1234 1564 consolationi
1252 1499 1410 1577 inseruit,

181 1625 265 1672 cum
280 1607 411 1671 celebri
430 1605 617 1669 Societatis
636 1607 751 1684 sama,
772 1606 817 1670 ad
839 1615 1020 1686 stuporem
1038 1607 1201 1671 homines
1220 1608 1410 1671 excitante.

181 1715 309 1796 Quem,
326 1714 372 1777 ob
386 1714 605 1792 singularem
621 1713 689 1776 viri
704 1712 931 1792 modestiam,
948 1715 1252 1778 mansuetudinem
1268 1732 1310 1777 ac
1331 1731 1411 1794 pru-

181 1823 358 1899 dentiam,
380 1820 520 1900 gaudeo
541 1820 643 1883 uobis
668 1821 725 1883 hic
752 1819 980 1900 praefectum.
1008 1819 1247 1884 Concionatus
1267 1829 1320 1885 est
1342 1819 1413 1885 Ad·

182 1937 329 1993 uentum
344 1927 524 2006 integrum
539 1927 574 1989 in
592 1926 824 2004 xenodochio,
842 1928 997 2006 priorem
1011 1926 1106 1991 Petri
1122 1944 1293 1990 enarrans
1306 1945 1414 1991 cano·

182 2037 316 2112 nicam,
333 2051 414 2098 cum
427 2033 591 2096 maxiem
606 2034 808 2097 auditorum
819 2035 937 2112 gratia
950 2039 983 2096 et
991 2033 1203 2112 frequentia
1215 2035 1259 2096 ob
1272 2034 1414 2114 pietatis

186 2142 301 2205 zelum
316 2141 404 2204 soris
418 2142 644 2204 relucentem.
666 2139 859 2203 Maximam
880 2157 967 2203 sane
987 2140 1213 2204 venerandus
1233 2141 1291 2204 hic
1308 2141 1415 2205 Pater

186 2246 282 2329 apud
308 2249 407 2312 ciues
431 2245 728 2311 claromontanos
749 2247 802 2309 sui
822 2246 974 2310 nominis
996 2247 1260 2325 auctoritatem,
1283 2249 1413 2312 animo-

185 2372 266 2418 rum
281 2353 399 2418 studio
413 2354 600 2431 indefesse,
617 2353 799 2417 conciliat:
816 2354 970 2416 familiae
990 2354 1111 2426 buiuS,
1128 2354 1166 2416 in
1181 2371 1251 2432 qua
1273 2371 1415 2434 versor,

182 2459 371 2524 domestici
387 2460 566 2524 mensibus
580 2459 730 2539 singulis
752 2459 979 2537 confitentur,
997 2477 1067 2522 non
1088 2461 1222 2541 absque
1241 2461 1411 2524 virtutum

185 2567 361 2650 proiectu.
377 2565 515 2630 Diebus
536 2567 685 2646 singulis
706 2566 783 2646 pias
803 2567 1026 2648 precationes
1045 2567 1268 2646 vespertinas
1292 2584 1414 2632 coram

184 2673 358 2740 Crucifixi
372 2673 529 2752 imagine
543 2674 701 2742 unanimi
717 2674 896 2737 consortio
912 2674 1159 2752 obseruamus,
1177 2692 1222 2738 ex
1238 2691 1335 2738 more
1349 2673 1414 2738 Pa·

184 2782 290 2846 risini
309 2779 468 2859 Collegii.
490 2780 643 2844 Eosdem
664 2780 814 2860 hospitis
835 2781 905 2843 mei
926 2780 1118 2860 discipulos
1140 2781 1176 2844 in
1199 2781 1415 2844 christianae

184 2889 372 2952 doctrinae
387 2887 595 2951 rudimentis
609 2887 765 2963 instituo,
783 2897 818 2950 et
833 2887 868 2948 in
883 2903 921 2949 re
936 2886 1096 2950 literaria
1111 2905 1174 2967 per
1190 2887 1299 2950 otium
1315 2904 1417 2950 exer·

186 3013 265 3058 ceo.
282 2993 493 3070 Summarie,
508 2992 595 3056 vitia
610 2993 647 3056 in
660 2993 729 3056 hac
744 2992 878 3055 familia
893 2993 1062 3056 virtutum
1078 2993 1192 3071 gloria
1213 2991 1416 3070 offuscauit,

187 3119 233 3164 ac
247 3100 390 3163 domum
405 3100 498 3162 hanc
514 3097 715 3162 illustrauit.

250 3206 355 3287 Quod
369 3206 416 3268 ad
434 3212 607 3269 externos
628 3206 771 3284 attinet,
791 3223 997 3269 scurrarum
1020 3206 1136 3286 copia,
1160 3206 1282 3269 diebus
1304 3206 1418 3270 sacris

185 3313 281 3377 ludis
296 3330 339 3376 ac
353 3313 462 3375 lucris
477 3328 609 3375 vacare
626 3313 742 3390 solita,
758 3311 922 3391 periuriis
938 3329 980 3376 ac
995 3311 1159 3375 conuitiis
1173 3311 1418 3391 execrandae

185 3421 316 3502 plateis
336 3419 491 3498 euanuit,
512 3419 616 3482 turba
641 3419 795 3498 vndique
821 3417 1008 3484 confertim
1034 3418 1079 3482 ad
1104 3419 1313 3482 concionem
1337 3435 1418 3483 con·

185 3529 328 3592 fluente.
346 3525 488 3588 Sensim
503 3540 613 3588 conor
628 3525 636 3556 ¹
653 3524 699 3588 ad
710 3524 952 3589 poenitentiae
968 3535 1076 3605 atque
1091 3524 1339 3589 Eucharistiae
1352 3525 1418 3589 ire-

184 3633 456 3716 quentationem
475 3632 658 3712 utriusque
678 3649 786 3695 sexus
805 3633 967 3697 homines
988 3631 1176 3696 adducere.
1198 3631 1420 3712 Resipiscant

186 3741 335 3806 tandem
351 3739 484 3819 aliquot
499 3747 661 3818 pastores
675 3739 924 3816 ecclesiastici,
942 3756 1023 3803 cum
1046 3739 1175 3819 quibus
1194 3739 1316 3818 grauis
1333 3739 1419 3802 mibi

184 3847 378 3911 conflictus
394 3854 458 3924 est,
476 3845 546 3926 qui,
562 3861 779 3926 quamquam
794 3855 829 3908 et
844 3845 1065 3925 negligentes
1080 3855 1114 3908 et
1130 3845 1298 3908 obstinati
1309 3862 1419 3926 prope

187 3954 393 4030 videantur,
409 3970 465 4015 me
479 3963 599 4014 tamen
614 3952 858 4031 increpantem
873 3961 907 4015 et
928 3961 1050 4016 amant
1070 3961 1105 4016 et
1120 3961 1352 4031 venerantur,
1377 3970 1419 4015 ac

186 4063 322 4124 bonam
336 4057 478 4122 tandem
493 4075 592 4139 spem
607 4060 788 4138 praebent.
805 4058 954 4136 Usurae,
972 4059 1145 4139 periuria,
1163 4043 1420 4124 concubinatus

185 4184 341 4248 grauem
355 4167 437 4229 huic
451 4166 591 4245 regioni
604 4176 739 4246 pestem
754 4165 929 4229 adierunt.
946 4164 1103 4245 Quorum
1118 4174 1238 4229 tamen
1258 4168 1420 4248 tyrannis

186 4273 323 4338 sensim
338 4273 438 4337 verbi
453 4270 518 4335 Dei
534 4273 680 4352 energia
696 4281 922 4354 expugnatur
945 4290 1027 4336 curn
1049 4274 1241 4338 multorum
1260 4276 1419 4338 consola·

187 4384 299 4446 tione.
327 4378 422 4456 Deo,
449 4378 626 4444 bonorum
648 4381 804 4460 auctori,
828 4381 943 4458 gloria
966 4390 1001 4443 et
1025 4381 1223 4458 gratiarum
1249 4383 1342 4445 actio
1364 4383 1420 4446 de·

189 4492 307 4550 betur.

231 4601 407 4610 -------

233 4658 242 4690 ¹
272 4655 360 4710 ilaec,
380 4655 439 4709 quia
457 4656 615 4707 longiuscule
633 4663 784 4700 excurrente
801 4656 901 4700 calamo
919 4667 1056 4709 perperam
1072 4656 1267 4700 cancellat-erat
1286 4657 1420 4710 Polancus,

192 4741 273 4775 manu
282 4727 390 4784 propria
400 4725 453 4780 lpse
465 4725 589 4769 restituit.
