3368 5528
603 541 667 600 Art.
690 540 761 600 1556
1241 543 1296 603 515

85 685 268 752 Praeteribo
283 693 389 769 quam
403 689 514 753 multa
529 687 692 751 restituta
708 687 790 767 sint,
806 705 897 768 quae
911 687 1029 770 inique
1046 688 1164 751 ablata
1180 698 1293 767 erant,

86 806 153 874 quot
166 795 411 860 dissidentium
423 795 515 859 inter
532 812 610 859 sese
626 795 825 860 animorum
841 795 1060 875 compositae
1075 795 1292 860 inimicitiae.

134 901 268 981 Quanta
284 919 369 965 uero
385 904 431 966 sit
446 919 580 980 eorum,
597 902 658 983 qui
672 911 834 966 nostrum
849 900 1050 982 frequenter
1065 901 1196 965 adeunt
1211 913 1295 967 tem·

87 1010 177 1088 plum,
192 1009 345 1088 deuotio,
362 1010 544 1072 declarant
559 1009 701 1090 quidem
717 1026 797 1072 cum
808 1007 960 1088 habituS,
976 1009 1169 1073 modestior
1184 1010 1295 1074 inces-

87 1131 145 1192 sus,
165 1116 500 1196 lachrymarumque
522 1114 661 1194 effusio,
686 1126 760 1179 tum
780 1115 936 1180 maxime
954 1132 1092 1179 morum
1113 1115 1149 1178 in
1172 1118 1296 1181 melius

86 1223 308 1287 commutatio.
326 1220 414 1287 Sunt
433 1223 526 1286 enim
543 1223 644 1286 multi
658 1223 883 1287 matrimonio
904 1224 1071 1303 copulati,
1095 1241 1247 1304 quorum
1266 1225 1297 1288 si

87 1329 237 1406 pietatem
253 1347 335 1394 cum
349 1346 473 1392 eorum
489 1328 496 1360 ¹
510 1330 678 1406 moribus,
695 1329 755 1410 qui
774 1329 809 1392 in
820 1330 1059 1394 ‘monasteriis
1077 1331 1232 1411 perfecte
1249 1333 1297 1396 ui-

86 1445 170 1515 uunt,
185 1437 359 1516 conferas
376 1437 495 1500 nescio
510 1454 598 1518 quos
613 1437 733 1501 uerius
744 1435 969 1516 perfectionis
985 1437 1123 1517 apicem
1135 1439 1297 1519 attigisse

86 1542 181 1608 dicas.
197 1543 285 1608 Sunt
299 1528 431 1608 inultae
445 1561 586 1624 quoque
601 1544 771 1623 virgines,
789 1561 880 1624 quae
892 1551 926 1606 et
938 1544 1156 1624 uirginitatis
1171 1555 1205 1609 et
1221 1547 1297 1610 reli-

85 1651 188 1727 gionis
200 1659 285 1714 uoto
300 1667 338 1714 se
353 1651 587 1714 adstrinxere.
608 1649 775 1714 Nonnulli
790 1650 896 1714 etiam
911 1649 1165 1732 adolescentes,
1183 1653 1242 1731 qui
1264 1661 1298 1717 et

86 1759 163 1838 aliis,
176 1737 209 1821 et
221 1767 365 1823 nostrae
378 1759 549 1839 imprimis
561 1775 638 1822 sese
649 1758 813 1838 religioni
824 1771 1090 1822 consecrarunt.
1104 1759 1198 1823 Inter
1211 1779 1299 1842 quos

85 1867 214 1944 quidam
225 1883 298 1931 non
310 1866 469 1929 obscuris
481 1866 659 1930 natalibus
671 1875 781 1944 ortus,
796 1867 832 1929 in
844 1866 964 1929 latinis
976 1876 1009 1929 et
1024 1867 1165 1945 graecis
1180 1869 1299 1932 multis

84 1971 146 2036 iam
169 1975 270 2046 annis
291 1983 465 2048 uersatus,
488 1973 722 2037 hebraearum
742 1991 812 2036 nou
834 1973 981 2053 ignarus
1001 1975 1158 2044 omnino,
1176 1976 1300 2056 paucis

85 2089 159 2142 ante
168 2081 290 2146 diebus
305 2082 341 2144 in
356 2090 515 2145 nostrum
530 2080 719 2160 collegium
734 2080 911 2144 admissus
922 2090 986 2158 est,
999 2082 1071 2160 qui,
1086 2082 1167 2161 quia
1180 2083 1299 2148 iuuen-

85 2186 159 2249 tutis
172 2187 412 2252 Messanensis
429 2189 622 2267 exemplar,
638 2197 712 2251 tam
729 2186 921 2267 inpietate,
939 2205 1046 2268 quam
1061 2189 1097 2252 in
1112 2189 1224 2254 literis
1239 2191 1308 2254 ha··

85 2291 233 2372 bebatur,
246 2305 280 2358 et
292 2305 379 2370 erat,
394 2295 472 2358 ideo
483 2296 613 2358 multos
624 2294 658 2357 in
671 2295 727 2357 sui
738 2293 1007 2358 admirationem
1020 2305 1054 2358 et
1066 2295 1300 2362 imitationem

84 2402 194 2465 traxit:
215 2412 350 2484 estque,
366 2411 404 2464 vt
418 2402 561 2482 generis
576 2401 768 2479 nobilitate,
785 2401 885 2464 itaet
905 2419 1041 2465 morum
1062 2403 1244 2480 facilitate,
1267 2415 1300 2468 et

86 2509 150 2570 oris
164 2511 334 2573 modestia
351 2509 550 2588 insignitus.
567 2507 669 2572 Nunc
682 2509 718 2571 in
738 2509 915 2589 obsequiis
935 2509 1138 2574 domesticis
1158 2512 1207 2574 ita
1224 2529 1299 2575 uer-

83 2625 185 2696 satur,
202 2626 238 2680 ut
250 2617 338 2680 nihil
352 2627 426 2680 tam
440 2632 658 2696 generosum
673 2616 794 2678 ur'rum
809 2616 951 2678 decere*
967 2626 1075 2696 putet.
1090 2617 1170 2681 Duo
1183 2617 1299 2682 Abba·

84 2731 130 2784 tes
144 2740 292 2803 quorum
308 2725 457 2786 alterum
470 2723 599 2786 famae
619 2723 785 2787 Calabria
807 2721 851 2785 ad
870 2741 935 2786 nos
953 2724 1128 2803 perduxit,
1149 2727 1300 2791 alterum

84 2845 162 2891 uero
177 2830 368 2910 singularis
389 2829 536 2892 fratrum
552 2840 756 2894 nostrorum
779 2828 961 2906 modestia,
986 2831 1167 2912 ignitaque
1188 2832 1301 2896 chari·

85 2943 142 3012 tas,
160 2937 204 3001 ad
220 2953 341 3000 eorum
357 2936 589 3000 imitationem
604 2936 798 3000 inflammat
820 2937 970 3000 assiduis
988 2939 1162 3017 precibus
1186 2950 1223 3003 ut
1245 2943 1302 3004 uel

84 3043 124 3104 ad
137 3043 392 3107 sordidissima
407 3041 418 3072 ³
433 3043 627 3107 ministeria
643 3044 883 3122 admittantur,
901 3043 1105 3124 efflagitant.

136 3151 190 3214 Ex
206 3153 249 3214 iis
268 3168 406 3231 quoque
427 3150 642 3226 mulieribus
658 3167 760 3230 quae,
778 3169 798 3212 a
819 3151 913 3231 turpi
930 3151 1025 3214 uitae
1044 3169 1175 3232 genere
1192 3154 1227 3216 in
1243 3154 1302 3216 ho·

82 3259 212 3322 nestius
225 3275 429 3335 conuersae,
443 3258 479 3320 in
490 3258 594 3320 domo
607 3261 726 3337 (quam
737 3258 956 3338 probationis
967 3261 1110 3338 uocant)
1124 3260 1301 3340 uiuebant,

82 3367 268 3430 nonnullae
301 3377 382 3428 sunt
414 3365 637 3427 matrimonio
668 3367 876 3445 copulatae,
907 3377 1058 3446 quatuor
1084 3377 1202 3430 autem
1232 3386 1303 3431 uno

82 3473 270 3553 eodemque
285 3482 444 3551 tempore
459 3471 664 3551 religionem
681 3482 923 3552 susceperunt.

136 3578 217 3642 Non
238 3579 341 3643 estin
358 3579 475 3641 animo
495 3577 552 3641 hic
568 3579 707 3658 singula
722 3580 896 3659 persequi,
911 3577 952 3642 R.
965 3579 1016 3658 Ρ.,
1034 3598 1124 3661 quae
1140 3580 1304 3660 prolixio·
1402 3629 1408 3640 .

81 3701 145 3762 reS,
155 3703 264 3766 quam
276 3703 341 3766 par
351 3697 416 3762 est,
430 3685 551 3748 literas
563 3684 815 3764 desiderarent,
829 3685 891 3749 sed
903 3704 943 3748 ea
956 3685 967 3716 ⁸
979 3687 1095 3751 dicam
1108 3687 1304 3764 dumtaxat,

81 3809 168 3870 quae
183 3793 372 3874 praeteriri
388 3791 530 3856 minime
545 3802 703 3870 possunt,
720 3809 881 3872 quaeque
901 3794 1082 3857 declarent
1096 3796 1306 3873 praesertim

80 3898 112 3962 in
124 3899 344 3964 sustinendis
354 3899 491 3963 iniuriis
504 3899 814 3978 aequanimitatem
824 3917 957 3978 eorum,
972 3901 1078 3980 quiin
1090 3911 1211 3964 nostro
1224 3911 1306 3964 tem·

82 4006 135 4083 plo
161 4007 355 4071 conciones
380 4016 415 4068 et
440 4004 699 4082 confessioneS,
727 4007 1054 4087 communionisque
1084 4017 1308 4072 sacramenta

81 4111 308 4196 frequentare
333 4121 414 4175 sunt
439 4111 544 4187 soliti,
568 4110 662 4192 quod
686 4130 727 4175 eo
742 4112 846 4176 debet
864 4113 977 4177 uideri
992 4115 1119 4193 maius,
1139 4131 1204 4194 quo
1220 4129 1309 4194 gens

80 4229 130 4282 est
151 4223 246 4284 haec
267 4218 463 4301 promptior
485 4219 712 4298 paratiorque
736 4220 780 4284 ad
807 4220 1017 4301 uindictam,
1043 4221 1310 4301 antiquissima·

82 4345 234 4410 rumque
246 4327 258 4360 ⁸
268 4325 477 4390 iniuriarum
490 4343 634 4389 memor.
650 4325 866 4390 Vulneratus
878 4340 930 4392 est
943 4329 1010 4391 hac
1022 4329 1057 4391 in
1070 4329 1155 4392 urbe
1167 4329 1309 4410 quidam

118 4501 125 4531 ²
157 4499 320 4542 inultorum.
333 4495 473 4539 Potaucus.

117 4575 128 4602 ¹
156 4574 257 4616 decere
268 4578 428 4621 generosum
440 4568 538 4610 uirum.
549 4566 586 4610 lo.

117 4643 129 4672 ³
155 4639 316 4700 infimam.

117 4717 128 4749 ⁴
156 4711 360 4770 quaedamto.

118 4787 129 4819 Ι
156 4783 421 4841 antiquissimarum
434 4787 524 4828 ctiam.
533 4783 570 4831 ln.
