3436 5526
493 505 661 563 Annnuna
680 519 713 561 m
731 517 819 562 nono
839 517 987 563 sacunno
1299 501 1355 564 635

122 655 229 736 plum
244 654 344 716 nacti
356 653 485 728 simus,
492 650 606 731 juvat
621 649 677 712 ite
690 650 729 712 id
746 649 932 728 integrum
952 649 1166 728 exscribere,
1181 667 1249 730 qno
1269 650 1354 731 quali

124 763 164 826 in
180 777 219 825 eo
234 759 421 824 Polancns
433 757 676 826 emendaverit
686 763 872 837 appareat.

188 869 307 949 Quare
332 867 369 930 in
391 871 483 946 pag.
511 863 566 928 79
586 871 673 945 post
697 865 827 928 Patris
856 851 1034 928 Govterno
1054 863 1198 928 litteras
1218 871 1252 928 et
1271 871 1355 930 ante

128 995 163 1040 n.
187 974 426 1039 CLXXXVII
437 973 503 1036 hoc
516 967 715 1036 inseratur:

639 1199 849 1208 -——--—-—-—-

452 1350 608 1395 Enrnmdem
619 1351 765 1396 litterarum
776 1351 882 1396 latinum
894 1353 1038 1406 exemplum

320 1425 354 1466 ab
364 1423 418 1478 ipso
428 1421 554 1466 michaele
565 1421 696 1466 Govierno
705 1421 857 1474 coniectum.
869 1428 895 1466 et
905 1422 1014 1468 Romam
1023 1425 1127 1469 missum
1140 1425 1156 1466 ¹.

734 1619 759 1700 †

205 1835 417 1900 Reuerendo
431 1835 470 1896 in
489 1834 630 1898 Christo
647 1839 793 1898 nostrae
808 1833 1000 1916 religionis
1014 1837 1128 1900 Patri
1140 1837 1291 1918 Ignate'o

377 1942 580 2004 Gom'ernns
594 1941 745 2004 multam
760 1947 862 2021 optat
876 1941 1123 2021 soeIIcitatem.

198 2155 300 2220 Nihil
314 2173 356 2218 ex
373 2173 415 2218 eo
431 2164 589 2234 tempore
603 2171 673 2236 quo
694 2153 807 2234 pridie
829 2155 1057 2220 calendarum
1075 2156 1292 2238 Septembris
1313 2159 1361 2221 mi

136 2273 170 2330 le
185 2263 332 2344 scripsi,
348 2263 464 2324 Pater
477 2260 711 2340 integerrime
725 2255 747 2341 ¹,
769 2261 812 2324 de
831 2261 983 2325 fratrum
1005 2266 1130 2344 salute,
1152 2266 1250 2344 quod·
1268 2267 1360 2328 scitu

136 2371 186 2434 sit
202 2369 371 2448 dignum,
387 2367 555 2445 contr'git,
570 2383 680 2446 neque
694 2384 815 2431 eorum
830 2378 997 2431 numerus
1018 2371 1129 2434 creuit
1149 2367 1177 2436 ⁸:
1198 2372 1362 2452 permulti

29 2491 33 2502 ’
137 2491 258 2542 tamen
274 2477 435 2554 extitere,
452 2476 511 2554 qui
526 2473 632 2537 anxie
647 2473 903 2552 desiderarunt,
921 2484 955 2539 et
971 2494 992 2539 a
1007 2485 1129 2541 nostro
1140 2476 1245 2542 Patre
1256 2479 1364 2560 petie·

138 2594 234 2659 runt,
262 2591 301 2646 vt
323 2583 357 2645 in
383 2591 543 2644 nostram
564 2580 772 2659 religionem
792 2582 1044 2660 reciperentur.
1068 2583 1186 2648 Taceo
1205 2585 1364 2666 insignes

137 2692 250 2767 uiros,
280 2699 315 2752 et
344 2687 560 2766 multiiugae
584 2685 596 2716 ⁴
620 2686 826 2750 eruditionis
850 2687 1024 2768 hommes,
1046 2693 1115 2771 qui,
1139 2708 1248 2772 aarum
1269 2693 1365 2758 dotis

138 2794 332 2862 omnibns·
352 2812 423 2859 non
443 2804 560 2858 essent
578 2793 747 2874 insigniti,
770 2800 803 2857 et
816 2795 1047 2874 firmissimis
1066 2801 1230 2879 corporis
1246 2805 1363 2881 partr-

136 2907 220 2984 bus,
234 2903 348 2966 nostri
362 2901 478 2966 Patris
491 2899 622 2964 iudicio
637 2917 815 2980 nunquam
831 2901 929 2966 suere
944 2903 1100 2968 admissi.
1113 2905 1234 2970 Solum
1244 2913 1278 2970 et
1289 2909 1366 2971 vni·

135 3027 221 3074 cnm
235 3010 248 3040 ⁰
264 3009 412 3072 fratrem
427 3006 532 3070 Pater
547 3006 699 3086 admisit,
718 3008 834 3072 victus
857 3009 997 3088 quidem
1017 3011 1109 3075 iliius
1129 3013 1365 3094 simplicitate,

139 3129 175 3181 et
191 3117 288 3200 qnod
302 3115 425 3194 magis
440 3115 647 3177 mirandum
661 3121 728 3192 est,
743 3115 961 3180 constantia:
977 3135 1067 3182 nam
1089 3136 1170 3182 cum
1188 3120 1242 3185 bis
1262 3119 1368 3186 Pater

140 3227 186 3288 ab
201 3239 246 3289 eo
262 3239 300 3288 se
315 3221 565 3302 expediuisset‚
582 3229 617 3284 et
631 3221 749 3284 multis
763 3238 828 3301 pro
843 3240 885 3286 eo
900 3224 1143 3291 laborantibus
1164 3243 1203 3290 se
1223 3243 1367 3292 excusa-

140 3333 265 3407 uisset,
282 3329 328 3394 ad
342 3345 460 3408 genua
475 3327 618 3391 tandem
634 3326 750 3391 Patris
771 3330 919 3408 supplex
941 3329 1095 3410 deuenit,
1117 3333 1218 3396 cuius
1241 3335 1369 3415 impor-

142 3437 341 3512 tunitatem,
358 3434 415 3498 nel
430 3439 472 3496 ut
486 3433 614 3497 melius
629 3435 757 3512 dream,
772 3436 1012 3499 constantiam
1032 3438 1187 3501 vidisses
1211 3440 1234 3499 ¹.
1254 3439 1369 3504 Voca-

141 3559 201 3609 tur
227 3542 418 3607 Antichius
439 3539 574 3616 Rocha,
597 3539 799 3606 firmissima
822 3544 982 3624 corporis
1001 3545 1219 3624 habitudine,
1243 3548 1370 3628 uig‘esi·

140 3667 241 3716 mum
257 3659 422 3729 quartum
440 3665 570 3711 annum
586 3649 776 3727 attingens,
792 3650 828 3712 in
843 3650 953 3714 latina
968 3651 1089 3731 lingua
1104 3653 1327 3717 exercitatus
1346 3654 1369 3732 ⁸,

142 3761 180 3822 in
194 3756 338 3837 graecis
353 3754 514 3818 nonnihil
534 3754 656 3832 ursus,
679 3755 714 3817 in
736 3755 988 3836 philosophicis
1009 3758 1102 3822 satis
1122 3766 1315 3839 expertus,
1338 3771 1373 3825 ct

140 3862 409 3929 mathematicis
424 3860 527 3923 libris
542 3859 565 3919 ⁹.

186 4033 195 4066 Ι
226 4031 426 4084 Απῐοςηρὴιιω
437 4029 531 4084 duplici
542 4030 611 4079 folia.
622 4042 662 4073 nn.
674 4031 713 4073 m
721 4038 747 4074 et
755 4031 802 4074 205.
811 4032 882 4085 Quae
893 4033 995 4078 italicis
1002 4034 1200 4080 characteribus
1208 4036 1375 4090 exhibentur.

141 4119 157 4148 a
169 4105 287 4146 Polanco
297 4104 339 4144 vei
349 4102 494 4145 cancellata
506 4101 547 4142 vei
558 4108 659 4145 mutata
670 4103 749 4146 luere.
760 4103 856 4156 Verba,
868 4115 945 4148 manu
956 4104 1036 4160 ipsius
1046 4105 1151 4152 Polancl
1160 4113 1280 4162 exarata,
1291 4109 1318 4153 ln
1330 4119 1376 4154 nn·

137 4173 488 4220 mtntionibusindicantur.

183 4249 197 4279 ¹
225 4247 396 4300 scripsimus.
408 4246 549 4291 Focaneus.

183 4317 198 4350 ὓ
227 4315 425 4361 ηοηετοιιιι.ῐο.

185 4391 197 4422 ⁴
226 4388 379 4433 varinnis.

188 4461 201 4493 ὅ
230 4459 299 4512 quoa
309 4459 417 4503 dotibus
426 4463 542 4505 omnibus
551 4463 722 4506 necessariis.
732 4461 770 4506 ln.

186 4529 200 4562 ὅ
229 4530 430 4583 quandonam.

187 4603 199 4633 ⁷
229 4602 423 4656 importunitati
434 4607 527 4649 resisti
535 4617 587 4649 non
596 4608 692 4661 potuit.
705 4606 740 4650 io.

186 4675 201 4708 ⁸
232 4673 450 4728 nonparum.1n.

186 4746 201 4777 ⁸
231 4747 302 4789 satis
312 4747 484 4790 exercitatas.
495 4747 530 4792 id.
