3578 5534
357 527 393 584 lt
745 526 916 585 ernaana
935 541 1207 595 Quaonrunsraas

356 687 432 734 rern
456 671 592 752 quoties
612 671 649 734 in
673 672 882 735 concionem
905 671 1115 735 ascendunt?
1130 670 1355 736 Concurrunt
1369 674 1520 755 denique
1541 677 1587 739 ad

356 787 510 856 nostroS,
528 795 597 840 non
612 795 707 856 raro,
724 779 927 842 sacerdotes
948 779 1163 858 complures,
1185 779 1437 859 Magistratus,
1460 782 1589 862 plebeii

353 901 490 962 omueS,
506 886 732 948 vehementer
745 885 927 964 cupientes
939 902 960 947 a
971 882 1136 948 Patribus
1147 885 1215 948 sibi
1223 886 1404 966 quidpiam
1415 888 1586 968 praesidii

354 990 523 1070 impendi:
546 991 660 1054 omnis
680 991 821 1055 demum
844 992 1001 1055 ciuitatis
1022 1001 1137 1054 status
1158 991 1204 1054 ad
1219 1007 1281 1056 eos
1291 992 1492 1074 frequenter
1507 1013 1587 1058 con-

357 1098 465 1160 uolat.
1086 1093 1091 1108 '

415 1203 506 1267 Tum
522 1212 707 1283 praeterea
728 1213 871 1268 caetera
886 1221 951 1292 sua
973 1203 1087 1268 officia
1112 1207 1298 1285 praeclare
1315 1217 1537 1287 exequuntur
1552 1209 1587 1271 in

354 1309 645 1375 administrandis
673 1311 918 1389 sacramentis,
950 1311 1058 1391 idque
1087 1312 1246 1392 quotidie
1274 1315 1449 1393 maxime,
1483 1324 1587 1394 atque

355 1416 478 1480 diebus
501 1418 602 1481 festis
625 1417 861 1498 frequentius;
890 1418 1073 1498 potissime
1088 1427 1210 1482 tamen
1225 1420 1396 1498 proximis
1418 1420 1541 1484 diebus
1551 1422 1587 1484 in

352 1525 577 1588 assecutione
605 1525 745 1588 iubilaei
761 1535 838 1587 erat
859 1535 960 1588 tanta
981 1525 1227 1589 accedentium
1247 1526 1367 1606 copia,
1392 1537 1431 1590 vt
1451 1528 1512 1591 uix
1526 1529 1587 1591 mi-

354 1631 474 1694 nistris
486 1630 659 1694 recitandi
683 1648 748 1694 nec
764 1630 1038 1711 conquiesceudi
1060 1633 1160 1716 locus
1176 1634 1264 1695 satis
1279 1623 1491 1698 remaneret.
1506 1634 1585 1714 Quo

351 1736 495 1818 quidem
509 1751 668 1817 ternpore
686 1737 754 1800 duo
770 1737 932 1816 magistri
948 1738 1054 1826 (quos.
1068 1726 1200 1802 vocant
1216 1737 1458 1820 alphaquinos
1474 1740 1500 1820 ¹)
1513 1759 1585 1804 sar-

355 1861 577 1922 racenorum,
598 1843 768 1907 valentini
788 1843 901 1923 regni,
916 1829 1136 1922 flagitiosam
1153 1846 1263 1908 uitam
1285 1857 1319 1908 et
1334 1847 1501 1911 vitiosam
1513 1865 1585 1910 mu·
1671 1929 1677 1939 η
1777 1889 1778 1906 ι

353 1960 446 2029 tare,
473 1951 621 2014 crimina
649 1952 806 2030 aperire,
837 1967 954 2013 mores
981 1967 1194 2030 componere
1217 1951 1372 2032 (Christo
1392 1955 1582 2031 trahente),

352 2059 556 2122 decreuere.
579 2057 736 2137 Quorum
762 2059 853 2120 alter
877 2057 931 2120 bis
958 2057 1179 2150 iam'postea
1205 2059 1389 2123 confessus
1413 2071 1477 2124 est:
1495 2063 1585 2125 alius

354 2165 438 2228 item
449 2165 606 2229 eiusdem
617 2165 783 2243 nationis,
797 2163 1016 2228 incredibilis
1028 2165 1207 2244 perfidiae,
1222 2168 1423 2246 compulsus
1434 2168 1585 2231 veritate

350 2272 426 2352 (qui
442 2271 580 2335 dicebat
595 2273 667 2334 iam
691 2272 930 2353 quadraginta
953 2273 1055 2335 annis
1081 2272 1288 2351 saepissime
1309 2290 1372 2353 per
1392 2274 1490 2337 uiros
1504 2277 1579 2337 reli·

351 2379 474 2458 giosos
485 2378 593 2442 fuisse
605 2379 842 2456 adhortatum,
855 2396 1007 2459 quorum
1018 2378 1182 2459 precibus
1191 2388 1224 2441 et
1237 2380 1392 2442 consiliis
1403 2396 1584 2460 nunquam

351 2485 553 2565 acquieuit),
569 2502 663 2547 nunc
678 2494 796 2548 autern
811 2484 1110 2549 admonitionibus
1125 2485 1309 2549 cuiusdam
1330 2483 1447 2550 Patris
1469 2486 1583 2552 Socie-

352 2591 436 2655 tatis
460 2592 624 2655 coelestis
648 2591 753 2654 Pater
778 2589 874 2654 sores
898 2592 1076 2654 amicitiae
1101 2593 1251 2672 aperuit,
1278 2603 1385 2673 atque
1407 2604 1448 2656 vt
1471 2594 1583 2658 eidem

353 2697 449 2762 Patri
464 2707 586 2761 nostro
612 2697 845 2762 foetidissima
870 2701 1022 2761 uulnera
1048 2698 1216 2778 dignatus
1241 2709 1294 2762 est
1316 2699 1529 2780 ostenderet;
1550 2715 1583 2765 et

351 2805 654 2883 animaduertitur,
671 2805 699 2868 si
716 2806 850 2885 aliquot
866 2804 991 2868 Patres
1005 2823 1049 2868 ex
1075 2806 1208 2869 nostris
1234 2807 1372 2881 (saltem
1397 2807 1468 2870 duo
1491 2809 1583 2872 inter

346 2928 412 2974 eos
431 2912 572 2975 assidue
598 2920 837 2990 uersarentur,
862 2912 921 2990 qui
941 2929 1167 2992 summopere
1193 2929 1260 2976 nos
1284 2913 1446 2993 diligunt)
1463 2914 1579 2994 primo

350 3035 488 3099 quoque
503 3028 661 3098 tempore
677 3021 830 3098 amplam
843 3019 940 3081 uiam
955 3017 1030 3082 iore
1044 3019 1271 3098 aperiendam
1283 3019 1327 3081 ad
1340 3021 1405 3082 has
1420 3021 1583 3100 perditis-

350 3126 460 3189 simus
484 3125 599 3189 indias
623 3133 635 3164 ¹
659 3125 935 3206 expugnandas,
963 3143 1032 3206 quo
1057 3143 1203 3189 munere
1230 3127 1357 3206 ingens
1383 3128 1583 3192 animarum

350 3231 537 3295 thesaurus
551 3243 671 3311 posset
685 3233 721 3295 in
736 3233 873 3295 coelum
893 3233 1080 3312 reportari:
1102 3233 1291 3312 aliquando
1312 3233 1436 3297 Patres
1460 3235 1583 3299 adens

350 3339 632 3417 proficiscuntur,
654 3340 780 3419 quibus
799 3340 983 3402 sarraceni
1001 3340 1069 3418 ipsi
1088 3339 1192 3402 ualde
1211 3340 1436 3418 congaudent
1459 3351 1493 3404 et
1514 3343 1583 3405 lae·

347 3454 470 3508 tantur
484 3463 527 3508 ac
542 3448 778 3524 gratulantum
796 3455 871 3508 tum
887 3446 994 3508 etiam
1011 3463 1030 3507 e
1046 3446 1119 3508 uita
1135 3447 1332 3524 migrantes
1347 3448 1482 3510 iuuant.
1498 3448 1581 3512 Alia

350 3563 528 3631 postremo
547 3552 583 3616 id
598 3569 712 3632 genus
727 3553 869 3631 negotia
886 3552 1159 3630 diligentissime
1175 3567 1379 3631 procurant.

408 3658 496 3723 Sunt
511 3660 655 3739 insuper
677 3669 711 3722 et
733 3659 814 3736 alia,
839 3676 930 3739 quae
949 3660 1088 3721 silentio
1109 3661 1304 3738 praeterire
1325 3677 1395 3723 non
1410 3661 1580 3739 placitum

345 3774 413 3829 est:
430 3783 556 3846 pacem
570 3783 723 3847 namque
739 3766 830 3828 inter
853 3766 982 3828 multos
1002 3765 1202 3842 conciliant,
1225 3766 1335 3829 iratos
1351 3769 1505 3845 placant,
1524 3785 1579 3830 so·

348 3874 464 3936 lantur
485 3873 651 3948 miser0s3
679 3881 712 3935 et
734 3871 939 3935 inimicitias
960 3872 1052 3934 inter
1066 3870 1249 3934 discordes
1264 3872 1455 3935 moliuntur
1469 3873 1580 3935 extin-

344 3995 469 4058 guere,
484 3980 735 4059 grauissimam
750 3978 952 4057 praecipue,
969 3995 1059 4058 quae
1080 3978 1178 4040 hisce
1197 3979 1370 4058 proximis
1391 3979 1514 4042 diebus
1529 3980 1580 4042 in·

346 4086 547 4165 auspicato,
569 4085 686 4148 subito
705 4086 741 4147 in
761 4087 891 4165 populo
917 4093 970 4147 est
996 4094 1131 4162 exorta,
1158 4094 1304 4165 propter
1326 4085 1473 4149 caedem
1488 4072 1578 4149 ciuis

346 4191 451 4255 vnius
464 4209 535 4255 uon
550 4192 736 4254 mediocris
751 4190 868 4253 famae
883 4200 918 4253 et
935 4190 1098 4263 nominis
1116 4207 1197 4254 eum
1211 4202 1330 4254 tamen
1345 4193 1446 4270 pacis
1461 4193 1579 4256 conci·

345 4298 485 4362 liaudae
499 4299 616 4378 gratia
632 4310 775 4378 praetor
791 4297 888 4360 urbis
906 4306 1045 4376 patrem
1058 4295 1235 4360 interfecti
1250 4307 1284 4360 et
1296 4299 1373 4362 eius
1386 4309 1579 4363 assectato-

343 4421 404 4469 res
417 4414 561 4486 cogeret
576 4405 738 4469 inducias
752 4405 871 4466 facere
892 4420 974 4466 cum
994 4403 1211 4483 parentibus,
1229 4405 1392 4484 cognatis
1413 4416 1448 4469 et
1472 4405 1581 4469 affini-

387 4679 395 4712 ¹
425 4679 492 4724 Vide
503 4691 589 4735 supra,
600 4688 618 4724 t.
627 4690 666 4734 111,
678 4691 740 4734 pag.
752 4679 802 4733 ote,
812 4687 900 4724 annot.
913 4681 933 4722 l.

385 4753 397 4784 ¹
424 4764 473 4806 que
483 4755 556 4796 seria
567 4755 625 4796 esta
635 4753 721 4795 tr'erra
733 4755 807 4794 otras
820 4752 922 4795 indias.
934 4749 1027 4805 Supra,
1038 4757 1057 4794 t.
1069 4763 1106 4804 ιιι,
1119 4764 1178 4808 pag.
1189 4751 1238 4794 733.
