3578 5534
679 549 743 608 Au.
766 544 837 608 1556
1330 545 1364 608 81

199 693 270 776 Qui
285 695 415 758 stiamo
429 701 606 774 quaranta
625 701 660 757 et
680 694 864 758 modetia
889 691 1130 773 campagnia,
1151 700 1206 756 tra
1228 691 1252 756 11
1273 691 1370 774 quali

142 819 233 866 notre
249 817 363 864 sonno
377 799 566 878 sacerdoti,
583 799 608 863 11
627 809 725 864 resto
748 799 915 863 scholari.
936 797 1017 862 Non
1038 800 1141 862 altro.
1164 797 1296 863 Nostro
1319 797 1372 864 Si-

143 923 253 988 gnore
264 906 431 971 consenti
444 907 480 969 la
495 904 537 970 R.
554 905 593 972 P.
610 905 656 970 V.
672 905 708 970 in
723 921 789 969 sua
803 906 1028 970 sanctissima
1043 906 1173 985 gratia.

202 1013 249 1079 Di
263 1013 406 1092 Loreto‚
423 1029 445 1076 a
459 1013 496 1077 dt
513 1011 550 1075 16
564 1012 601 1077 di
615 1012 782 1076 Gennaio
799 1012 888 1076 1556.

200 1121 257 1186 De
273 1119 319 1185 V.
335 1119 377 1184 R.
394 1119 432 1184 P.
449 1120 613 1200 intent-⁰
625 1119 662 1183 in
673 1117 741 1184 X.⁰
755 1119 925 1200 figiinolo,

827 1333 997 1399 Octusnro
1019 1334 1210 1398 Mnuaaso.

204 1655 475 1737 Superscrt'ptio
498 1655 537 1718 in
560 1659 694 1734 quarta
714 1655 882 1734 pagina:
906 1654 1006 1738 Jhus.
1033 1653 1080 1718 At
1104 1655 1212 1718 molto
1238 1653 1316 1718 1111ο
1337 1654 1374 1717 in

148 1761 289 1828 Christo
304 1761 421 1826 Padre
434 1763 459 1826 11
472 1759 528 1825 Ρ.ε
543 1761 646 1826 Mtro.
663 1759 803 1842 ignatio
817 1760 862 1824 do
877 1761 1012 1841 Loyola
1024 1759 1207 1843 Preposito
1219 1757 1373 1825 Genera!

148 1869 238 1934 delia
252 1869 476 1952 Compagnia
491 1868 534 1932 de
549 1867 657 1945 Geso,
673 1867 709 1932 in
729 1867 854 1931 Roma.

206 1976 293 2041 Alia
307 1993 432 2040 manu:
449 1974 536 2039 1556.
554 1974 696 2039 Loreto.
712 1974 980 2055 Quadrimestre
996 1974 1076 2038 delli
1094 1974 1131 2037 16
1146 1975 1181 2038 di
1200 1975 1373 2040 Gennuio.

216 2083 416 2163 Vestigium
427 2099 529 2146 cerae
542 2081 672 2162 sr'gdli.

203 2961 240 3020 P.
258 2960 429 3020 Adrianus
444 2961 584 3020 Adriani

238 3059 330 3118 Patri
346 3062 473 3134 ignatio
487 3059 529 3119 de
543 3059 683 3132 Louola.

276 3157 436 3230 Lovanio‚
454 3157 488 3216 17
500 3157 651 3232 Januarii
667 3157 737 3218 1556
751 3158 771 3216 ¹.

726 3345 801 3458 nis

208 3577 337 3642 Gratia
353 3589 387 3643 et
404 3597 474 3660 pax
489 3579 545 3644 XJ
565 3581 762 3645 nobiscum.

210 3685 436 3750 Venerabilis
451 3687 568 3751 Pater.

211 3791 341 3856 Paucis
357 3793 594 3874 perstringam
611 3812 702 3875 quae
717 3796 783 3858 hoc
800 3797 960 3876 proximo
976 3794 1224 3876 quadrimestri
1238 3811 1300 3873 per
1312 3810 1380 3856 nos

156 3894 327 3962 Dominus
342 3901 484 3980 operari
499 3901 665 3980 dignatus
681 3911 745 3965 est.
769 3902 807 3966 In
826 3903 949 3983 primis
970 3903 1030 3965 vix
1049 3902 1177 3965 labitur
1199 3901 1273 3964 dies
1294 3917 1379 3979 qua-

154 4001 348 4084 liscumque
363 4005 386 4084 ¹,
402 4007 438 4069 in
454 4025 522 4088 quo
537 4025 609 4071 non
625 4020 810 4072 accrescat
826 4009 928 4072 nobis
942 4027 1055 4072 nouus
1070 4009 1252 4086 vtriusque
1273 4024 1381 4070 sexus

155 4113 330 4189 confitens
344 4111 367 4176 ³.
384 4112 548 4192 Augetur
562 4123 597 4178 et
612 4132 784 4178 numerus
795 4115 996 4198 frequenter
1007 4113 1343 4179 communicantium
1355 4111 1377 4177 ⁴:

154 4215 220 4279 duo
236 4219 345 4282 etiam
362 4220 497 4284 nobiles
512 4221 671 4301 studiosi,
688 4222 748 4286 filii
764 4223 912 4286 duorum
926 4223 1204 4303 praecipuorum
1227 4219 1238 4252 ³
1260 4223 1296 4285 in
1319 4238 1380 4284 no·

192 4419 201 4454 1
229 4421 423 4478 Antographre
433 4424 508 4468 unico
519 4424 587 4472 16116.
604 4437 628 4469 n.
642 4425 790 4480 Stil-Quae
801 4427 940 4470 emendans
955 4426 1317 4482 Ρ616666666616111,11611613
1332 4426 1376 4470 de·

155 4492 297 4546 suricinum
307 4505 375 4548 quac
385 4506 432 4549 pro
443 4495 553 4540 sublatis
563 4498 706 4552 tnbstituit,
717 4499 749 4542 ad
759 4499 869 4553 paginae
881 4501 978 4544 calcum
990 4499 1088 4543 damus.

191 4563 204 4594 ¹
230 4565 496 4618 aliquinpounncus.

191 4633 205 4665 ⁸
231 4637 419 4692 confitentium
429 4649 569 4684 numerus.
579 4640 617 4685 16.

192 4706 205 4740 0
230 4705 383 4761 frequenter
393 4712 635 4758 communicantium
647 4703 798 4758 multitudo.
809 4713 847 4758 16.

193 4776 205 4810 ⁸
233 4779 431 4826 nobiliumn.

300 4869 337 4930 Τ.
360 4895 400 4933 ιν.
