3504 5532
364 491 417 560 118
741 499 916 564 erraaaa
935 519 1208 572 ouaoaruusraas

360 648 469 726 dauit,
486 649 556 713 imo
571 650 696 729 quibus
710 650 940 716 dubitandum
955 653 1042 716 nihil
1055 661 1120 728 est,
1136 653 1219 732 quia
1234 651 1448 716 illud‘animi
1464 650 1509 714 de
1522 648 1586 714 So·

360 755 488 818 cietate
508 757 551 818 ab
576 757 635 819 illo
649 785 696 820 του
712 758 936 830 mutianum&
959 759 1120 838 concepti
1145 768 1324 823 extortum
1344 757 1462 835 suerit,
1486 758 1586 837 prae'-

360 861 481 926 sertim
496 879 575 926 cum
590 863 763 929 Dominus
777 864 948 946 Aloysius
968 864 981 896 ⁸
996 866 1103 929 tantis
1127 865 1285 945 paternis
1310 861 1583 928 commendatio·

360 969 464 1031 nibus
492 971 808 1034 commendationis
834 973 1013 1036 cumulum
1037 971 1223 1035 addiderit:
1240 980 1277 1034 at
1297 971 1394 1034 illum
1409 971 1470 1050 qui
1485 979 1586 1034 tanto

359 1075 566 1155 pontificatu
580 1076 674 1140 haud
691 1095 807 1140 mores
818 1094 904 1157 prae
915 1095 953 1141 se
964 1078 1033 1142 fert
1047 1079 1225 1158 indignos,
1238 1078 1359 1142 forsan
1371 1077 1587 1140 credendum

359 1183 427 1245 erit
438 1199 476 1246 se
486 1184 541 1245 sui
551 1183 755 1247 dissimilem
770 1185 981 1249 ostendisse?
1005 1185 1041 1248 id
1068 1194 1132 1262 est,
1150 1197 1188 1248 ut
1213 1201 1281 1264 ego
1299 1185 1523 1264 interpretor,
1539 1184 1586 1246 ab

360 1291 579 1353 humanitate
608 1308 672 1353 sua
700 1291 950 1371 degenerasse?
975 1291 1260 1372 haudquaquam.
1288 1291 1380 1354 Nam
1401 1289 1460 1370 qui
1475 1290 1582 1370 paulo

360 1405 441 1460 ante
457 1396 497 1460 R.
511 1395 549 1460 P.
563 1396 750 1461 Rectorem
772 1416 814 1460 ea
829 1397 1059 1476 humanitate,
1075 1415 1165 1478 quae
1180 1399 1373 1478 singularis
1397 1406 1463 1476 cst,
1488 1413 1584 1460 com·

359 1503 604 1581 prehenderat;
633 1504 693 1584 qui
708 1505 847 1567 dixerat
862 1505 957 1568 haud
983 1507 1094 1569 inuito
1116 1507 1234 1569 animo
1260 1505 1440 1587 Romanos
1464 1515 1586 1584 patres

360 1609 468 1673 fuisse
490 1612 666 1690 uisurum,
699 1612 728 1673 si
753 1629 833 1675 eum
849 1611 960 1676 Roma
977 1611 1257 1690 proficiscentem
1277 1613 1447 1675 adiissent
1468 1612 1585 1690 (excu-

360 1719 453 1781 sauit
477 1726 594 1781 autem
619 1729 720 1798 pater
740 1727 859 1781 uestra
889 1719 1065 1798 negocia);
1092 1721 1152 1800 qui
1177 1719 1316 1782 dixerat
1340 1720 1389 1782 nil
1415 1719 1491 1781 fore
1510 1728 1585 1780 tam

360 1822 509 1903 difficile,
534 1825 639 1904 quod,
667 1825 696 1887 si
721 1825 786 1888 sibi
802 1843 865 1904 pro
877 1835 998 1888 nostro
1014 1835 1117 1905 patre
1131 1825 1255 1890 fuisset
1274 1824 1486 1902 faciendum,
1514 1841 1586 1887 non

359 1931 462 1994 facile
481 1931 597 1993 uisum
617 1943 721 2010 esset,
747 1934 876 2012 quique
891 1933 1000 1996 multa
1014 1933 1191 2012 pollicitus
1211 1941 1298 2010 erat,
1320 1949 1411 2011 quae
1425 1949 1498 1994 non
1512 1949 1587 1996 me·

359 2037 478 2100 diocre
502 2038 768 2101 beneuolentiae
783 2047 1029 2118 argumentum
1042 2040 1297 2118 indicauerant;
1314 2056 1392 2101 eum
1406 2047 1585 2102 tantorum

364 2144 561 2225 principum
593 2146 915 2210 commendationes
939 2148 1127 2227 recepisse,
1155 2147 1241 2210 nihil
1262 2156 1315 2209 est
1336 2146 1430 2225 quod
1449 2145 1586 2209 dubite-

364 2268 457 2313 mus:
474 2252 599 2330 quibus
621 2253 782 2316 omnihus
802 2254 885 2315 uelit
900 2254 974 2334 ipse
986 2252 1158 2316 Dominus
1173 2253 1323 2316 aucthor
1338 2252 1494 2316 omnium
1508 2251 1583 2316 leli·

363 2375 440 2420 cem
455 2359 586 2420 exitum
603 2359 810 2422 concedere.

419 2463 471 2528 Ne
493 2476 612 2528 autem
629 2465 768 2528 silentio
787 2483 866 2529 meo
888 2476 1049 2547 pereant,
1070 2484 1160 2547 quae
1181 2469 1278 2531 circa
1299 2465 1532 2530 confessionis
1551 2474 1587 2528 et

362 2572 618 2634 communionis
633 2581 856 2635 sacramenta
871 2572 1028 2653 perlecta
1048 2573 1177 2637 suerint
1192 2575 1319 2655 (perire
1334 2573 1475 2653 quidem
1491 2571 1587 2646 uide,-

359 2687 482 2740 rentur
496 2679 737 2741 taciturnitate
752 2697 842 2756 mea,
859 2681 953 2742 nulla
966 2680 1008 2743 de
1021 2681 1089 2743 illis
1100 2681 1276 2743 mentione
1288 2679 1477 2756 celebrata,
1491 2677 1587 2757 apud

361 2784 531 2860 homines,
553 2786 611 2863 qui
627 2786 782 2847 externis
798 2784 902 2848 modo
917 2787 1116 2867 capiuntur,
1136 2785 1199 2848 sed
1218 2804 1289 2849 non
1305 2786 1398 2866 apud
1413 2802 1505 2863 eum,
1527 2785 1586 2864 qui

360 2891 468 2954 corda
497 2893 704 2970 scrutatur),
735 2894 828 2955 scias
863 2893 967 2956 uelim
997 2894 1150 2957 breuiter
1185 2893 1371 2973 quaedam,
1409 2909 1490 2956 cum
1523 2891 1585 2954 uix

361 2999 518 3061 omnium
532 3017 706 3062 summam
726 3000 858 3079 absque
878 3001 1020 3063 lectoris
1038 2999 1180 3063 fastidio
1204 3019 1225 3062 a
1245 3018 1300 3062 me
1315 2997 1422 3062 scribi
1437 2997 1586 3076 possint.

361 3103 449 3168 Cum
463 3115 604 3183 egestas
619 3115 736 3168 tantas
752 3106 926 3169 interdum
942 3106 1036 3168 uires
1051 3123 1260 3186 expromere
1279 3107 1403 3183 soleat,
1425 3114 1463 3166 ut
1478 3104 1587 3166 etiam

361 3211 590 3274 fortissimum
610 3230 782 3293 quemque
804 3213 869 3274 sibi
890 3212 1063 3291 subiiciat,
1085 3223 1201 3275 mcntc
1227 3213 1398 3291 deturbet,
1420 3229 1462 3274 ac
1482 3209 1586 3274 facile

360 3319 553 3382 humanum
563 3336 676 3398 genus
688 3319 732 3382 ad
747 3319 934 3382 latrocinia
950 3329 1146 3396 conuertat,
1163 3319 1254 3382 etad
1270 3319 1417 3399 quaeuis
1432 3315 1586 3380 nefanda

360 3425 519 3488 facinora
536 3426 695 3504 captiuos
710 3443 793 3489 suos
808 3426 1045 3505 perpetranda
1057 3427 1255 3504 compellat,
1272 3425 1400 3488 mirum
1415 3433 1468 3486 est
1480 3439 1588 3502 quam

361 3532 537 3612 ignauiter
553 3531 588 3593 in
600 3534 755 3594 uetulam
771 3533 959 3612 quamdam
975 3533 1047 3595 iam
1065 3532 1198 3596 uiribus
1213 3531 1352 3594 effetam
1367 3547 1406 3593 se
1421 3529 1583 3608 gesserit:

361 3639 538 3718 respiciat,
556 3639 716 3716 obsecro,
733 3637 774 3700 R.
793 3637 991 3701 Paternitas
1006 3639 1082 3702 Tua
1095 3656 1201 3719 quam
1215 3637 1407 3701 fortissimo
1419 3635 1485 3699 sub
1498 3637 1588 3699 duce

361 3746 563 3823 militamus
591 3745 753 3825 quicum
777 3762 842 3807 nos
868 3762 947 3808 cum
972 3744 1212 3825 spiritualibus
1237 3744 1389 3807 inimicis
1415 3743 1587 3824 praelium

361 3852 520 3916 ineuntes
539 3853 693 3932 gloriose
713 3852 822 3914 tuitus
841 3861 945 3930 esset,
962 3869 1043 3915 cum
1062 3851 1107 3915 sit
1132 3853 1207 3932 ipse
1227 3852 1341 3914 uictor
1362 3851 1587 3930 omniumque

361 3959 518 4023 surorum
535 3959 718 4033 refractor,
737 3958 1069 4038 uictoriaepalmam
1080 3957 1180 4021 nobis
1196 3959 1370 4022 concedit.
1385 3957 1509 4021 Mulier
1525 3957 1587 4035 igi·

363 4076 430 4145 tur,
447 4083 528 4130 cum
541 4066 577 4129 in
592 4075 690 4128 tanta
705 4066 832 4129 horum
852 4076 1049 4145 temporum
1069 4065 1218 4128 caritate
1238 4065 1326 4128 adeo
1347 4068 1496 4128 molesta
1511 4081 1590 4144 pre·

365 4181 520 4235 meretur
535 4181 704 4250 egestate,
721 4181 758 4234 ut
771 4189 862 4251 pane
877 4172 983 4234 etiam
1004 4171 1183 4250 destituta,
1205 4173 1297 4236 unde
1318 4182 1352 4234 et
1372 4170 1438 4234 sibi
1459 4177 1493 4234 et
1514 4169 1587 4234 uni·

408 4519 417 4552 ¹
445 4519 522 4565 Haud
532 4521 608 4565 facile
618 4527 658 4565 est
667 4521 808 4565 decernere
817 4521 877 4574 quid
893 4520 995 4564 taudem
1010 4520 1147 4574 legendam
1162 4522 1197 4565 sit
1208 4531 1241 4565 an
1251 4522 1305 4574 rod.
1317 4531 1350 4566 en
1360 4531 1423 4564 vero
1434 4514 1535 4566 adorei
1550 4511 1591 4580 τό;

363 4593 487 4650 quidquid
496 4599 584 4638 eutem
594 4594 634 4646 alt,
646 4604 692 4637 nec
702 4603 805 4638 sensum
816 4604 862 4636 nec
873 4593 1005 4648 syntaxim
1015 4595 1080 4637 setis
1090 4593 1215 4646 capimus.
1225 4591 1315 4636 Sermo
1327 4599 1414 4637 tamen
1426 4592 1594 4637 videturene

363 4667 516 4710 testimonii
525 4677 542 4710 a
552 4664 689 4720 cardinale
700 4665 731 4708 de
741 4663 805 4709 Este
815 4665 878 4718 dati,
888 4675 937 4718 quo
947 4664 1025 4708 animi
1035 4674 1100 4718 erga
1110 4663 1268 4709 Societatem
1278 4664 1318 4709 sul
1329 4675 1405 4708 sensa
1420 4665 1594 4718 exprimebat.

405 4739 417 4770 ¹
445 4739 567 4794 aloysius
577 4739 607 4782 de
619 4737 691 4791 Este,
703 4729 821 4782 Herculis
834 4735 907 4780 fliius.
