3578 5534
379 513 416 572 46
785 514 956 574 Ltrraana
975 529 1245 580 ouaoatuesrans
1268 531 1272 540 ’

381 661 515 723 minum
530 660 645 738 turba,
662 670 701 722 vt
714 677 823 740 supra
839 669 979 723 centum
995 669 1097 723 extra
1110 659 1205 723 fores
1224 660 1345 739 templi
1365 658 1540 722 sacrificio
1560 661 1610 722 illi

379 767 531 830 solemni
546 767 700 830 astitisse
714 767 860 830 feratur.

441 873 616 937 Mirantur
631 890 754 937 omnes
769 874 910 937 diuinae
925 874 1063 952 gratiae
1078 872 1304 952 praesidium,
1322 889 1391 953 quo
1409 873 1531 950 fretuS,
1556 889 1610 935 sa-

380 998 443 1044 cra
460 980 629 1060 mysteria
646 980 769 1044 diebus
783 981 933 1059 singuiis
954 979 1150 1060 frequento,
1175 997 1217 1042 ac
1241 979 1496 1059 professionem
1511 979 1608 1042 theo·

379 1088 534 1166 logicam
548 1086 651 1150 simul
665 1097 700 1149 et
715 1088 918 1150 hebraicam
933 1104 1138 1167 prosequor,
1157 1096 1297 1165 praeter
1312 1087 1389 1166 pias
1404 1087 1609 1165 occupatio·

381 1211 445 1256 nes
459 1193 556 1257 horis
579 1194 789 1256 successiuis
813 1195 1084 1274 subsequenteS,
1100 1211 1189 1272 quas
1209 1193 1244 1255 in
1264 1192 1441 1256 visitando
1456 1193 1610 1255 xenodo-

377 1301 474 1378 chio,
497 1301 643 1364 aedibus
663 1301 925 1380 aegrotantium
952 1299 1134 1376 adeundiS,
1162 1299 1442 1364 confessionibus
1467 1299 1609 1362 audien·

379 1407 447 1484 dis,
463 1408 604 1474 casibus
619 1408 859 1470 conscientiae
878 1407 1114 1485 resoluendis,
1135 1407 1355 1487 caeterisque
1375 1406 1411 1470 id
1429 1421 1542 1486 genus
1565 1423 1609 1468 ex

342 1509 352 1534 ⁶
381 1514 571 1577 occasione
587 1513 821 1577 incidentibus
835 1514 998 1592 negotiiS,
1012 1515 1159 1576 colloco.
1174 1511 1436 1594 Obstupescunt
1447 1529 1504 1576 me
1516 1513 1607 1576 dona

382 1638 425 1683 ac
441 1637 586 1684 munera
600 1621 636 1683 in
652 1621 826 1684 sacrificio
842 1623 956 1700 primo
978 1621 1169 1698 refutasse,
1185 1638 1295 1700 quae,
1313 1621 1344 1683 si
1365 1637 1407 1682 ea
1424 1620 1610 1683 admittere

383 1728 585 1796 voluissem.
602 1729 739 1791 amicus
759 1729 903 1808 quidam
924 1745 1060 1807 magno
1086 1726 1350 1806 redempturum
1372 1744 1410 1790 se
1426 1725 1607 1790 offerebat.

381 1833 488 1898 Certe
504 1835 650 1898 mirifica
671 1840 706 1898 et
727 1835 1003 1915 fragrantissimi
1022 1835 1142 1898 odoris
1156 1834 1250 1897 fama
1272 1835 1317 1897 de
1332 1831 1511 1897 Societate
1531 1850 1609 1913 pas·

380 1944 449 2004 sim
464 1941 679 2019 diffunditur,
693 1942 786 2023 quod
802 1941 965 2022 stipendii
980 1943 1039 2004 ¹aaa!
1057 1941 1286 2004 eleemosinae
1302 1941 1497 2006 ministerio
1508 1939 1609 2002 verbi

379 2068 424 2114 ac
440 2060 744 2113 sacramentorum
757 2050 945 2129 litourgiae
957 2048 1035 2129 jure
1051 2049 1276 2113 meritissimo
1292 2049 1430 2113 debitae
1445 2046 1607 2112 Societas

384 2174 513 2237 expers
528 2175 605 2220 esse
619 2158 782 2220 voluerit.

443 2261 678 2343 Claromonte,
703 2281 841 2328 summo
862 2265 1058 2344 intemplo,
1079 2273 1264 2344 praesente
1285 2263 1372 2327 R.²¹²⁰
1391 2260 1544 2326 Domino
1565 2277 1608 2323 ac

381 2372 461 2435 aliis
480 2372 635 2436 eiusdem
655 2372 752 2435 vrbis
774 2377 808 2435 et
828 2371 1044 2451 oppidorum
1063 2369 1389 2434 circumiacentium
1406 2369 1505 2447 locis,
1527 2385 1608 2431 con·

381 2479 544 2541 <tionibus
559 2488 639 2541 ante
657 2476 861 2541 Aduentum
875 2477 1014 2556 habitis,
1032 2479 1170 2558 frugem
1180 2477 1366 2556 Euangelii
1378 2475 1474 2539 haud
1486 2476 1610 2554 vulga·

381 2603 457 2648 rem
471 2585 586 2660 retuli,
603 2585 777 2648 desiderio
792 2585 982 2649 societatis
992 2586 1122 2666 ubique
1136 2585 1272 2648 relicto.
1286 2583 1426 2647 Christo
1440 2583 1565 2662 gloria.

441 2691 580 2756 Biliomi
599 2691 802 2756 Aduentum
822 2693 996 2772 transegi,
1024 2693 1211 2773 epistolam
1235 2692 1282 2755 ad
1305 2691 1488 2754 Hebraeos
1510 2705 1609 2754 enar·

381 2800 506 2878 raudo,
523 2815 604 2862 cum
618 2809 717 2862 tanta
741 2800 943 2864 auditorum
964 2800 1079 2876 turba,
1104 2799 1325 2879 potissimum
1346 2796 1468 2861 diebus
1483 2795 1607 2871 sacriS,

380 2917 420 2968 vt
435 2908 510 2986 ipse
525 2889 790 2986 obtupescerem
807 2906 853 2969 ob
868 2907 920 2970 rei
935 2907 1144 2970 insolentem
1157 2907 1362 2969 nouitatem.
1383 2903 1519 2969 Videas
1529 2920 1608 2983 pas·

379 3013 446 3076 sim
461 3029 592 3076 nouam
607 3014 762 3077 ciuitatis
777 3014 916 3090 faciem,
932 3013 962 3076 si
977 3031 1057 3077 curn
1072 3013 1156 3076 olim
1171 3022 1340 3076 consueto
1352 3029 1451 3075 more
1462 3009 1608 3074 viuendi

380 3138 460 3184 eam
475 3120 649 3184 conferas.
665 3121 829 3203 Jactatur
844 3121 977 3201 passim
992 3121 1173 3200 myriades
1186 3121 1354 3183 vitiorum
1373 3117 1511 3181 nostris
1526 3133 1609 3180 con·

379 3227 542 3290 cionibus
561 3226 773 3308 praepediri.
796 3227 873 3307 Ipse
893 3228 1048 3291 demiror
1069 3236 1206 3290 tantam
1231 3227 1351 3306 populi
1373 3225 1609 3288 reuerentiam

380 3344 487 3413 atque
503 3335 591 3398 adeo
607 3336 881 3398 obseruantiam.
899 3333 1010 3398 Nemo
1024 3343 1078 3396 est
1090 3334 1149 3414 qui
1161 3350 1232 3396 non
1244 3341 1410 3396 vereatur
1421 3349 1543 3395 coram
1554 3347 1611 3394 me

381 3441 496 3505 Deum
511 3441 700 3520 offendere3
717 3459 759 3503 ac
774 3443 804 3504 si
827 3441 916 3504 forte
936 3444 1037 3521 lapsu
1057 3441 1199 3519 linguae
1222 3450 1282 3502 aut
1305 3439 1539 3518 imprudentia
1558 3437 1609 3517 jn·

378 3558 435 3613 ret
450 3549 637 3630 quispiam,
654 3567 738 3612 mox
755 3552 915 3612 ultroneo
927 3547 1060 3628 pudore
1075 3547 1247 3626 arguitur,
1261 3562 1416 3626 suusque
1428 3546 1493 3608 sibi
1501 3543 1610 3624 judex

381 3668 446 3721 est.
464 3655 611 3736 Quoties
626 3655 775 3734 Biliomi,
793 3657 863 3718 alio
877 3665 1038 3732 vocatus,
1056 3672 1125 3718 non
1146 3671 1291 3734 possum
1312 3653 1529 3729 concionari,
1553 3651 1607 3714 Bi·

382 3765 524 3828 liomaei
551 3764 747 3827 absentiam
772 3780 889 3827 meam
913 3779 1021 3842 aegre
1046 3761 1186 3838 ferunt,
1214 3777 1291 3823 meo
1317 3769 1436 3822 tamen
1462 3759 1609 3822 arbitrio

381 3887 484 3935 suum
499 3871 746 3935 submittentes
761 3869 937 3933 affectum.
955 3867 1031 3931 Deo
1047 3867 1160 3931 honor
1176 3877 1264 3930 esto.

440 3977 542 4042 Rau
557 3977 741 4054 Dominus
765 3977 825 4056 pio
839 3976 1015 4039 vberioris
1037 3976 1126 4038 lucri
1148 3975 1319 4054 spiritalis
1339 3973 1466 4046 studio,
1486 3990 1540 4036 me
1563 3973 1608 4036 ad

378 4085 622 4149 confessiones
638 4084 832 4147 audiendas
847 4083 1008 4145 hortatus
1024 4093 1087 4158 est,
1102 4098 1223 4161 parem
1236 4079 1438 4161 Episcopali
1454 4080 1609 4143 clauium

383 4201 604 4271 potestatem,
623 4199 794 4271 quantum
809 4191 854 4252 ad
870 4206 975 4253 casus
989 4199 1194 4253 reseruatos
1210 4190 1346 4265 attinet,
1365 4189 1400 4249 in
1421 4205 1476 4250 me
1496 4199 1610 4251 trans·

382 4299 511 4363 ferens.
523 4295 664 4363 R.‘¹⁰⁵P.
678 4297 903 4375 Paschasius,
918 4291 1084 4376 Episcopi
1097 4295 1487 4375 subscribensarbitrio,
1501 4293 1610 4358 huius

381 4406 603 4470 sacramenti
628 4405 970 4468 administrationem
1000 4405 1085 4467 mihi
1115 4403 1300 4479 commisit,
1332 4419 1439 4483 quam
1468 4401 1609 4482 quidem

382 4531 550 4592 exerceo,
567 4520 741 4593 quatenus
756 4529 819 4592 per
834 4511 1087 4591 occupationes
1102 4511 1193 4574 licet.

442 4619 756 4712 vigesimoquarto
789 4617 954 4682 Octobris
983 4618 1018 4681 in
1051 4615 1195 4697 Synodo
1230 4615 1528 4695 claromontana,
1563 4616 1610 4680 ad

380 4745 488 4807 quarn
504 4726 668 4790 Pastores
684 4727 872 4789 vniuersae
884 4725 1086 4789 dioeceseos
1099 4732 1340 4787 conuocantur
1352 4742 1396 4786 ex
1405 4717 1516 4803 more,
1530 4740 1609 4787 ora-
