3504 5532
400 524 453 589 188
781 527 953 590 mea
971 487 1242 600 ouaoaruasraas

397 673 441 738 ad
457 674 635 756 quoddam
649 675 732 739 huic
747 677 754 712 ¹
771 663 957 740 finitimum
971 676 1138 760 oppidum
1149 677 1255 760 (quod
1265 675 1493 757 Cartaginem
1506 675 1623 757 appel·

396 783 493 859 lant).
507 779 637 848 Sumus
647 783 684 848 io
699 783 769 848 hac
783 783 870 848 vrbe
884 783 1075 850 admodum
1089 785 1225 866 accepti
1236 783 1495 848 commum'ter'
1511 783 1621 847 omni·

395 889 471 970 bus,
487 898 561 955 tam
574 889 826 955 ecclesiasticis
841 891 929 956 viris
943 907 1050 972 quam
1064 891 1294 971 secularibus
1310 907 1478 972 magnam
1493 889 1537 954 de
1553 890 1622 954 hoc

394 997 544 1078 collegio
558 1014 656 1079 spem
672 1015 795 1063 omnes
805 1008 1056 1080 conceperunt:
1071 999 1245 1080 superiori
1259 998 1480 1063 hebdomada
1491 998 1622 1062 transi·

397 1104 510 1168 aimus
524 1105 561 1168 in
576 1122 707 1171 nouam
721 1105 876 1184 domum,
893 1123 999 1188 quam
1015 1115 1135 1170 noster
1149 1105 1346 1188 Episcopus
1363 1105 1505 1186 magnis
1524 1122 1619 1169 sum·

395 1211 1005 1294 pribusexaedificaait.P.Baptista
1015 1191 1620 1279 PinciamadPatremFranoiscum

396 1336 508 1400 nuper
522 1321 702 1402 protectus
715 1329 781 1400 est,
796 1319 896 1384 breui
911 1329 950 1383 vt
964 1319 1141 1385 credimus
1155 1319 1342 1386 rediturus.

454 1424 637 1507 Rogamus
651 1426 818 1492 Vestram
838 1426 1087 1492 Reuerentiam
1111 1427 1186 1491 suis
1199 1426 1245 1491 ad
1269 1426 1385 1491 Deum
1408 1425 1621 1508 precationi·
1737 1455 1738 1502 3

394 1534 461 1598 bus
475 1550 518 1597 ac
529 1531 714 1598 sacrificiis
729 1551 795 1598 nos
808 1535 938 1600 habeat
952 1533 1228 1611 commendatos¹
1249 1532 1308 1614 qui
1329 1531 1492 1612 incoepta
1513 1549 1620 1596 cona·

394 1651 522 1723 tusque
547 1650 689 1705 nostros
717 1641 889 1706 foeliciter
913 1649 1124 1722 promoueat
1152 1640 1199 1705 ad
1223 1639 1376 1720 gloriam
1404 1639 1623 1704 sanctissimi

396 1746 551 1812 nominis
564 1747 619 1811 sui
633 1756 668 1810 et
683 1749 833 1812 salutem
849 1749 1058 1812 animarum.

454 1853 626 1934 Murciae,
641 1854 691 1918 5.⁰
706 1853 785 1919 idus
798 1855 922 1919 maias

459 1961 513 2026 Ex
528 1961 696 2026 mandato
710 1960 826 2026 Patris
840 1962 1031 2043 Baptistae.

455 2068 503 2133 V.
518 2067 616 2133 R.i¹⁸e
631 2067 765 2134 inutilis
779 2069 815 2134 in
831 2069 972 2135 Christo
987 2087 1123 2150 seruus,

1135 2286 1316 2352 Amemus
1336 2285 1464 2351 Foro*

456 2606 723 2688 superscriptio
751 2607 790 2670 t'n
818 2612 949 2688 quarta
972 2606 1135 2688 pagina:
1148 2609 1170 2682 †
1184 2607 1231 2672 At
1244 2625 1330 2690 muy
1344 2605 1421 2672 ΚΜ
1446 2607 1556 2690 padre
1576 2625 1621 2672 en

396 2713 537 2780 Christo
562 2717 595 2780 el
619 2713 658 2781 P.
679 2715 743 2780 ΜΡ
760 2715 898 2796 ignatio
919 2715 963 2780 de
988 2713 1136 2796 Loyola,
1160 2712 1344 2799 Proposito
1364 2716 1512 2796 general
1526 2717 1570 2780 de
1586 2716 1620 2780 ia
1739 2801 1740 2804 Ἴ

395 2820 592 2903 Compafiia
604 2823 647 2887 de
661 2822 776 2905 Jesos.
793 2822 847 2886 Eo
860 2820 986 2888 Roma.

452 2928 538 2992 Alia
553 2945 677 2993 manu:
694 2928 782 2992 1556.
798 2929 947 2994 Murcia.
964 2929 1250 3010 Quadrimestres
1267 2928 1301 2992 11
1318 2929 1414 2994 Maii.

455 3035 504 3100 Et
517 3035 605 3100 alto:
619 3035 826 3101 Emendata.

435 3313 444 3347 ¹
473 3314 533 3358 huic
543 3315 612 3359 oroi.
622 3313 764 3362 Potamon.

434 3385 446 3420 ⁸
471 3387 621 3442 gratisne.
632 3386 672 3432 Io.
