3504 5532
624 541 688 606 Aa.
710 541 779 606 1550
1262 535 1313 608 195

106 693 193 756 brant
204 690 332 772 jacula,
349 695 463 758 insuit
479 694 596 775 capita
617 703 896 773 retorqueantur.
919 692 986 772 Qui
1008 701 1125 757 autem
1141 693 1309 756 exercita·

106 813 152 862 tos
165 801 286 864 habent
307 818 444 880 sensus,
462 816 584 863 eorum
603 801 712 864 verba
727 805 978 880 aspernanter,
997 800 1123 864 maiori
1144 817 1223 864 cum
1243 802 1312 863 ala·

107 907 216 970 critate
237 919 271 971 et
297 909 424 972 robore
441 909 663 988 gradiuntur.
691 908 826 971 Tantus
852 908 969 988 itaque
995 917 1047 971 est
1073 906 1314 971 confitentium

106 1029 296 1092 concursus,
324 1025 361 1078 vt
389 1032 461 1078 non
488 1017 603 1078 solum
627 1014 721 1095 apud
749 1013 918 1078 Sanctum
948 1012 1164 1078 Germanum
1192 1013 1316 1078 diebus

107 1119 193 1184 iestis
218 1139 441 1202 occupemur,
474 1139 596 1186 verum
624 1122 731 1185 etiam
758 1121 1041 1203 frequentissime
1069 1121 1175 1199 domi,
1205 1121 1313 1201 quoti·

106 1227 154 1290 die
168 1228 254 1309 apud
269 1229 402 1293 Diuum
420 1228 597 1306 Cosmam,
621 1246 691 1309 quo
707 1231 898 1292 conuolant
913 1245 956 1292 ex
979 1227 1087 1291 totius
1102 1227 1256 1294 ciuitatis
1268 1228 1314 1290 lo·

107 1333 151 1396 cis
167 1336 407 1402 remotioribus
422 1337 623 1416 frequentes
641 1325 826 1400 matronae
840 1337 1030 1418 pleraeque
1047 1335 1195 1413 nobiles,
1212 1351 1315 1416 quae,

106 1444 252 1520 quamuis
267 1444 430 1524 proprios
449 1442 603 1506 habeant
624 1443 862 1506 confessarios
883 1459 924 1505 ac
945 1442 1069 1521 procul
1092 1439 1317 1506 admoduma

107 1549 196 1612 nobis
216 1551 355 1629 distent,
378 1551 505 1614 mirum
527 1559 661 1631 quanto
681 1550 823 1614 feruore
844 1549 892 1612 ad
916 1565 983 1611 nos
1009 1558 1209 1613 accurrant.
1237 1548 1317 1613 Viri

106 1665 210 1720 autem
229 1657 413 1737 prunarii,
428 1656 487 1737 qui
508 1657 627 1738 palam
649 1657 762 1720 uideri
779 1658 914 1733 nolunt,
931 1655 969 1720 P.
992 1655 1250 1752 Prouinciulem
1272 1655 1318 1742 ad

106 1779 174 1827 sese
185 1765 359 1829 aduocant
370 1764 448 1844 ipsi.
463 1763 615 1828 Tantam
630 1765 779 1844 denique
790 1764 955 1844 permulti
970 1781 1018 1826 ex
1033 1762 1317 1840 confessionibus

106 1873 369 1935 consolationem
389 1871 599 1952 percipiunt,
617 1881 655 1933 vt
675 1881 747 1936 tum
763 1871 901 1934 demum
922 1869 1118 1950 incoepisse
1133 1870 1265 1948 viuere,
1283 1879 1317 1932 et

106 1978 254 2041 libertate
273 1979 407 2058 donati,
428 1978 498 2040 sibi
515 1979 718 2041 vtileantnr.
741 1977 798 2040 Ab
819 1977 966 2040 infirmis
985 1977 1091 2040 etiam
1110 1976 1317 2056 saepissime

107 2096 254 2150 vocatur:
272 2085 439 2167 quoniam
458 2096 533 2149 turn
554 2085 621 2148 sibi
639 2085 859 2148 satisfactum
879 2094 913 2147 et
933 2093 1009 2148 tuto
1025 2084 1180 2148 animam
1199 2083 1318 2148 efflare

108 2209 201 2270 posse
224 2202 360 2273 putant,
384 2193 444 2256 vbi
466 2193 517 2256 illi
537 2192 688 2256 confessi
710 2202 801 2270 sunt,
826 2192 921 2271 quod
942 2200 1060 2254 tamen
1082 2193 1173 2255 clam
1191 2199 1318 2254 curant

106 2297 182 2376 steri,
198 2317 241 2362 ne
255 2299 322 2362 sibi
336 2299 532 2362 calumnias
548 2309 608 2362 aut
627 2299 728 2362 nobis
743 2299 946 2377 grauiorem
962 2297 1115 2361 conflent
1134 2295 1316 2376 inuidiam,

105 2414 138 2466 ut
148 2407 204 2486 qui
216 2415 435 2486 compertum
447 2405 600 2469 habeant
612 2405 867 2486 idquibusdam
874 2421 1000 2486 parum
1012 2421 1089 2468 esse
1097 2415 1251 2484 gratum.
1263 2403 1317 2468 Ad

107 2514 376 2590 pernoctandum
398 2515 504 2576 etiarn
519 2513 613 2594 apud
632 2513 743 2575 morti
755 2511 949 2592 proximos
971 2510 1172 2592 frequenter
1187 2528 1316 2577 conuo-

105 2637 227 2701 camur,
243 2631 283 2682 vt
295 2639 357 2684 eos
372 2622 606 2699 consolemur,
622 2620 850 2683 astruamus
869 2630 903 2683 et
921 2620 1129 2684 roboremus
1143 2619 1179 2683 in
1199 2618 1316 2684 Domi·

106 2741 153 2804 no,
170 2728 262 2806 quod
274 2733 308 2790 et
322 2742 402 2788 cum
409 2725 579 2805 samt'lt'ae
593 2725 782 2807 spirituali
792 2727 918 2802 fructu
939 2726 1110 2806 efficitur.
1131 2725 1317 2791 Caeterum

106 2833 200 2897 ctiam
216 2835 324 2914 quiin
340 2834 491 2897 vinculis
507 2833 717 2908 detinentur,
735 2834 809 2897 siue
825 2834 869 2896 ob
891 2843 1031 2913 patrata
1051 2833 1222 2912 facinora,
1243 2834 1319 2897 siue

107 2950 239 3020 propter
252 2940 382 3018 debita,
399 2927 475 3004 siue
488 2941 595 3004 etiarn
611 2941 699 3004 alias
718 2941 763 3004 ob
778 2957 917 3016 causas,
941 2939 977 3004 P.
996 2938 1191 3024 Praepositi
1210 2957 1318 3020 opera

107 3047 249 3124 quotidie
261 3046 442 3128 juuantur,
466 3055 541 3110 tum
555 3048 591 3110 in
613 3048 678 3126 his,
695 3064 786 3127 quae
807 3047 853 3111 ad
874 3047 1029 3111 animum
1050 3057 1224 3128 spectant,
1246 3057 1317 3110 tum

107 3169 186 3231 quae
201 3155 246 3218 ad
267 3167 407 3236 corpus;
428 3171 512 3218 nam
533 3154 651 3218 anima
666 3154 770 3234 longe
792 3154 1017 3232 grauioribus
1039 3155 1197 3218 cathenis
1212 3171 1319 3235 quam

107 3277 222 3342 corpus
238 3264 442 3342 plerumque
457 3261 651 3324 constricta
663 3260 769 3340 jacet,
786 3261 969 3324 daemonis
988 3261 1137 3342 imperio
1158 3261 1317 3339 subacta,

106 3369 255 3448 aquibus
269 3368 429 3448 plerique
450 3368 624 3446 leuantur,
646 3367 705 3448 qui
726 3367 865 3447 pondus
885 3367 1033 3447 grauius
1052 3368 1181 3431 aethna
1205 3385 1242 3431 se
1263 3368 1318 3431 de·

106 3477 253 3550 posuisse
269 3485 480 3554 agnoscunt.
497 3474 637 3538 inediae
659 3474 808 3553 aliisque
824 3475 1105 3553 necessitatibus,
1121 3475 1197 3538 siue
1212 3475 1319 3538 etiam

106 3579 357 3644 infirmitatibus
371 3598 506 3656 eorum,
523 3591 694 3661 quantum
715 3580 791 3644 fieri
806 3591 931 3662 potest,
956 3581 1128 3661 prouidet:
1149 3581 1320 3662 quosdam

108 3688 213 3764 etiam,
229 3690 289 3768 qui
304 3689 349 3752 ob
365 3689 532 3768 exiguam
554 3705 728 3752 summam
751 3688 1008 3766 detinebantur,
1032 3689 1192 3769 quaesita
1216 3688 1319 3752 vnde·

107 3811 234 3875 quaque
249 3795 410 3875 pecunia,
426 3795 602 3858 liberauit:
619 3795 708 3857 alios
722 3812 786 3875 pro
799 3795 933 3858 viribus
945 3797 1148 3859 consolatur
1159 3805 1226 3858 eta
1241 3812 1319 3875 pra·

108 3901 153 3962 uis
174 3901 487 3965 consuetudinibus
508 3901 660 3980 redimit,
684 3919 728 3964 ne
750 3902 854 3964 simul
876 3918 955 3965 cum
980 3903 1157 3983 corporis,
1181 3903 1319 3966 animae

108 4023 237 4088 quoque
253 4008 325 4072 uita
340 4007 535 4088 priuentur.
554 4007 673 4087 Nuper
694 4007 749 4071 vir
764 4007 907 4086 quidam
922 4009 1045 4088 grauis
1062 4009 1231 4073 exercitia
1254 4010 1320 4089 spi·

108 4113 238 4178 ritualia
254 4115 421 4195 suscepit,
445 4115 599 4195 quicum
621 4115 770 4194 animas,
787 4133 873 4178 suae
895 4133 1001 4178 curae
1018 4117 1183 4194 creditas,
1206 4116 1321 4180 litera·

109 4239 176 4286 rum
190 4223 306 4286 studio
322 4223 372 4300 (vt
387 4223 422 4285 in
443 4223 510 4284 hac
530 4221 713 4285 academia
733 4223 891 4302 plerique
907 4223 1032 4301 solent)
1054 4225 1321 4304 postposuisset,

108 4345 176 4394 cum
190 4331 379 4411 perspicua
399 4329 533 4393 erroris
548 4329 651 4392 huius
673 4329 893 4410 aliorumque
908 4330 1107 4395 defectuum
1131 4331 1321 4411 agnitione,

109 4453 142 4496 ac
157 4455 285 4516 magno
302 4437 477 4502 desiderio
492 4435 730 4516 respondendi
745 4453 830 4500 suae
841 4437 1032 4516 vocationi,
1046 4449 1181 4501 mutato
1192 4439 1321 4514 animo,

109 4545 145 4606 ad
159 4563 241 4608 suos
256 4546 378 4609 statim
400 4525 566 4607 reuersus
582 4552 646 4623 est;
670 4560 856 4624 speramus
878 4543 1040 4625 equidem
1062 4563 1142 4610 eum
1163 4547 1325 4627 exemplo

110 4667 145 4712 ac
157 4649 316 4715 doctrina
340 4669 411 4714 non
426 4667 552 4730 parum
568 4660 602 4713 et
618 4652 692 4714 suis
707 4660 741 4713 et
763 4651 842 4716 aliis
858 4651 894 4714 in
917 4651 1069 4715 Domino
1091 4651 1326 4731 profuturum.

160 4759 297 4822 Literas
319 4758 466 4836 indicas
484 4775 572 4838 quas
596 4767 774 4838 postremo
796 4777 817 4821 a
839 4759 941 4822 vobis
962 4759 1174 4841 accepimus,
1198 4761 1328 4842 gallico
