3382 5528
625 517 688 576 An.
711 515 782 576 1556
1264 514 1319 574 413

91 663 259 738 huomini,
276 680 340 742 per
355 663 483 732 rendre
499 662 700 728 testimonio
715 675 749 724 et
771 661 895 725 tenirci
917 663 952 724 iu
972 677 1072 740 pace,
1096 669 1232 725 mentre
1252 661 1317 724 che

92 772 120 832 si
133 773 249 850 legge.

144 875 248 943 mtre
263 878 370 942 molte
384 876 498 942 simile
512 893 642 956 guerre
663 875 814 940 hauemo
834 876 984 946 hauuto:
1006 875 1030 938 11
1055 875 1168 955 primo
1188 875 1317 954 giorno

91 984 152 1048 che
166 983 287 1052 011301
301 985 324 1046 l'
337 984 499 1050 oratione
514 984 639 1063 prima,
657 983 821 1048 tirauano
836 983 949 1063 pietre
970 981 1096 1046 dentro
1119 983 1143 1045 il
1165 982 1317 1064 collegio

93 1107 195 1170 sopra
211 1092 236 1156 li
257 1091 345 1170 tetti,
369 1091 434 1156 che
453 1091 514 1154 noi
534 1091 567 1154 ci
589 1089 893 1154 marauillauamo.
917 1088 1016 1154 Molti
1037 1089 1118 1152 altri
1139 1089 1318 1160 lutherani

93 1213 255 1277 vengono
271 1213 394 1278 spesso
411 1195 1219 1278 31313103310113031303001131,1131011311,
1237 1213 1316 1278 poc·

92 1305 155 1368 che
169 1305 358 1371 settimane
371 1303 419 1382 sa,
435 1321 496 1367 era
511 1321 583 1366 vno
598 1303 688 1366 della
705 1313 803 1366 corte
818 1303 874 1368 del
887 1301 939 1366 Re
954 1302 990 1366 di
1003 1301 1162 1384 polonia,
1178 1304 1203 1367 11
1215 1304 1318 1384 quale

92 1413 135 1473 de
149 1410 231 1480 tutti
244 1412 270 1474 li
285 1412 344 1476 riti
359 1410 450 1474 della
466 1410 587 1477 chiesa
605 1410 781 1474 catholica
801 1427 928 1477 mouea
950 1409 1135 1490 questioni,
1160 1411 1194 1474 31
1215 1411 1318 1492 quale

91 1518 316 1584 brenemente
331 1515 644 1598 respon[den]doli,
665 1517 696 1580 si
715 1517 868 1595 stupiua,
891 1526 925 1580 et
947 1515 1089 1598 quando
1110 1533 1182 1580 non
1205 1518 1318 1582 hebhe

92 1625 149 1704 piu
165 1625 211 1688 da
226 1624 365 1703 offerre,
384 1625 489 1690 dissi:
508 1625 560 1688 “io
576 1623 612 1686 vi
627 1623 706 1688 dico
721 1624 787 1687 che
801 1641 871 1696 non
886 1623 924 1686 vi
941 1625 1152 1688 iassaranno
1167 1625 1191 1687 li
1205 1627 1318 1690 nostri

92 1749 162 1811 qua
177 1740 273 1801 stare
286 1748 394 1796 senza
409 1731 512 1795 dorui
528 1732 691 1808 assalto.„
709 1728 873 1794 Piacesse
889 1748 909 1794 a
926 1729 994 1795 Dio
1010 1731 1074 1794 che
1090 1749 1160 1794 vnn
1173 1733 1269 1796 volta
1285 1732 1318 1796 ci

94 1837 236 1918 possiuo
251 1840 284 1901 le
299 1838 393 1918 parti
408 1837 600 1900 conuenire
616 1846 650 1899 et
665 1837 927 1900 communicare
941 1838 966 1900 li
982 1837 1059 1901 suoi
1073 1835 1181 1903 dubii.
1201 1837 1317 1905 Final-

95 1953 209 2009 mente
223 1945 258 2007 10
275 1946 393 2008 menni
405 1961 473 2008 con
488 1943 657 2026 patientia
673 1953 708 2006 et
726 1944 994 2024 supportatione
1013 1943 1094 2008 delli
1113 1945 1189 2012 suoi
1213 1961 1317 2024 argu-

94 2052 202 2115 menti
215 2051 345 2130 friuoli,
361 2050 426 2116 che
441 2051 478 2113 iu
495 2059 661 2116 contento
676 2049 712 2113 di
733 2052 857 2130 legger
877 2051 900 2112 11
925 2051 1141 2115 catechismo
1156 2052 1199 2115 de
1215 2053 1318 2116 Cani-

95 2160 158 2236 sio,
176 2167 210 2222 et
225 2158 355 2238 perche
370 2158 485 2221 hauea
500 2157 628 2220 sentito
643 2158 783 2236 pariare
801 2156 844 2219 de
858 2158 880 2219 l'
899 2157 1212 2237 oppugnationi'de
1226 2159 1249 2222 li
1269 2161 1318 2222 lu·

94 2265 233 2328 therani
247 2274 373 2328 contra
387 2266 421 2328 10
435 2264 653 2328 catechismo
671 2263 691 2342 ¹,
713 2263 922 2326 desiderans
939 2264 1049 2326 hauer
1064 2282 1148 2343 vno,
1166 2267 1199 2328 31
1214 2268 1318 2345 quale

92 2373 178 2435 detti
202 2357 270 2436 con
295 2380 419 2452 questa
445 2369 661 2445 conditione,
686 2369 751 2432 che
772 2387 842 2432 non
868 2370 1053 2449 legerebbe
1078 2372 1112 2434 la
1138 2388 1317 2453 oppugna·

94 2479 187 2542 tione
202 2477 258 2542 del
272 2477 472 2551 1011131300,
488 2475 545 2540 fin’
561 2495 581 2540 3
597 2477 662 2539 che
677 2476 876 2539 hauerebbe
891 2477 926 2538 la
942 2476 1116 2540 solutione
1135 2477 1178 2540 de
1202 2480 1316 2558 queiia

91 2585 187 2648 detta
202 2583 468 2666 oppugnatione
483 2591 516 2648 et
531 2584 671 2663 legesse
684 2583 772 2650 bene
792 2591 915 2663 questo
931 2583 1159 2663 catechismo,
1177 2586 1199 2647 il
1215 2586 1317 2664 quale

93 2690 167 2754 iare
185 2708 241 2760 me
264 2691 449 2771 promissi,
472 2702 506 2753 et
528 2691 636 2778 molto
657 2697 821 2754 contento
836 2691 867 2752 si
889 2694 982 2770 parti
997 2690 1042 2755 da
1062 2709 1128 2769 me,
1150 2691 1317 2758 dandomi

93 2779 181 2874 pren
205 2813 317 2877 segno
337 2797 370 2860 d’
392 2796 578 2861 affectione
601 2797 706 2874 bona,
728 2806 762 2860 et
782 2801 877 2860 resto
899 2781 1007 2860 moit‘o
1030 2807 1196 2862 contento
1211 2816 1278 2864 con
1293 2799 1318 2862 11

93 2905 321 2969 catechismo.

151 3009 266 3076 Padre
281 3011 363 3090 11110,
381 3011 426 3074 V.
450 3010 491 3074 R.
517 3029 588 3074 non
609 3011 769 3074 crederia
792 3020 924 3092 quanta
947 3012 1149 3091 ignorantia
1172 3011 1317 3091 quasia

94 3119 179 3196 delle
194 3135 279 3182 cose
293 3118 327 3182 d'
341 3117 438 3182 iddio
454 3128 488 3181 et
503 3119 546 3182 de
561 3121 595 3182 la
610 3117 688 3182 sede
703 3118 892 3195 catholica,
909 3127 943 3181 et
958 3135 1022 3198 per
1042 3118 1222 3184 contrario
1245 3135 1318 3182 non

94 3225 122 3287 si
136 3232 154 3288 e
168 3229 261 3291 altro
276 3225 380 3289 sinon
395 3224 555 3289 doctrine
571 3225 670 3288 varie
685 3235 719 3288 et
734 3224 766 3287 d'
783 3225 868 3302 ogni
881 3226 973 3287 male
989 3225 1177 3288 seminarie
1191 3235 1318 3288 310011-

94 3333 197 3395 trarie
211 3333 283 3395 3113
297 3349 383 3395 vera
400 3331 561 3395 doctrina
577 3331 632 3394 11.ι
647 3348 716 3394 non
733 3331 904 3394 sentendo
919 3330 990 3394 mai
1002 3333 1093 3394 altra
1108 3332 1211 3395 sinon
1223 3348 1318 3394 erro-

95 3453 168 3516 nea,
184 3449 219 3502 et
234 3442 337 3503 cousi
351 3439 475 3502 imbuti
490 3455 577 3502 sono
598 3439 642 3501 ab
658 3437 817 3501 infantia:
839 3453 903 3519 per
924 3449 1049 3518 questo
1069 3455 1140 3502 non
1163 3444 1182 3500 e
1205 3455 1320 3502 mara·

95 3544 174 3608 uilla
189 3545 218 3608 si
234 3545 336 3609 siano
358 3553 457 3608 131110
477 3544 543 3608 1311
563 3562 631 3608 con
652 3546 687 3607 13
709 3545 842 3608 chiesa.
865 3543 935 3607 Dio
956 3543 1144 3607 benedetto
1168 3544 1197 3607 si
1219 3545 1319 3625 vogli

96 3652 242 3716 aiutare.

152 3757 291 3822 Dicono
313 3759 379 3822 che
400 3759 512 3822 siamo
533 3757 654 3838 figlioli
674 3767 708 3822 et
729 3758 910 3821 executori
930 3757 1135 3820 seminatori
1156 3757 1247 3820 delio
1271 3758 1320 3820 in-

1 3927 2 3930 ,
97 3879 186 3942 gano
200 3865 257 3928 del
273 3863 369 3946 Papa
385 3874 420 3931 et
434 3864 608 3945 papistica
624 3873 732 3943 secta,
754 3865 820 3927 che
841 3864 953 3926 siamo
977 3863 1128 3926 ministri
1150 3862 1207 3926 del
1222 3862 1320 3942 Papa

1 4035 2 4042 χ
97 3971 137 4034 de
152 3973 297 4052 ingenui
312 3971 513 4046 seminarii,
530 3981 564 4034 et
586 3973 675 4034 altre
696 3971 801 4034 mille.
819 3970 980 4050 Philippo
1000 3969 1227 4033 Melanethon
1251 3969 1281 4032 si
1301 3975 1320 4031 e

97 4077 247 4143 sforzato
261 4077 298 4143 di
311 4077 437 4142 indure
452 4079 569 4142 alcuni
584 4077 666 4141 delli
682 4078 869 4158 principali
885 4076 920 4139 di
933 4093 1001 4156 qua
1015 4095 1034 4138 a
1047 4076 1183 4139 obtenir
1195 4075 1321 4139 fauore

97 4183 176 4249 dalli
189 4185 306 4249 boemi
321 4185 387 4248 che
402 4185 537 4265 potessi
552 4201 649 4248 esser
672 4183 825 4248 admisso
846 4193 880 4247 et
901 4183 1004 4246 venir
1023 4187 1083 4264 qui
1102 4183 1137 4246 in
1159 4182 1276 4261 praga
1301 4201 1321 4245 3

97 4303 262 4372 spargere
277 4292 302 4354 ii
316 4309 382 4354 suo
396 4308 535 4354 veneno
550 4302 584 4355 et
599 4300 746 4355 mettere
761 4293 794 4354 la
811 4291 909 4355 sedia
923 4308 988 4354 sua
1011 4289 1045 4354 di
1060 4289 1273 4370 pestilentia,
1297 4289 1322 4351 il

1 4403 2 4472 1
98 4395 159 4460 che
173 4415 244 4462 non
259 4398 306 4462 ha
321 4398 482 4462 anchora
497 4399 676 4476 obtenuto,
693 4399 763 4462 imo
779 4399 803 4461 li
816 4398 949 4481 Jesuite
964 4414 1053 4461 sono
1069 4397 1191 4460 venuti
1206 4396 1321 4476 prima

1 4486 2 4500 ¹
98 4503 139 4566 de
152 4505 210 4568 lui.
226 4504 365 4570 Lodato
381 4506 435 4569 sia
449 4503 514 4570 X.⁰
529 4515 563 4568 et
578 4506 726 4569 confuso
743 4507 765 4568 il
781 4505 957 4569 demonio.
973 4505 1003 4568 E
1017 4512 1113 4568 stato
1132 4504 1248 4585 quello
1271 4501 1323 4566 Si-

139 4747 147 4778 1
174 4747 240 4793 Vide
249 4747 461 4800 Banoxsmona.
473 4749 490 4791 1.
501 4759 524 4801 0,
534 4759 594 4804 pop.
604 4747 643 4791 6111
656 4753 681 4790 et
690 4747 739 4791 6115.
