3410 5528
655 531 719 594 Art·
745 533 815 594 1556
1294 531 1348 592 343

131 677 286 742 conciliat
302 680 536 761 astringitque
551 679 766 744 arctissime:
788 697 857 760 quo
872 678 910 742 fit
924 689 964 744 vt
980 678 1088 741 verbo
1109 690 1215 758 atque
1230 694 1346 742 exem·

131 784 192 863 plo,
206 785 302 864 quod
315 785 356 849 r'n
368 785 526 850 Domtiro
541 787 656 867 cupt't,
670 785 756 850 altis
770 786 874 851 facile
888 786 1111 866 persuadeat.

183 890 308 956 Noster
327 891 499 974 Magister
517 893 645 959 Petrus
663 893 824 972 Canalis,
853 892 898 958 ad
925 893 1115 958 sacerdotii
1136 892 1347 972 dignitatem

130 1008 203 1062 ante
227 1000 364 1080 pascha
389 1011 552 1080 euectuS,
579 1001 746 1065 sacrificii
759 1001 948 1081 primitias,
965 1001 1059 1082 apud
1073 1001 1345 1079 IssiodorenseS,

129 1101 197 1170 Deo
219 1107 387 1172 secundis
410 1106 569 1172 Paschae
590 1107 688 1173 feriis
713 1107 853 1186 obtulit,
878 1125 958 1172 cum
980 1109 1170 1172 multorum
1188 1109 1345 1170 consola·

129 1212 231 1293 tione,
252 1213 417 1279 refutatis
441 1215 605 1279 omnibus
631 1215 845 1280 muneribus.
872 1213 949 1294 Ego
976 1231 1072 1294 vero,
1098 1213 1238 1278 Biliomi
1263 1213 1347 1276 sede

128 1317 209 1398 fixa,
230 1330 314 1386 ante
334 1323 662 1403 quadragesimam,
689 1323 735 1390 D.
762 1321 862 1386 Pauli
887 1322 1075 1402 epistolam
1096 1321 1142 1386 ad
1166 1321 1347 1386 Romanos

126 1427 275 1490 absolui:
288 1439 368 1509 post
382 1430 518 1509 pascha
533 1447 619 1494 vero
635 1430 789 1510 priorem
802 1427 845 1493 D.
859 1429 954 1492 Petri
964 1429 1175 1493 canonicam
1186 1427 1347 1508 auspica-

127 1545 287 1615 tussum,
304 1536 339 1600 in
363 1553 432 1618 qua
456 1536 667 1617 explicanda
691 1538 949 1618 professionem
970 1536 1208 1616 theologicam
1229 1551 1347 1616 prose·

127 1657 221 1722 quor.
236 1641 283 1706 In
299 1644 584 1724 quadragesima
599 1643 693 1708 Ram
707 1645 886 1726 Episcopo
902 1649 1028 1708 nostro
1044 1642 1208 1726 precibus
1219 1643 1347 1724 impor-

127 1749 217 1814 tunis
229 1767 400 1831 persuaso
414 1769 436 1816 a
450 1751 720 1817 Biliomensibus
729 1799 736 1832 ,
758 1753 991 1817 concionator
1009 1750 1124 1830 adfui,
1140 1768 1223 1814 cum
1242 1767 1347 1815 euan-

125 1856 256 1934 gelicae
275 1858 401 1922 messis
416 1859 511 1922 haud
526 1859 668 1938 vulgari
682 1859 785 1940 copia
799 1875 843 1922 ac
857 1867 957 1922 tanta
972 1857 1155 1922 hominum
1171 1856 1346 1925 confluen-

127 1961 188 2042 tia,
221 1972 260 2026 vt
292 1965 465 2046 stupenda
497 1963 554 2028 ht'c
578 1972 670 2046 pene
701 1965 882 2029 videatur.
917 1965 1127 2030 Dominicae
1164 1963 1347 2030 Passionis

127 2071 341 2135 enarrationi
355 2071 459 2138 facile
474 2089 539 2136 sex
558 2072 739 2138 hominum
761 2074 870 2136 millia
890 2071 1092 2137 interfuisse
1112 2071 1286 2136 feruntur.
1307 2071 1347 2135 ln

125 2177 319 2264 proximam
334 2179 662 2260 quadragesimam,
678 2178 762 2243 altis
778 2179 1040 2261 compluribus,
1062 2179 1126 2260 qui
1143 2179 1181 2243 id
1199 2179 1345 2259 efflagi-

126 2288 218 2361 tant,
231 2285 415 2366 repulsam
433 2285 670 2368 parantibus,
692 2285 993 2352 Issiodorensibus
1006 2305 1028 2351 a
1042 2285 1129 2350 R.¹¹²o
1143 2286 1297 2366 Domino
1309 2286 1346 2350 in

124 2389 322 2456 Aduentum
335 2402 371 2457 et
385 2391 704 2474 Quadragesimam
716 2393 877 2458 addictus
889 2411 979 2458 sum.
991 2394 1242 2476 Bryoudenses
1251 2403 1345 2474 post·

124 2498 261 2572 modum
281 2517 344 2582 per
365 2499 622 2565 nobilissimum
641 2500 758 2563 virum
779 2498 887 2563 Dana
907 2498 1002 2582 Daly
1021 2518 1078 2565 me
1098 2509 1287 2580 rogarunt,
1304 2509 1343 2564 vt

123 2606 244 2670 saltem
258 2608 407 2672 alteram
423 2605 762 2690 Quadragesimam,
785 2607 931 2672 secundi
953 2607 1120 2672 nimirum
1139 2607 1239 2685 anui,
1257 2607 1344 2688 ipsis

124 2711 298 2792 pollicear.
426 2793 428 2796 Ι

166 2819 419 2898 ,Αᾱιηὶτεῐιᾰιιε
434 2821 539 2886 estin
559 2821 627 2886 hac
648 2821 892 2887 Aruernorum
915 2821 1062 2903 regione
1081 2837 1168 2902 erga
1187 2819 1345 2886 Societa-

125 2933 189 2992 tem
217 2927 382 3005 affectus,
412 2945 455 2993 ac
484 2928 615 2993 nobilis
642 2928 687 2992 de
715 2939 838 2994 nostra
863 2927 1087 3010 professione
1112 2927 1218 2994 fama.
1249 2927 1344 2993 Ante

124 3032 436 3116 Quadragesimam
451 3037 623 3117 elapsam,
636 3035 672 3100 in
684 3036 771 3100 vrbe
786 3035 996 3116 Biliomaea,
1014 3034 1179 3114 Vicensi,
1195 3035 1343 3100 Issiodo·

124 3139 230 3218 tensi,
247 3140 342 3225 apud
356 3141 513 3206 Montem
528 3142 718 3221 Morinum,
730 3148 818 3224 post
831 3142 966 3224 pascha
980 3159 1066 3206 vero
1085 3141 1171 3205 altis
1184 3141 1222 3204 in
1241 3140 1343 3220 locis,

123 3249 345 3314 ecclesiastae
371 3248 502 3329 officio,
529 3265 608 3312 cum
633 3249 831 3314 multorum
856 3249 1021 3330 spiritali
1042 3247 1284 3313 consolattbue
1308 3254 1342 3312 et

122 3352 254 3436 fructu,
259 3356 419 3436 junctus
433 3371 526 3418 sum.
544 3354 686 3420 Christo
701 3357 816 3420 honor
831 3336 907 3421 esto
923 3365 958 3420 et
972 3357 1099 3436 gloria.
1291 3423 1296 3430 ,

177 3459 418 3528 Confesslonis
453 3473 679 3527 sacramento
712 3462 973 3543 administrato,
1009 3465 1199 3528 multorum
1236 3463 1342 3528 saluti

122 3567 235 3634 diuina
245 3569 446 3652 benignitas
457 3587 521 3652 per
532 3587 589 3634 me
602 3572 789 3636 consuluit.
799 3570 1007 3651 Complures
1017 3573 1222 3650 generalem
1234 3571 1343 3634 totius

123 3675 212 3741 vitae
226 3676 485 3744 confessionem
500 3655 751 3742 r'nstrlueruut.
768 3676 846 3742 Non
865 3679 971 3758 pauci
990 3678 1172 3742 mensibus
1191 3678 1341 3758 singulis

123 3799 195 3848 meo
220 3801 327 3850 suasu
353 3783 575 3861 confitentur,
602 3793 637 3848 et
660 3783 908 3850 Eucharistiae
929 3796 1192 3849 sacramentum
1217 3786 1340 3849 diebus

121 3892 331 3958 solemnibus
346 3889 585 3973 frequentant.
608 3889 753 3973 Aliquot
774 3902 903 3956 octauo
922 3909 1061 3974 quoque
1082 3892 1139 3956 die
1158 3891 1339 3956 Poeniten-
1362 3979 1364 3984 Ι

122 3996 187 4062 tiae
201 4013 449 4080 synaxeosque
464 4009 690 4062 sacramenta
706 4007 881 4080 repetunt.
897 3997 968 4063 Res
982 4008 1058 4063 erat
1072 3998 1129 4063 hic
1142 3998 1262 4062 audita
1278 3999 1340 4062 vix

121 4119 289 4184 nuquam,
316 4121 411 4169 nunc
432 4103 549 4183 magis
570 4121 614 4168 ac
635 4105 751 4184 magis
766 4105 1007 4168 increbrescit.
1024 4103 1206 4186 Quaedam
1222 4121 1340 4168 sacra·

119 4211 286 4276 mentaria
312 4228 356 4276 ac
377 4210 603 4276 Lutherismo
629 4227 775 4292 prorsus
794 4211 942 4290 infecta,
970 4211 1196 4276 nihilominus
1220 4229 1339 4274 sacra·

1 4319 2 4325 ’
119 4325 247 4399 menta,
264 4319 419 4382 humano
436 4317 562 4382 timore
577 4318 710 4398 absque
730 4317 798 4382 fide
818 4317 1046 4399 frequentans
1065 4335 1127 4400 pro
1142 4335 1242 4382 more
1256 4317 1338 4383 fide·

119 4425 213 4505 liunt,
228 4425 335 4508 idque
349 4425 452 4490 annis
467 4441 540 4488 non
554 4425 693 4505 pauciS,
710 4425 848 4506 integre
869 4426 1011 4491 tandem
1027 4425 1111 4489 mihi
1126 4427 1290 4490 confessa
1305 4431 1338 4488 et

122 4547 179 4610 per
191 4549 246 4597 me
262 4532 444 4612 absoluta,
460 4547 546 4596 vere
562 4531 738 4596 catholica
754 4549 848 4596 nunc
868 4532 967 4597 viuit.
984 4530 1126 4611 Altera,
1143 4549 1234 4613 quae
1248 4547 1337 4595 com·

116 4633 235 4717 plures
249 4656 368 4704 annos
382 4638 506 4720 aliqua
520 4648 669 4721 peccata
684 4640 814 4704 rubore
830 4639 1065 4719 conticuerat,
1079 4639 1338 4704 confessionem

120 4747 272 4812 mutilam
296 4763 488 4830 peragens,
510 4745 595 4812 mihi
615 4763 695 4812 cum
715 4745 903 4812 vberrimis
924 4746 1117 4830 lachrymis
1138 4745 1275 4810 sincere
1294 4763 1337 4811 ac
