3472 5528
388 499 442 558 206
782 501 949 561 Lirrnaan
969 515 1240 570 Quaonrunsrnss

387 647 432 711 tis
447 647 644 725 adfuerunt,
662 649 697 711 id
711 649 936 728 potissimum
950 641 985 712 et
1001 649 1130 712 obnixe
1145 657 1327 728 conantes,
1341 659 1380 712 vt
1392 647 1555 712 foelicem
1567 649 1616 712 vl·

387 756 510 818 timum
525 755 704 820 clauderet
719 757 867 836 quisque
882 757 992 836 diem;
1008 758 1238 837 similiterque
1259 757 1439 834 omnibuS,
1457 757 1614 820 maxima

387 862 506 943 populi
521 862 775 942 satisfactione,
792 864 849 926 cui
864 863 1059 928 ministerio
1077 863 1277 928 vehementi
1297 863 1470 926 desiderio
1494 873 1614 944 patres

388 969 584 1050 fratresque
604 971 885 1051 expostulentur.

446 1075 570 1142 Patres
584 1080 691 1142 etiam
706 1078 788 1142 huic
802 1079 901 1159 operi
913 1079 1102 1161 aliquando
1115 1067 1258 1156 vacant,
1273 1080 1463 1143 reducendi
1475 1080 1611 1142 scilicet

386 1186 523 1266 aliquas
539 1187 753 1265 meretrices,
771 1203 861 1268 quae
877 1187 1013 1268 publice
1029 1197 1204 1268 prostant,
1223 1188 1266 1250 ad
1284 1188 1555 1268 poenitentiam,
1579 1198 1614 1250 et

387 1303 424 1356 vt
438 1293 525 1370 Deo,
543 1294 704 1373 religioni
719 1293 881 1357 addictae
896 1303 1065 1374 perpetuo
1077 1294 1188 1358 vitam
1199 1295 1341 1374 degant,
1355 1294 1481 1375 quibus
1497 1297 1614 1358 solum

386 1400 563 1481 quoddam
579 1401 833 1464 monasterium
848 1402 1071 1480 designatum
1087 1414 1152 1465 est.
1170 1401 1295 1466 Modus
1311 1413 1439 1474 autem,
1456 1402 1615 1482 quicum

387 1507 437 1570 eis
451 1517 626 1586 seruatur,
644 1509 674 1570 is
690 1519 754 1572 est:
770 1509 885 1588 primo
900 1526 1052 1590 namque
1073 1519 1297 1590 exponuntur
1317 1511 1351 1572 in
1373 1508 1478 1572 domo
1498 1510 1615 1572 cuius-

386 1615 467 1678 dam
484 1615 652 1695 mulieris,
670 1616 830 1678 oratione
846 1615 929 1695 (sic)
943 1617 1033 1679 satis
1047 1627 1256 1696 prouectae:
1272 1615 1353 1679 inde
1374 1615 1523 1694 singulis
1543 1616 1614 1679 die·

387 1723 507 1785 busin
526 1733 686 1785 nostram
706 1723 894 1786 ecclesiam
916 1722 1150 1798 adducuntur,
1172 1723 1231 1784 vbi
1253 1723 1303 1786 eis
1324 1723 1410 1786 ordo
1431 1732 1465 1784 et
1486 1721 1615 1785 modus

387 1829 537 1918 traditur
557 1828 816 1892 confessionem
836 1832 1039 1908 generalem
1058 1829 1227 1906 faciendi,
1250 1841 1284 1892 et
1309 1830 1468 1892 oratione
1493 1829 1614 1914 aliquo

387 1936 491 1999 modo
516 1939 749 2000 instruuntur.
777 1936 831 2000 Ac
855 1938 1002 2017 proinde
1022 1939 1248 2016 quamplures
1277 1937 1312 2000 in
1341 1937 1408 2020 hoc
1436 1947 1613 2001 monaste·

384 2043 476 2106 rium
490 2051 659 2124 tanquam
680 2043 716 2106 in
735 2044 947 2107 tutissimum
970 2047 1108 2125 asylum
1128 2045 1295 2108 reductae
1317 2055 1423 2125 atque
1445 2054 1615 2125 receptae

386 2159 477 2214 sunt:
500 2167 591 2231 quae
616 2150 772 2214 omnium
796 2154 1080 2232 expectationem
1104 2153 1153 2215 ita
1173 2153 1331 2230 vincunt,
1354 2161 1393 2215 vt
1417 2151 1614 2216 maximam

384 2259 591 2338 religionem
607 2267 640 2322 et
655 2259 908 2338 poenitentiam
922 2261 1081 2323 redolere
1098 2261 1294 2324 videantur.
1321 2259 1613 2324 Contradictione

384 2367 442 2429 vel
463 2366 715 2430 reclamatione
740 2366 973 2446 quorumdam
993 2377 1145 2446 patrum,
1172 2367 1453 2430 beneuolentiam
1471 2375 1506 2429 et
1527 2365 1614 2428 affe·

384 2473 536 2536 ctionem
552 2474 793 2553 proximorum
808 2473 1002 2537 extinctam
1013 2491 1091 2536 esse
1103 2475 1221 2555 aliquo
1233 2474 1337 2538 modo
1350 2492 1420 2537 non
1432 2473 1613 2536 existima·

384 2597 472 2644 mus:
490 2580 524 2642 id
539 2578 620 2642 inde
636 2581 742 2660 liquet
759 2581 851 2660 quod
866 2581 935 2644 duo
947 2581 1130 2661 praecipui
1141 2597 1308 2661 proceres
1319 2581 1355 2644 in
1367 2581 1472 2644 domo
1483 2591 1611 2644 nostra

384 2689 535 2752 confessi
550 2698 642 2767 sunt;
660 2705 810 2769 quorum
826 2690 914 2752 alter
929 2699 1128 2752 rectoratus
1143 2689 1351 2769 dignitatem
1373 2689 1539 2766 obtinuit,
1564 2693 1614 2752 al·

385 2807 438 2859 ter
453 2805 570 2859 autem
587 2797 788 2876 insignium,
806 2797 864 2876 qui
881 2797 938 2859 hic
953 2796 1097 2876 degunt;
1114 2796 1194 2859 licet
1210 2797 1314 2859 ambo
1327 2813 1406 2859 cum
1420 2793 1525 2858 Patre
1537 2794 1613 2859 Ma·

384 2905 496 2983 gistro
512 2902 609 2966 Cano
628 2904 634 2934 ¹
652 2904 747 2966 circa
763 2921 819 2967 res
834 2903 1020 2967 Societatis
1035 2905 1169 2968 versati
1184 2905 1342 2982 fuerunt,
1360 2903 1448 2966 adeo
1464 2914 1501 2966 ut
1517 2921 1614 2967 vnus

383 3011 514 3073 ineius
536 3011 736 3090 opinionem
758 3011 831 3072 suis
854 3010 1047 3074 rationibus
1072 3027 1160 3091 pene
1186 3011 1375 3089 adductuS,
1397 3019 1432 3073 et
1454 3009 1612 3089 quodam

384 3117 488 3181 modo
505 3118 692 3198 prolapsus
711 3117 826 3180 fuerit.

443 3225 520 3288 Hoc
535 3234 692 3304 tempore
712 3224 841 3287 missus
860 3234 913 3288 est
933 3223 1076 3306 quidam
1095 3235 1213 3306 pater,
1235 3225 1405 3289 mediocri
1424 3226 1615 3291 literatura

384 3332 581 3412 praedituS,
603 3331 639 3393 in
660 3331 864 3410 collegium,
882 3332 975 3412 quod
990 3349 1109 3395 comes
1123 3333 1243 3396 Monte
1259 3331 1323 3396 Rei
1339 3349 1402 3395 suo
1418 3333 1615 3415 municipio

384 3439 567 3503 construit.

443 3545 552 3610 Venit
567 3546 636 3609 huc
651 3547 759 3609 frater
775 3545 928 3624 quidam;
942 3546 1068 3626 reliqui
1082 3557 1198 3610 autem
1211 3547 1327 3626 iidem,
1341 3548 1401 3628 qui
1412 3548 1615 3629 quadrime-

385 3654 450 3717 stri
464 3654 627 3734 proxima
643 3653 767 3733 scripti
781 3653 919 3715 fuerunt
935 3651 958 3730 ¹3
975 3670 1017 3714 ac
1033 3666 1221 3733 propterea
1236 3653 1280 3717 de
1295 3671 1417 3718 eorum
1434 3656 1615 3735 qualitati-

383 3761 448 3823 bus
464 3761 611 3823 verbum
626 3777 696 3822 non
711 3761 862 3838 amplius
878 3759 1017 3836 addam,
1040 3761 1167 3840 quippe
1188 3762 1281 3841 quod
1301 3761 1426 3823 fusiori
1446 3780 1615 3828 sermone

384 3867 431 3930 ibi
445 3869 641 3931 recensitae
657 3869 737 3942 sint;
756 3852 888 3944 eorum,
906 3867 964 3947 qui
980 3869 1201 3946 theologicae
1216 3868 1376 3932 facultati
1389 3887 1536 3949 operam
1552 3889 1613 3934 na·

384 3984 524 4054 uarunt,
542 3973 808 4054 quatuordecim
823 3984 918 4048 sunt;
937 3975 1178 4037 summulistae
1192 3973 1203 4004 ³
1219 3986 1335 4038 autem
1352 3985 1385 4038 et
1405 3976 1513 4056 logici
1533 3995 1614 4041 sex.

445 4081 477 4144 A
502 4093 622 4144 vestra
647 4081 754 4160 igitur
778 4081 989 4160 paternitate
1016 4081 1243 4145 vehementer
1262 4064 1512 4146 exoramus'vt
1535 4081 1615 4149 Deo

385 4190 516 4270 optimo
536 4189 692 4252 maximo
712 4206 777 4252 nos
797 4205 919 4252 omnes
939 4189 1176 4266 commendet,
1199 4199 1236 4252 vt
1256 4190 1332 4253 eius
1356 4191 1467 4270 ignito
1490 4208 1616 4256 amore

388 4402 597 4411 ...-——--—.

426 4543 433 4576 ¹
464 4541 489 4585 Ρ.
502 4541 626 4585 Melchior
638 4540 768 4588 Canuso,
783 4541 809 4584 P.

425 4617 435 4647 ἱ
464 4614 574 4657 Periisse
586 4615 632 4656 hac
646 4615 773 4656 videntur.

424 4687 435 4716 ³
464 4686 610 4736 Sclrolares,
622 4688 712 4740 quibus
724 4687 892 4738 summulae,
901 4699 945 4730 scu
957 4689 1106 4742 compendia
1113 4688 1291 4742 philosophica
1304 4687 1449 4730 truduntur.
1459 4685 1498 4730 Du
1510 4687 1615 4746 Casae,

388 4763 563 4806 Glossarium.
