3472 5528
411 535 465 620 298
793 555 965 618 Limam
983 572 1253 627 ouaomasruus

410 705 514 785 tingit
529 705 750 769 conuersari:
767 721 832 768 sua
847 704 997 784 singulis
1008 702 1123 768 officia
1139 703 1407 780 distribuuntur,
1425 712 1464 768 vt
1478 704 1527 768 ita
1542 720 1621 767 com

409 812 545 876 modius
573 819 648 876 tota
676 811 802 876 domus
829 811 1053 875 conuenienti
1082 811 1206 875 ordine
1233 821 1395 892 regatur:
1425 829 1446 876 a
1470 811 1630 893 prandio,

408 921 541 1001 aliquot
565 913 688 983 diebus
712 918 749 982 in
777 917 998 983 hebdomada
1023 918 1235 1000 designatis,
1262 918 1306 982 de
1330 919 1522 982 virtutibus
1547 917 1632 983 solet

408 1026 573 1106 tractari,
591 1035 629 1090 vt
645 1025 697 1090 sic
711 1026 831 1090 feruor
847 1035 952 1107 atque
966 1025 1146 1106 profectus
1160 1035 1194 1089 et
1208 1035 1413 1106 perseueret
1431 1035 1466 1089 et
1480 1035 1631 1090 crescat:

408 1133 499 1198 inter
513 1131 734 1198 coenandum
749 1133 837 1196 solet
852 1133 979 1214 aliquis
993 1132 1210 1212 concionari,
1227 1134 1355 1213 illaque
1370 1149 1435 1214 pro
1448 1133 1633 1197 conciona-

407 1240 498 1305 turis
511 1249 721 1304 exercentur
735 1239 935 1310 rudimenta
948 1240 1142 1321 proposita.

468 1346 567 1411 Haec
582 1357 664 1412 sunt
679 1362 768 1428 quae
783 1346 969 1411 scribenda
984 1347 1186 1412 summatim
1200 1347 1235 1411 in
1257 1347 1435 1429 praesenti
1455 1363 1534 1410 sese
1556 1347 1634 1411 offe·

408 1463 506 1534 runt3
523 1454 663 1534 singula
678 1453 789 1534 enim,
806 1454 837 1518 si
851 1471 1020 1518 enarrare
1039 1453 1184 1534 vellem,
1208 1455 1348 1534 longius
1370 1464 1508 1536 tempus
1531 1471 1634 1536 expo-

361 1543 364 1552 ’
408 1569 564 1641 scerent,
581 1570 616 1625 et
629 1560 751 1625 forsan
773 1561 942 1624 molestus
963 1561 1025 1624 tibi
1046 1561 1174 1640 iorem3
1199 1578 1325 1626 vereor
1348 1571 1465 1626 autem
1480 1563 1518 1626 in
1534 1561 1635 1626 dictis

407 1670 486 1750 plus
501 1669 605 1732 nimis
620 1667 839 1749 protraxisse
854 1668 974 1732 verba.
992 1667 1069 1732 Hoc
1083 1669 1155 1732 iam
1171 1685 1278 1732 vnum
1293 1676 1328 1732 te
1349 1684 1486 1732 summo
1504 1678 1636 1734 conatu

408 1785 443 1839 et
458 1775 602 1854 affectu,
619 1771 725 1838 Pater
747 1775 848 1839 nobis
871 1774 1207 1856 obseruandissime‚
1231 1775 1479 1857 deprecamur,
1509 1785 1549 1840 vt
1571 1793 1636 1840 nos

410 1901 531 1948 omnes
545 1882 811 1962 indignissimos
826 1881 915 1946 filios
928 1894 1009 1946 tuos
1023 1883 1093 1946 tuis
1108 1891 1141 1946 et
1156 1883 1341 1948 sacrificiis
1361 1891 1395 1946 et
1415 1883 1636 1948 oratIonibus

410 1989 538 2054 offeras
552 1989 719 2054 Domino:
735 2005 921 2069 speramus
935 1991 1029 2054 enim
1043 1989 1135 2070 fore,
1157 1999 1197 2054 vt
1212 1999 1273 2056 tua
1288 1991 1544 2054 intercessione
1559 1990 1636 2056 Deo

409 2098 540 2178 optimo
566 2096 721 2161 maximo
740 2097 985 2161 holocaustum
1006 2097 1222 2178 acceptabile
1247 2096 1449 2163 efficiamur.
1472 2097 1638 2179 Elargia·

409 2213 467 2269 tur
492 2205 595 2269 nobis
622 2205 765 2285 copiosa
793 2222 879 2269 suae
901 2205 1039 2285 gratiae
1060 2205 1153 2269 dona
1177 2205 1399 2270 dulcissimus
1420 2205 1540 2288 jesuS,
1566 2205 1638 2270 dux

409 2321 530 2376 noster
544 2321 579 2376 et
593 2311 708 2392 Deus,
730 2321 768 2376 vt
783 2309 856 2391 ejus
877 2328 1016 2393 semper
1038 2312 1283 2378 sanctissimae
1298 2313 1561 2378 satisfaciamus
1575 2329 1639 2376 vo-

409 2420 546 2485 luntati.
560 2419 686 2484 Amen.

469 2527 791 2606 Caesaraugustae,
811 2525 846 2590 17
861 2527 917 2591 die
932 2527 1027 2603 maii,
1044 2545 1137 2592 anno
1152 2537 1270 2593 autem
1284 2527 1427 2592 Domini
1445 2526 1532 2591 1556.

473 2632 713 2714 Dignissimae
729 2632 804 2696 P.¹¹⁸
824 2643 905 2698 tuae
920 2633 1010 2697 filius
1026 2645 1059 2699 et
1075 2651 1200 2700 seruus
1216 2634 1482 2714 indignissimus
1503 2635 1539 2700 in
1562 2635 1638 2714 X.⁰‚

1254 2881 1275 2953 †

1089 2958 1275 3023 arroasos
1289 2958 1429 3023 Rouaa.
