3436 5526
380 513 435 569 596
766 511 935 571 erraaaa
955 529 1227 580 onnonruusrnas

442 657 524 720 Αἱία
540 675 663 720 anana:
678 658 790 740 Jesus.
811 657 897 720 1556.
921 657 1205 736 Quadrimestres
1221 659 1506 738 ingolstadiensis
1524 659 1593 722 Col·

380 765 462 840 legii
481 765 518 826 19
532 763 702 826 Nouemb.

442 872 487 933 Et
502 871 590 934 alia:
604 871 714 934 Emen
731 870 872 952 [datae].

439 979 563 1040 Μαιιεί
578 977 775 1056 vestigium
791 979 913 1057 sigilli
924 997 962 1040 m
977 995 1057 1042 cera
1066 980 1189 1056 fusca.

426 2232 575 2303 joannes
589 2233 630 2290 de
646 2231 829 2290 Maioribus

464 2327 555 2388 Patri
569 2329 696 2402 Jacobo
712 2329 857 2404 Laynez,
874 2329 1022 2389 Vicario.

498 2429 665 2499 Ferraria,
680 2428 717 2486 22
731 2427 931 2486 Novembris
946 2427 1016 2488 1556
1031 2429 1051 2484 ¹.

947 2690 1021 2808 nis

431 3013 505 3076 Pax
522 3013 577 3076 X.¹
600 3025 666 3077 etc.

429 3120 479 3184 Vt
493 3121 530 3183 in
544 3120 726 3200 antiquam
739 3137 886 3182 reuocet
901 3118 1190 3183 consuetudinem
1207 3130 1242 3182 et
1257 3121 1502 3184 sanctissimae
1516 3119 1585 3182 obe·
1678 3109 1679 3139 ¹

366 3229 522 3292 dientiae
537 3229 634 3290 iussa
649 3245 816 3306 exequar,
834 3225 875 3288 R.
891 3225 940 3302 P.,
958 3226 1058 3300 haec,
1075 3243 1166 3307 quae
1182 3225 1311 3290 iratres
1323 3229 1435 3291 nostri
1447 3229 1502 3291 his
1512 3241 1584 3307 qua·
1676 3293 1677 3329 1

368 3345 448 3398 tuor
463 3335 641 3398 mensibus
657 3353 701 3397 ex
728 3333 794 3397 hoc
819 3333 925 3397 fertili
951 3333 1130 3414 feracique
1153 3351 1280 3414 campo
1303 3335 1530 3414 collegerunt,
1546 3329 1584 3394 ad
1675 3395 1676 3425 ᾖ

368 3451 465 3505 tuam
480 3441 588 3504 ΚΛΜ
603 3442 822 3521 perscribere
836 3441 942 3518 uolui,
960 3458 1031 3502 non
1047 3441 1234 3504 uerborum
1256 3452 1395 3518 ornatu,
1425 3457 1526 3522 quem
1543 3437 1584 3500 ui·
1674 3491 1675 3521 p

368 3549 464 3612 ribus
490 3549 576 3612 meis
601 3550 771 3628 imparem
787 3565 864 3610 esse
886 3557 984 3610 certo
1007 3548 1093 3625 scio,
1114 3565 1179 3610 nec
1201 3565 1243 3611 ea
1268 3549 1482 3628 prolixitate,
1505 3559 1583 3627 quae
1673 3573 1674 3615 r

366 3655 584 3718 audientium
600 3657 738 3718 animos
760 3654 802 3733 (si
827 3654 917 3716 forte
945 3654 1083 3734 publice
1108 3654 1283 3734 legentur)
1311 3653 1471 3719 fastidire
1494 3654 1581 3726 solet,
1672 3657 1673 3712 l

367 3772 458 3842 utar3
485 3779 555 3825 non
581 3771 760 3842 postremo
786 3777 828 3823 ea
854 3761 1026 3823 breuitate
1052 3777 1109 3823 res
1128 3761 1329 3824 narrandas
1344 3762 1579 3841 perstringam,
1671 3741 1672 3806 l

363 3886 434 3949 qua
449 3887 520 3931 non
542 3870 755 3944 elucescant,
777 3885 841 3930 nec
858 3867 1110 3945 intelligantur.
1135 3866 1292 3930 Primum
1315 3883 1419 3947 ergo,
1442 3865 1530 3950 quod
1543 3861 1581 3926 ad
1670 3823 1671 3902 i

362 3986 552 4040 extraneos
563 3984 711 4055 spectat,
728 3974 892 4052 reseram;
909 3975 1034 4038 deinde
1050 3974 1095 4038 ad
1107 3985 1248 4038 nostros
1260 3975 1453 4040 ueniemuS.

422 4081 573 4160 Quidam
593 4081 642 4160 (ut
658 4082 740 4144 hinc
756 4079 934 4160 incipiam)
952 4099 972 4143 a
989 4081 1114 4160 uiginti
1132 4082 1234 4145 annis
1255 4099 1436 4162 nunquam
1457 4079 1579 4146 conses-

363 4205 434 4265 suS,
452 4187 605 4251 maximo
622 4205 702 4250 cum
718 4187 839 4250 dolore
856 4197 1003 4267 peccata
1019 4205 1083 4251 sua
1099 4189 1277 4252 sacerdoti
1293 4206 1338 4252 ex
1350 4191 1482 4255 nostris
1496 4194 1579 4270 pate·

361 4295 454 4374 iecit,
476 4295 536 4375 qui
560 4311 776 4375 magnopere
799 4293 944 4358 Patrum
969 4305 1170 4358 nostrorum
1196 4296 1409 4362 charitatem
1433 4298 1468 4362 in
1488 4287 1580 4360 confi·

400 4609 407 4640 ¹
437 4611 604 4666 Archerypac
623 4609 716 4662 duplici
732 4609 801 4662 lolio,
813 4620 897 4662 primo
909 4623 931 4652 n.
948 4609 983 4658 d),
994 4609 1079 4652 altero
1099 4619 1149 4652 non
1160 4615 1303 4652 numerato.
1312 4611 1517 4667 -Autograplras
1530 4616 1576 4652 esse

359 4681 488 4726 affirmare
498 4691 548 4724 non
562 4681 685 4732 valemus,
698 4681 757 4734 qula
769 4691 894 4734 nusquam
906 4680 972 4723 alias
989 4681 1013 4723 in
1025 4680 1100 4734 hujus
1110 4679 1217 4732 Joannls
1229 4681 1330 4724 indubie
1342 4679 1576 4740 autographnsincl·

356 4753 449 4797 dimus.
