3504 5532
417 509 468 578 196
799 509 971 580 [irritans
990 529 1260 589 ouaoatttasrltds

415 681 577 728 sermone
592 665 753 744 donataS,
771 667 867 744 typis
889 665 1050 729 mandari
1072 667 1286 746 curauimus,
1308 677 1346 730 vt
1361 667 1480 730 diuina
1504 665 1647 730 bonitas

415 773 530 851 magis
552 789 594 834 ac
617 773 732 850 magis
754 773 965 838 innotescat:
990 793 1050 837 eas
1071 775 1229 838 nonnulli
1251 773 1588 839 cumadmiratione
1613 783 1646 836 et

414 890 557 959 stupore
573 881 676 958 graui
699 881 959 960 amplexantur,
984 892 1178 946 metuentes
1202 883 1352 961 interim,
1378 883 1472 944 utin
1495 899 1561 944 nos
1584 883 1646 944 illa

415 987 576 1050 ueritatis
596 999 762 1050 aeternae
779 990 886 1052 uerba
903 997 1212 1069 contorqueantur‚
1236 990 1362 1070 quibus
1384 1005 1532 1068 regnum
1556 1007 1577 1050 a
1592 988 1645 1066 ju·

415 1093 513 1157 daeis
527 1093 717 1158 tollendum
733 1105 767 1156 et
782 1096 947 1174 gentibus
962 1095 1213 1160 conferendum
1225 1097 1517 1160 comminabatur.
1740 1087 1741 1096 ἶ

474 1200 572 1264 Haec
598 1212 690 1276 sunt,
718 1199 822 1266 Pater
847 1203 1179 1280 obseruandissime,
1203 1221 1293 1282 quae
1316 1201 1407 1265 Ratae
1423 1202 1647 1276 ¹Paternitati
1740 1277 1741 1302 ¹

414 1307 513 1371 Tuae
528 1307 715 1372 scribenda
729 1310 977 1374 occurrebant.

474 1415 645 1493 Lutetiae,
661 1415 701 1478 27
719 1415 851 1496 Aprilis
870 1417 957 1480 1556.

617 1504 620 1513 Δ
636 1522 689 1586 Dc
705 1524 871 1587 mandato
888 1523 1003 1586 Patris
1018 1525 1129 1604 nostri
1142 1523 1225 1587 Misi
1241 1523 1437 1588 Paschasii.

738 1628 778 1692 R.
796 1628 833 1693 P.
850 1629 888 1693 T.
906 1629 1039 1694 Seruus
1054 1631 1332 1711 indignissimus

1112 1843 1288 1908 Nrconaus
1312 1847 1547 1910 Barlaamus.

465 2845 596 2919 Gaspar
610 2843 817 2917 Hernandez,

501 2941 552 3000 Ex
566 2943 808 3008 commissione
823 2943 932 3001 Patris
946 2941 1108 3014 Gasparis
1124 2940 1165 2999 de
1180 2939 1350 3012 Acebedo,

543 3041 635 3100 Patri
647 3041 775 3114 Ignatio
789 3041 830 3099 de
844 3039 985 3113 Loyola.

570 3139 705 3212 Burgis,
719 3138 755 3196 28
770 3139 890 3212 Aprilis
907 3139 976 3198 1556
990 3139 1010 3193 ¹.

1013 3377 1034 3447 †

967 3454 1080 3534 Jesus.

473 3669 673 3733 Admodum
689 3667 763 3731 Rhe
783 3669 818 3730 in
834 3667 974 3730 Christo
990 3666 1107 3730 Pater.

469 3775 595 3840 Gratia
611 3784 644 3839 et
659 3792 730 3854 pax
746 3775 889 3838 Christi.
1740 3833 1741 3840 ,

471 3883 560 3948 Cum
575 3884 610 3945 in
625 3891 747 3945 nostra
762 3880 939 3945 Societate
959 3881 1090 3942 multae
1105 3879 1174 3942 sint
1193 3879 1461 3943 observationes
1474 3881 1585 3946 laude
1612 3897 1650 3948 et
1740 3898 1741 3920 ¹

410 3990 716 4054 commendatione
732 3987 970 4066 dignissimae,
989 3986 1046 4048 illa
1063 3986 1245 4065 imprimiS,
1263 4003 1353 4066 quae
1369 3987 1464 4049 circa
1477 3998 1649 4056 mutuam
1740 4004 1741 4018 ¹

409 4100 592 4162 literarum
605 4095 956 4160 communicationem
970 4094 1163 4157 maximam
1174 4093 1315 4156 adhibet
1324 4093 1556 4174 diligentiam,
1567 4115 1651 4163 non

411 4215 630 4285 postremum
645 4203 776 4266 obtinet
788 4204 916 4265 locum:
933 4209 987 4264 est
998 4201 1091 4264 enim
1103 4200 1207 4263 nimis
1219 4200 1348 4262 rationi
1360 4210 1652 4270 consentaneum
1740 4267 1741 4278 ,

411 4323 449 4376 vt
465 4313 524 4392 qui
539 4329 601 4392 per
616 4310 683 4374 Dei
700 4309 979 4372 misericordiam
994 4308 1029 4370 in
1045 4309 1111 4370 hac
1127 4307 1303 4371 societate
1319 4316 1352 4370 et
1365 4306 1496 4371 Christi
1513 4311 1652 4379 militia
1740 4349 1741 4380 ;

412 4420 545 4499 recepti
560 4434 692 4498 sumuS,
709 4429 830 4480 mutuo
842 4417 1028 4480 charitatis
1040 4417 1182 4480 vinculo
1194 4427 1456 4494 connectamur,
1471 4417 1576 4481 cuius
1592 4435 1653 4486 cst

411 4527 593 4609 proprium
609 4525 693 4590 nihil
709 4525 840 4588 habcre
854 4525 1049 4605 proprium,
1067 4523 1150 4604 quin
1166 4523 1281 4602 potius
1296 4523 1415 4586 omnia
1435 4532 1653 4593 communia

450 4769 460 4802 ⁸
488 4767 672 4822 Autographae
681 4766 774 4820 duplici
784 4766 852 4819 lolio,
863 4766 946 4819 primo
956 4777 980 4808 n.
990 4764 1039 4817 362,
1049 4765 1134 4808 altero
1144 4775 1193 4808 non
1204 4771 1345 4808 numerato.
