3368 5528
620 541 683 602 Aa.
711 540 780 600 1556
897 569 900 574 ·
1260 533 1315 596 oto

95 686 182 767 quati
197 688 348 752 essendo
364 690 569 753 totalmente
585 687 774 767 desperati,
791 696 826 750 et
847 703 937 766 poca
956 701 1129 764 speranza
1152 681 1269 745 dando
1292 698 1313 744 3

96 797 150 859 301
164 805 196 859 31
211 796 270 860 3111
290 797 367 859 1010
388 797 526 876 parenti
546 795 589 860 de
614 794 850 876 megliorarsi,
877 791 1081 856 finalmente
1107 809 1128 854 a
1150 789 1312 870 meglior’

95 919 260 980 speranza
276 919 389 966 sonno
405 902 546 966 redutti.
563 901 663 966 Molti
677 901 761 981 ogni
775 917 870 971 mese
886 898 916 962 si
931 897 1142 962 confessario
1158 906 1193 959 31
1209 896 1239 960 si
1257 912 1314 959 co·

96 1010 289 1088 municano,
307 1019 342 1072 et
355 1027 514 1090 pensano
529 1009 573 1073 de
588 1011 723 1073 lassare
738 1010 762 1072 il
776 1007 905 1072 mondo
921 1015 956 1069 et
970 1007 1103 1070 intrare
1116 1005 1152 1068 in
1164 1005 1314 1086 qualche
1329 1019 1331 1024 ’

100 1117 263 1196 religione
288 1133 352 1197 per
373 1117 507 1181 seruire
527 1133 547 1180 a
568 1115 680 1208 iddio
700 1115 800 1180 Oltra
819 1115 854 1178 di
879 1123 1003 1194 questo
1027 1130 1071 1176 ne
1096 1127 1209 1175 sonno
1234 1110 1316 1174 stati

98 1223 196 1288 oferti
210 1225 256 1290 da
271 1225 346 1287 loro
361 1225 511 1304 parenti,
528 1224 697 1288 accioche
715 1223 760 1286 da
774 1222 833 1285 noi
848 1221 990 1285 fusseno
1005 1219 1161 1283 acettati.
1178 1217 1222 1281 Et
1235 1235 1314 1282 son·

97 1347 139 1393 no
153 1332 269 1395 alcuni
284 1332 377 1407 altri,
394 1331 454 1394 alli
469 1331 566 1412 quali
579 1331 674 1394 saria
690 1331 798 1394 molto
817 1339 922 1409 grato
942 1338 1038 1392 stare
1057 1344 1123 1390 con
1142 1342 1223 1389 esso
1242 1324 1313 1402 noi,

96 1455 147 1500 313
163 1455 232 1502 303
249 1439 272 1501 11
287 1438 477 1502 3331113130
492 1437 644 1514 subbito,
661 1436 828 1500 accioche
844 1436 909 1499 col'
924 1435 1138 1515 prolongare
1150 1431 1314 1496 uediamo

97 1558 223 1624 quanto
239 1543 351 1608 sermo
367 1545 483 1607 stiano
498 1545 581 1608 nelli
597 1545 671 1606 loro
687 1543 794 1607 buoni
808 1541 992 1623 propositi.
1332 1549 1336 1558 '

151 1651 192 1716 Li
206 1653 309 1731 segni
324 1651 414 1714 della
430 1652 624 1715 mutatione
639 1650 732 1713 della
745 1654 822 1713 loro
837 1650 911 1712 uita
926 1665 1038 1712 sonno
1054 1648 1148 1710 assai
1170 1646 1312 1710 manife-

96 1761 147 1836 sti,
163 1759 289 1822 concio
304 1759 355 1821 sia
373 1758 437 1821 che
453 1757 543 1821 dalle
558 1773 708 1838 persone
724 1759 892 1820 riceuano
907 1755 1003 1818 assai
1017 1753 1155 1834 capelli,
1172 1753 1314 1833 quando

96 1883 205 1928 sonno
219 1866 391 1928 chiamati
406 1865 577 1942 santucci‚
595 1864 737 1946 quando
752 1863 928 1944 hipocriti‚
946 1871 979 1925 et
994 1879 1058 1942 per
1071 1859 1162 1924 beffe
1182 1859 1217 1925 di
1236 1877 1313 1923 san-

96 1971 195 2035 titali
210 1983 360 2035 1033330
376 1988 476 2035 come
491 1971 648 2052 reliquie,
666 1971 689 2034 il
711 1971 776 2034 che
790 1987 861 2034 303
876 1969 1024 2033 sarebbe
1039 1969 1069 2031 si
1084 1968 1163 2049 pari
1176 1967 1313 2030 fossero

96 2079 134 2141 de
149 2079 310 2142 costumi.
328 2079 370 2142 Li
385 2078 507 2158 figlioli
522 2079 630 2142 molto
646 2079 734 2141 bene
750 2078 934 2158 imparano
948 2076 982 2139 13
998 2075 1138 2139 dotrina
1155 2075 1313 2137 christia·

97 2204 149 2262 na,
165 2198 200 2250 et
214 2187 245 2249 si
259 2185 437 2249 deiettano
452 2185 495 2248 de
510 2187 672 2250 cantaria
687 2186 722 2248 in
737 2202 822 2248 casa
837 2196 871 2248 et
886 2184 965 2247 fuor
981 2183 1016 2246 di
1031 2199 1127 2261 casa,
1142 2191 1176 2246 et
1188 2192 1312 2262 questo

97 2309 160 2356 non
176 2309 282 2356 senza
297 2292 433 2373 grande
447 2293 588 2373 piacere
602 2293 645 2355 de
662 2293 720 2356 chi
734 2294 756 2355 l’
773 2291 897 2355 odeno.

149 2399 174 2463 11
188 2417 336 2464 3313310
351 2400 431 2464 delli
446 2401 576 2463 scolari
593 2417 705 2464 sonno
722 2399 815 2463 circa
835 2397 902 2476 170„
920 2409 954 2461 et
973 2401 1006 2461 al
1021 2400 1082 2478 pih
1097 2398 1140 2461 de
1160 2397 1312 2460 docento

98 2525 137 2568 ne
163 2506 416 2585 haueressimo,
438 2523 566 2570 senon
588 2507 682 2570 insse
704 2509 737 2569 la
762 2505 893 2569 inuidia
919 2505 963 2568 de
986 2505 1139 2580 alchuni,
1167 2505 1190 2567 li
1217 2505 1314 2584 quati

95 2631 181 2678 anno
196 2614 370 2678 seminato
384 2613 472 2678 certi
487 2615 610 2678 cattini
625 2613 757 2676 rumori
772 2613 816 2676 de
830 2614 901 2692 noi,
918 2623 953 2674 et
972 2611 1066 2692 posti
1085 2611 1119 2674 in
1140 2611 1266 2674 timore
1288 2611 1314 2673 ti

95 2721 260 2799 cittadini,
278 2720 447 2784 accioche
462 2737 531 2784 non
548 2721 715 2784 mandino
730 2721 754 2782 11
773 2721 848 2782 1310
870 2718 993 2799 figlioli
1015 2721 1081 2782 3113
1102 2728 1233 2795 nostre,
1256 2736 1311 2780 ma

94 2829 244 2892 31131010
261 2830 367 2891 scole.
382 2826 491 2890 Pochi
505 2843 619 2890 sonno
634 2828 738 2906 quelli
753 2827 819 2889 che
834 2841 999 2904 uengono
1013 2826 1080 2888 alle
1096 2824 1263 2904 prediche
1279 2837 1314 2886 et

95 2936 158 2997 alla
172 2934 313 2999 dotrina
336 2934 542 3010 christiana,
565 2943 665 3014 parte
684 2950 746 3013 per
766 2939 863 2996 ess'er
884 2949 968 2996 cosa
988 2949 1081 2996 noua
1103 2941 1136 2995 et
1157 2932 1311 3004 insolita,

96 3053 189 3118 parte
204 3041 362 3106 anchora
378 3058 448 3104 303
464 3057 558 3104 3330
573 3049 694 3119 potuto
710 3041 830 3104 uenire
846 3057 908 3119 per
923 3040 1029 3104 esser'
1040 3039 1205 3119 occupati
1216 3039 1312 3101 circa

95 3148 123 3210 13
134 3137 282 3212 1330113.
1148 3219 1151 3226 ¹
1284 3145 1287 3150 “

148 3255 211 3319 Ν31
226 3274 323 3320 mese
337 3255 373 3318 di
389 3255 533 3336 Maggio
549 3265 582 3318 et
598 3255 736 3335 Agosto
751 3254 849 3317 130111
871 3271 909 3317 se
930 3270 1042 3317 sonno
1065 3251 1256 3316 consessati
1279 3263 1313 3315 et

93 3364 347 3441 communicati,
372 3375 406 3428 et
426 3364 497 3426 mai
517 3381 644 3427 manca
664 3363 699 3426 di
719 3360 934 3424 confessare.
958 3359 1029 3423 Α111
1051 3359 1189 3423 infermi
1212 3360 1313 3439 quasi

95 3473 173 3548 ogni
186 3473 316 3550 giorno
332 3471 444 3534 siamo
460 3471 640 3534 chiamati.
661 3467 758 3532 Molti
780 3468 911 3532 inimici
933 3485 996 3548 per
1017 3467 1134 3546 gratia
1156 3467 1188 3529 d’
1213 3465 1311 3530 lddio

98 3577 125 3637 si
139 3594 251 3641 sonno
267 3577 344 3641 fatti
361 3577 477 3654 amici,
493 3577 574 3641 delli
590 3576 685 3656 quali
704 3575 761 3638 doi
781 3591 890 3639 erano
910 3574 1096 3654 principali
1116 3574 1207 3636 della
1229 3573 1314 3636 citta

100 3683 138 3745 de
152 3683 293 3748 Xacca:
313 3685 334 3747 l’
353 3684 539 3764 hospitale,
561 3683 584 3746 it
609 3684 712 3764 quale
734 3688 753 3746 e
775 3698 921 3762 apresso
943 3682 977 3744 31
1003 3681 1152 3759 collegio
1179 3689 1313 3764 nostr0,

98 3790 339 3872 semprecida
356 3791 504 3854 13313113
527 3790 570 3854 (13
590 3789 810 3862 consessare:
826 3789 848 3850 l’
870 3786 1082 3850 incarcerati
1104 3787 1262 3850 anchora
1283 3767 1316 3850 ci

96 3897 206 3963 danno
222 3900 327 3978 gran'
348 3896 553 3978 guadagnio
576 3897 768 3977 spirituale,
789 3895 869 3958 delli
889 3894 984 3975 quali
1004 3895 1142 3975 cinque‚
1166 3895 1316 3956 essendo

95 4003 767 4085 3333113313311313131’,1310301131ῐί
789 4001 900 4065 nostri
920 4001 1107 4079 consolati,
1132 4011 1166 4062 31
1188 4015 1259 4063 nno
1282 3999 1315 4063 di

95 4111 165 4174 loro
189 4111 340 4178 retirato
360 4109 419 4175 dal
438 4112 583 4175 baratro
602 4110 692 4173 della
715 4109 978 4189 desperatione,
1002 4107 1134 4187 perche
1155 4117 1259 4170 staua
1281 4108 1316 4170 in

98 4233 213 4297 questa
240 4219 413 4282 sententia
441 4219 506 4282 che
527 4221 547 4282 l’
571 4218 689 4282 anima
714 4217 859 4280 insieme
881 4217 938 4278 301
963 4231 1073 4294 corpo
1099 4214 1249 4278 hauesse
1270 4213 1315 4278 da

95 4327 227 4391 morire.

149 4433 280 4498 Alcuni
296 4432 483 4496 3131131331
497 4434 553 4496 331
569 4433 696 4497 istesso
716 4431 844 4512 giorno
864 4430 956 4494 della
976 4427 1186 4492 Pentecoste
1207 4447 1316 4493 erano

98 4541 238 4606 montati
263 4540 300 4604 in
319 4539 458 4604 bancho
479 4556 541 4622 per
561 4540 647 4602 dare
666 4539 787 4620 parole
813 4539 847 4599 al
871 4537 1012 4617 populo,
1040 4536 1065 4598 il
1090 4553 1237 4600 numero
1260 4536 1316 4600 del

133 4711 139 4742 ¹
168 4711 243 4755 Prius
258 4711 387 4765 scripturn
397 4716 455 4754 erat
466 4709 493 4753 αἱ
505 4711 643 4761 1113111110,-
652 4709 697 4753 aed
708 4714 752 4753 aut
763 4707 852 4752 endem
863 4705 976 4749 ’11103130
986 4739 991 4758 ,
1002 4713 1046 4749 aut
1058 4707 1110 4749 3113
1121 4707 1186 4750 ratis
1203 4707 1318 4761 antiqua,

97 4788 178 4827 manus
189 4783 213 4827 id
225 4782 383 4828 cancellavit
394 4789 420 4826 31
430 4781 614 4837 superscripsit
626 4793 641 4824 a
652 4781 830 4838 giustr'crorsr'.
