3472 5528
364 513 418 573 224
749 512 921 576 errnnas
940 530 1210 584 quaomuasrnss

366 678 386 722 a
412 668 506 724 statu
528 661 666 740 peccati
688 661 909 726 discedentes
931 679 994 743 per
1017 663 1285 741 confessionem,
1311 662 1472 726 advitae
1495 664 1595 726 noui·

364 773 473 830 tatem
500 768 654 847 regressi
677 778 769 846 sunt,
798 770 890 833 inter
914 787 1003 851 quos
1028 770 1217 852 quamdam
1240 770 1415 850 publicam
1439 771 1596 834 meretri·

365 893 453 954 cem,
470 887 509 938 vt
523 874 622 938 Deus
638 876 672 938 in
690 877 852 940 omnibus
867 877 1094 957 glorificetur,
1112 877 1250 940 silentio
1273 876 1433 940 transire
1448 895 1518 940 non
1533 895 1596 958 po·

364 992 451 1060 tero,
469 1000 570 1064 quae,
588 1001 667 1046 cum
683 985 829 1047 muitum
845 985 1013 1064 temporis
1028 985 1101 1048 suis
1115 982 1300 1048 fallacibus
1320 983 1438 1047 verbis
1453 984 1499 1047 ad
1512 992 1595 1064 pes·

364 1090 495 1152 simum
518 1090 660 1154 lucrum
683 1091 842 1154 homines
864 1092 1055 1172 allexisset,
1079 1091 1264 1156 cuiusdam
1286 1091 1414 1156 Patris
1435 1092 1597 1157 consiliis

294 1201 299 1212 ’
364 1197 529 1274 excitata,
548 1215 628 1261 cum
643 1198 795 1260 mirabili
811 1198 1004 1261 mutatione
1019 1197 1184 1262 consessa
1200 1209 1264 1276 est;
1282 1198 1439 1280 adeoque
1460 1199 1496 1263 in
1511 1217 1595 1264 con·
1664 1181 1668 1188 ’

364 1303 518 1368 sessione
534 1323 554 1367 a
567 1305 685 1368 diuina
698 1305 942 1368 misericordia
954 1315 1143 1384 commota,
1159 1315 1195 1368 vt
1206 1306 1351 1368 monilia
1366 1307 1595 1387 inauresque,

366 1413 401 1475 vi
427 1413 675 1492 comprimens,
696 1412 815 1474 statim
838 1430 857 1475 e
876 1429 940 1475 suo
961 1413 1051 1475 collo
1073 1411 1254 1476 confracta
1276 1413 1475 1493 proiecerit:
1498 1414 1597 1478 vnde

362 1519 506 1582 domum
525 1518 675 1597 rediens,
698 1519 843 1583 iuuenes
863 1518 960 1582 illam
979 1519 1197 1600 alloquentes
1216 1537 1287 1583 non
1309 1521 1422 1583 solum
1446 1522 1595 1602 repelle-

363 1626 434 1702 bat,
450 1643 574 1690 uerum
589 1625 707 1706 etiam,
724 1627 879 1690 maxima
895 1627 1110 1706 poenitentia
1128 1628 1245 1707 ducta,
1269 1627 1313 1690 ad
1328 1645 1411 1691 suos
1426 1637 1595 1708 parentes

363 1733 557 1796 redituram
573 1751 654 1796 cum
671 1749 801 1813 magna
817 1734 973 1798 omniurn
989 1733 1224 1799 admiratione
1238 1736 1410 1815 promisit.

423 1838 575 1919 Quidam
595 1841 712 1918 etiam,
736 1843 854 1920 palma
869 1842 976 1920 genis
997 1859 1097 1905 asuo
1120 1842 1278 1905 debitore
1299 1843 1427 1906 iniuste
1449 1861 1594 1924 percus·

362 1964 434 2024 sus,
452 1947 535 2026 quia
546 1948 719 2026 pecunias
731 1948 945 2012 sibidebitas
956 1949 1224 2029 depoposcerat,
1236 1967 1483 2032 percussorem
1498 1951 1592 2014 occi·

362 2054 445 2117 dere
462 2055 676 2132 intendebat;
697 2072 847 2136 cumque
863 2055 983 2120 diuina
1006 2056 1248 2121 misericordia
1268 2057 1409 2121 cuidam
1431 2068 1592 2123 nostrum

363 2163 528 2242 confiteri
544 2161 733 2241 volta'sset,
754 2164 802 2225 ita
824 2172 997 2226 mutatum
1017 2176 1070 2228 est
1090 2182 1150 2228 cor
1171 2165 1257 2244 eius,
1282 2174 1319 2228 vt
1342 2184 1413 2230 non
1434 2168 1548 2231 solum
1570 2187 1593 2232 a

362 2287 427 2333 suo
461 2270 582 2348 iniquo
616 2270 798 2350 proposito
831 2270 1022 2348 destiterit,
1053 2289 1178 2335 verum
1206 2272 1331 2348 etiam,
1366 2279 1593 2337 contrarium

366 2375 498 2454 adiens,
517 2376 656 2439 veniam
671 2377 716 2438 ab
732 2376 808 2457 ipso
824 2377 1029 2456 suppliciter
1040 2378 1195 2458 petierit.

423 2481 578 2546 Plurima
594 2482 662 2545 alia
678 2483 778 2544 Deus
788 2491 856 2562 par
871 2484 1115 2562 confessiones
1130 2492 1315 2566 operatur,
1331 2504 1421 2566 quae
1443 2489 1588 2568 longum

362 2598 456 2652 esset
471 2589 652 2669 sigillatim
666 2607 862 2668 recensere,
876 2589 962 2654 fiunt
974 2608 1124 2673 namque
1137 2594 1389 2657 restitutiones:
1406 2595 1589 2657 cradican-

361 2701 423 2758 tur
437 2696 640 2758 iuramenia
656 2705 761 2776 atque
778 2695 845 2759 alia
862 2697 949 2760 vitia
972 2698 1079 2760 nimis
1098 2698 1251 2762 fidelium
1266 2700 1393 2764 animis
1414 2701 1594 2765 radicata:

361 2804 551 2866 visitantur
565 2803 693 2866 infirmi
713 2821 790 2866 cum
814 2805 968 2868 maxima
991 2807 1147 2886 ipsorum
1163 2816 1268 2887 atque
1283 2808 1593 2872 circumstantium

361 2911 601 2973 consolatione
621 2919 655 2972 et
676 2909 934 2974 aedificatione:
957 2905 1224 2991 frequentantur
1246 2924 1482 2991 sacramenta,
1509 2933 1592 2978 cum

360 3027 458 3079 tanta
475 3019 671 3080 animarum
688 3017 848 3095 vtilitate,
870 3029 905 3081 vt
926 3019 1050 3082 merito
1066 3019 1256 3083 dolendum
1276 3021 1333 3098 sit,
1353 3037 1461 3100 quam
1484 3023 1591 3102 pauci

360 3125 429 3187 sint
454 3125 623 3203 operarii,
652 3125 710 3204 qui
733 3125 889 3188 omnium
911 3125 1095 3190 desideriis
1115 3144 1185 3190 non
1209 3128 1343 3208 possint
1370 3129 1592 3192 satislacere:

361 3232 460 3294 multi
475 3231 624 3310 denique
638 3231 675 3292 in
690 3231 883 3294 amicitiam
904 3232 1127 3295 reconciliati
1142 3239 1242 3312 sunt,
1263 3234 1355 3297 inter
1370 3251 1459 3316 quos
1473 3235 1594 3299 diabo-

359 3337 414 3401 lus
429 3337 625 3400 discordias
640 3338 890 3402 seminauerat:
907 3339 968 3403 alii
987 3339 1137 3421 denique
1159 3341 1275 3420 gratis
1290 3341 1449 3418 iniuriaS,
1473 3351 1507 3406 et
1522 3343 1595 3406 alia

269 3466 271 3470 ·
361 3463 430 3508 non
447 3445 589 3508 minima
605 3446 671 3509 sibi
686 3445 782 3509 facta
794 3457 1008 3510 nocumenta
1020 3447 1248 3526 dimiserunt,
1255 3449 1474 3528 praesertim
1486 3449 1595 3530 quod-

362 3551 443 3614 dam
458 3551 685 3616 homicidium
701 3571 770 3615 non
786 3553 889 3631 parui
903 3554 1082 3617 momenti.

420 3658 474 3721 De
490 3659 718 3722 concionibus
732 3668 861 3740 autem,
879 3669 917 3722 vt
933 3660 1065 3740 aliquid
1086 3661 1213 3738 dicam,
1234 3660 1339 3726 Pater
1354 3672 1475 3726 noster
1495 3663 1593 3728 Basi-

361 3766 427 3828 lius
443 3783 526 3828 suas
542 3767 586 3828 ad
607 3768 771 3846 populum
793 3768 982 3830 conciones
1004 3767 1119 3831 adbuc
1142 3770 1378 3850 prosequitur,
1402 3789 1447 3834 ex
1467 3771 1595 3852 quibus

363 3874 425 3936 vix
440 3874 491 3951 (vt
507 3891 628 3937 uerum
645 3874 768 3953 fatear)
784 3874 853 3938 dici
868 3883 984 3955 potest
998 3885 1169 3955 quantum
1191 3877 1353 3940 vtilitatis
1368 3877 1594 3942 audientibus

363 3981 515 4043 eueniat.
532 3981 609 4043 Hac
624 3981 783 4060 proxime
799 3983 920 4061 elapsa
941 3982 1214 4062 quadragesima
1234 3993 1355 4047 ternas
1375 3983 1448 4048 iere
1472 3985 1596 4050 babuit

364 4088 553 4151 conciones
568 4105 781 4169 unaquaque
800 4088 1032 4168 hebdomada,
1058 4107 1137 4154 cum
1153 4108 1284 4171 magno
1309 4092 1504 4172 hominum,
1521 4111 1594 4158 ma-

361 4195 454 4258 xime
468 4195 701 4282 literatorum,
723 4212 909 4275 concursu;
931 4196 1090 4276 singulas
1109 4207 1225 4260 autem
1246 4198 1369 4262 babuit
1384 4198 1421 4263 in
1441 4200 1594 4264 ecclesia

360 4301 493 4364 maz'ori
505 4319 584 4364 cum
599 4300 663 4363 illo
679 4302 805 4382 spiritu
821 4320 863 4365 ac
883 4301 1035 4382 feruore,
1053 4304 1095 4366 dc
1115 4323 1184 4383 quo
1206 4307 1284 4368 aliis
1299 4307 1458 4385 epistolis
1477 4305 1597 4372 iactus

361 4425 400 4470 es
415 4409 555 4472 certior.
573 4408 679 4472 Pater
695 4410 802 4472 etiam
817 4419 936 4472 noster
951 4408 1184 4474 Prouincialis
1203 4411 1222 4490 ¹,
1236 4413 1295 4493 qui
1310 4429 1421 4493 usque
1434 4412 1480 4476 ad
1491 4429 1597 4494 quar·

361 4526 434 4578 tum
461 4516 540 4578 idus
564 4514 698 4596 Aprilis
719 4517 902 4580 nobiscum
924 4517 999 4596 luit,
1029 4518 1121 4593 licet,
1137 4519 1216 4582 aliis
1242 4520 1347 4582 rebus
1372 4520 1494 4583 arduis
1520 4520 1597 4586 sere

402 4761 409 4790 t
439 4757 467 4800 Ρ.
479 4757 693 4802 Bartholomaeus
704 4761 734 4804 de
747 4759 926 4805 Bustamaute.
