3410 5528
766 531 937 618 ἱππική
955 549 1225 625 obabannrstatts

439 1586 475 1646 Ρ.
491 1587 610 1648 Daniel
626 1585 826 1663 Paeybroek

473 1685 565 1746 Patri
578 1685 707 1761 lgnatio
721 1685 762 1747 de
776 1686 916 1762 Loyola.

509 1783 602 1856 Itala,
615 1785 652 1844 26
664 1785 753 1859 Jnnli
767 1783 837 1846 1556
849 1786 870 1845 ¹.

948 1997 1048 2080 Jhus¹

445 2211 500 2276 Ex
515 2211 626 2276 literis
641 2211 804 2292 Magistri
815 2211 987 2290 DanieliS,
1004 2229 1048 2277 ex
1063 2213 1163 2293 itala,
1180 2211 1321 2278 Siciliae
1336 2213 1502 2278 Abbatia.

447 2318 572 2384 Gratia
587 2328 622 2383 et
636 2337 708 2400 pax
722 2318 864 2384 Domini
880 2320 993 2384 nostri
1007 2319 1091 2403 Jesu
1106 2319 1164 2384 X.¹
1184 2321 1230 2384 sit
1252 2335 1390 2400 semper
1405 2335 1486 2385 cum
1502 2320 1608 2386 omni·

385 2427 450 2490 bus
464 2427 577 2491 nobis.
595 2427 721 2491 Amen.

442 2533 613 2598 Italenses
627 2536 774 2599 multum
788 2552 927 2616 semper
949 2535 1114 2599 delectati
1133 2544 1213 2599 sunt
1235 2533 1386 2599 fratrum
1406 2543 1607 2600 nostrorum

382 2641 598 2722 praesentia:
615 2659 681 2705 nec
696 2641 835 2722 mirum,
852 2659 933 2706 cum
948 2659 986 2706 se
1001 2659 1154 2724 suosque
1169 2641 1259 2706 filios
1278 2641 1322 2705 ad
1345 2641 1528 2707 meliorem
1543 2653 1608 2707 sta·
1685 2717 1686 2734 χ

381 2758 456 2813 tum
476 2767 539 2830 per
558 2765 620 2812 eos
642 2759 862 2830 cognoscunt
883 2747 1059 2814 reductos.
1084 2748 1161 2813 Hoc
1181 2749 1275 2815 enirn
1297 2747 1450 2813 officium
1470 2767 1608 2832 semper

382 2856 448 2920 suit
468 2856 557 2920 socii
577 2856 646 2920 mei
664 2853 685 2934 ¹,
709 2865 745 2920 ut
768 2873 891 2920 curam
916 2857 1062 2920 haberet
1087 2855 1383 2921 instituendorum
1406 2871 1606 2938 puerorum.

383 2963 484 3043 Quod
500 2972 574 3027 tam
588 2963 752 3044 gnauiter
767 2963 955 3044 praestitit,
978 2972 1016 3028 ut
1031 2981 1102 3028 non
1116 2973 1255 3028 tantum
1270 2980 1398 3043 pueros
1413 2964 1448 3026 in
1469 2947 1605 3040 litteris

379 3089 504 3136 uerum
519 3071 626 3135 etiam
641 3071 742 3134 bonis
758 3072 914 3136 moribus
928 3072 1156 3152 promouerit.

440 3177 557 3242 Meum
573 3186 691 3242 autem
705 3177 857 3242 officium
877 3177 954 3256 fuit,
979 3187 1016 3242 ut
1037 3177 1290 3242 monachorum
1311 3186 1346 3242 et
1364 3177 1469 3242 buius
1490 3177 1608 3259 populi
1684 3197 1685 3227 ἢ

379 3302 502 3349 curam
518 3282 697 3348 haberem!
712 3285 804 3349 unde
819 3285 1020 3350 factumest
1043 3296 1080 3350 ut
1096 3285 1271 3365 monachi,
1294 3285 1367 3367 qui,
1383 3293 1528 3365 praeter
1548 3303 1608 3349 no·
1683 3361 1684 3366 ἵ

380 3409 472 3470 men,
489 3393 576 3456 nihil
598 3391 755 3472 religiosi
775 3392 962 3470 habebant,
985 3391 1127 3456 eumad
1148 3392 1296 3456 meliora
1315 3409 1336 3454 a
1357 3391 1528 3456 iratribus
1551 3409 1608 3455 no·

380 3500 463 3562 stris
478 3498 583 3562 Patre
598 3499 736 3581 Elpidio
751 3497 774 3576 ¹,
791 3498 829 3562 P.
845 3499 1002 3564 Antonio
1019 3497 1146 3577 Vincb,
1163 3508 1198 3562 et
1218 3497 1256 3563 P.
1278 3498 1439 3581 Philippo
1460 3497 1609 3564 Cassino

380 3615 497 3670 essent
510 3607 684 3688 perducti,
705 3615 827 3670 nostro
849 3617 1007 3686 tempore
1025 3607 1074 3670 nil
1095 3607 1138 3670 ab
1158 3606 1321 3687 incoepto
1340 3605 1432 3669 bono
1455 3622 1609 3670 recesse·
1683 3639 1684 3648 κ

321 3692 324 3711 ¹
378 3713 460 3793 rint,
477 3714 539 3778 sed
554 3731 692 3794 semper
707 3714 802 3778 omni
818 3714 1001 3794 diligentia
1017 3713 1061 3776 ad
1077 3714 1256 3777 anteriora
1271 3730 1310 3776 se
1321 3711 1558 3778 extenderint:
1575 3722 1608 3776 et

379 3820 437 3902 qui
451 3819 551 3900 prius
566 3820 659 3901 apud
676 3837 798 3884 omnes
818 3822 909 3884 male
930 3819 1132 3898 audiebant,
1153 3829 1190 3884 ut
1211 3819 1335 3883 melius
1354 3818 1484 3896 iacere,
1510 3819 1561 3884 ita
1576 3829 1609 3882 et

379 3927 501 3992 audire
517 3936 721 4008 coeperunt.
738 3928 861 4008 Itaque
876 3928 912 3990 in
928 3927 1043 3992 officio
1063 3927 1317 4007 diligentiores,
1340 3925 1377 3989 in
1391 3925 1513 3989 labore
1534 3943 1608 3990 ma-

378 4051 488 4098 nuum
509 4032 777 4114 frequentiores,
801 4043 835 4098 et
860 4035 894 4098 in
917 4033 1119 4115 praebendo
1140 4033 1311 4116 proximis
1331 4032 1426 4096 bono
1447 4034 1608 4115 exemplo

378 4141 493 4222 magis
508 4141 637 4205 soliciti
651 4150 734 4206 sunt
749 4141 874 4205 ellecti.

437 4247 592 4330 Populus
612 4266 710 4328 uero,
738 4249 797 4330 qui
819 4257 925 4313 antea
947 4267 969 4312 a
994 4249 1138 4313 seruitio
1160 4247 1228 4312 Dei
1253 4248 1396 4312 omnino
1421 4247 1610 4312 uidebatur

378 4356 526 4436 alienus,
544 4365 664 4437 utpote
680 4355 739 4436 qui
754 4358 987 4437 perexiguam
1002 4355 1071 4420 Dei
1087 4364 1272 4436 eteorum,
1287 4373 1379 4436 quae
1397 4353 1610 4420 adsalutem

419 4670 426 4702 ¹
458 4670 636 4728 apographae
648 4671 743 4726 dnpllcl
754 4671 824 4727 iollo,
836 4683 877 4716 nn.
888 4671 902 4715 8
912 4677 938 4716 et
948 4671 971 4718 ⁹.

417 4743 429 4776 ¹
457 4741 540 4798 Hujus
550 4755 642 4790 nornen
652 4755 698 4788 nec
709 4743 837 4790 Polancus
848 4744 950 4799 qnldem
961 4745 1046 4800 aperit
1057 4745 1083 4790 ln
1095 4742 1296 4796 carantana,

417 4814 430 4847 ⁸
455 4813 485 4860 P.
496 4815 600 4872 Elpldlo
611 4815 735 4872 Ugolettl.
