3578 5534
668 1234 895 1318 ODLXVI

213 1575 252 1636 Ρ.
268 1577 446 1650 Quintinus
461 1577 618 1637 Charlart

251 1675 346 1734 Patri
358 1675 486 1749 ignatio
499 1674 542 1735 de
555 1674 696 1749 Loyola.

287 1773 452 1844 Tornaco,
469 1773 503 1830 10
515 1773 665 1846 Januarii
680 1773 750 1834 1556
764 1775 784 1830 ¹.

763 2037 785 2107 †

220 2303 296 2366 Pax
311 2301 444 2367 Christi
458 2305 653 2368 nobiscum.

220 2410 295 2474 Rde
303 2413 340 2475 in
356 2410 499 2474 Christo
515 2409 631 2474 Pater.

219 2518 268 2581 Vt
282 2518 439 2582 debitum
455 2517 677 2582 obedientiae
688 2530 908 2600 praestemus
920 2534 955 2585 et
967 2521 1157 2584 reddamus
1168 2518 1386 2599 obsequium,

155 2626 284 2708 paucis
299 2625 454 2705 accipiat
468 2624 510 2688 R.
528 2623 572 2688 V.
590 2624 628 2688 P.
645 2625 812 2705 quidnam
829 2627 895 2691 hoc
910 2639 984 2692 toto
1000 2627 1250 2708 quadrimestri
1265 2625 1387 2705 digua·

154 2733 276 2798 tussit
291 2732 468 2796 Dominus
482 2733 623 2811 operari
645 2750 707 2812 per
725 2733 813 2797 'suos
833 2735 974 2798 inutiles
995 2750 1119 2797 seruos
1139 2734 1176 2796 in
1195 2733 1264 2796 isto
1286 2731 1386 2796 mise·

153 2840 291 2904 randae
312 2837 504 2902 Flandriae
530 2840 672 2918 angulo.
698 2839 874 2920 imprimis
899 2859 964 2905 nos
984 2859 1054 2905 non
1078 2857 1205 2921 parum
1226 2840 1387 2903 exercuit

152 2945 346 3025 confessio,
364 2957 398 3008 et
413 2946 554 3026 quidem
571 2945 729 3021 assidua;
747 2963 831 3011 nam
846 2964 930 3027 ego,
948 2948 1007 3027 qui
1021 2947 1110 3010 haec
1125 2947 1258 3025 scribo,
1274 2947 1386 3026 quoti-

153 3055 213 3117 die
228 3061 263 3116 et
278 3069 386 3132 saepe
401 3070 422 3116 a
437 3068 576 3116 summo
591 3069 695 3115 mane
717 3053 824 3117 etiam
845 3064 927 3117 ante
948 3055 1065 3117 lucem
1084 3071 1195 3133 vsque
1217 3051 1262 3116 ad
1285 3053 1386 3116 meri·

151 3159 250 3223 diem
269 3159 390 3222 desedi
415 3159 451 3221 in
477 3159 608 3237 templo
633 3176 783 3235 summ0,
808 3159 992 3224 audiendis
1017 3159 1300 3223 confessionibus
1323 3177 1385 3222 va·

152 3283 253 3331 cans.
271 3265 377 3329 Pater
393 3281 532 3346 quoque
547 3264 725 3328 Antonius
740 3265 751 3296 ¹
766 3265 803 3329 in
817 3266 942 3330 eodem
956 3267 1103 3346 templo,
1124 3283 1145 3328 a
1166 3282 1221 3330 me
1236 3267 1384 3330 multum

151 3381 321 3450 semotus
338 3372 413 3435 lere
427 3372 583 3452 quotidie
604 3380 680 3436 toto
700 3373 759 3436 illo
780 3382 938 3452 tempore
959 3372 1094 3436 audiuit
1118 3373 1225 3436 etiam
1247 3373 1386 3436 confes·

151 3483 285 3558 siones;
303 3497 348 3542 ex
364 3479 491 3560 quibus
506 3488 639 3558 quanta
660 3479 806 3542 ubertas
825 3481 957 3558 segetis
976 3479 1072 3544 vitae
1093 3479 1287 3559 spiritualis
1308 3495 1384 3542 suc-

148 3587 320 3664 creuerit,
336 3587 494 3650 indicant
509 3586 589 3648 illae
603 3602 714 3648 voces
729 3587 839 3665 vulgo
856 3587 982 3650 iactari
1003 3587 1046 3650 de
1068 3586 1169 3649 nobis
1184 3586 1326 3649 solitae:
1345 3585 1384 3648 “o

152 3694 271 3775 qualis
285 3691 528 3756 confessarius
542 3701 596 3755 est
611 3693 668 3756 ille
685 3691 799 3757 Pater!
817 3712 837 3756 o
853 3703 986 3774 quanta
1002 3710 1082 3757 cum
1097 3693 1288 3756 securitate
1303 3709 1384 3754 con·

152 3801 325 3864 scientiae
340 3816 434 3862 nunc
449 3799 533 3862 viuo
548 3808 737 3880 postquam
750 3799 818 3863 illis
834 3801 1017 3864 consessus
1028 3801 1118 3864 sum!
1134 3801 1218 3878 “et„
1231 3799 1261 3861 si
1274 3799 1382 3862 talem

153 3907 300 3971 Patrem
321 3924 393 3970 non
408 3905 586 3982 adiissem,
604 3906 675 3968 iam
691 3915 809 3970 actum
823 3907 948 3970 fuisset
963 3908 1005 3970 de
1020 3907 1095 3970 vita
1111 3923 1211 3981 mea„
1225 3924 1232 3969 :
1250 3905 1296 3968 sit
1310 3903 1382 3969 Do·

152 4013 272 4078 miuus
286 4013 505 4077 benedictus,

212 4117 370 4200 Singulis
386 4138 525 4201 quoque
539 4120 663 4184 diebus
677 4120 864 4184 dominicis
875 4121 911 4183 in
926 4121 1081 4200 quodam
1096 4121 1226 4184 sacello
1250 4121 1380 4184 summi

149 4227 276 4308 templi
305 4227 646 4291 communicauimus
674 4227 793 4306 plures
817 4227 937 4305 solito,
965 4229 1138 4308 longeque
1165 4227 1282 4307 piures
1309 4229 1377 4300 (sat

148 4335 294 4408 scimus)
311 4335 625 4412 communicarent,
642 4335 672 4396 si
688 4335 856 4414 templum
871 4336 929 4398 vel
940 4335 1111 4398 sacellum
1122 4335 1211 4398 bene
1226 4334 1384 4414 amplum

148 4441 254 4504 nobis
269 4439 485 4504 destinatum
500 4441 602 4520 foret,
624 4459 693 4522 quo
713 4443 844 4522 populo
863 4440 972 4504 libere
994 4451 1028 4504 et
1050 4441 1233 4504 commode
1256 4458 1384 4504 conue-

192 4718 201 4750 ¹
232 4717 421 4772 Automaphue
434 4717 528 4771 duplici
540 4719 609 4770 sollo.
619 4721 703 4773 primo
715 4729 741 4763 n.
753 4718 802 4768 308,
813 4709 897 4762 alte'ro
910 4729 960 4762 non
970 4725 1117 4762 numerato.

190 4789 203 4818 ¹
234 4787 263 4832 P.
274 4789 405 4833 Antonius
416 4789 544 4844 Bouclier‚
555 4791 621 4834 alles
629 4791 736 4834 Bouclet
747 4789 839 4834 dictus.
