3472 5528
384 523 437 584 268
766 525 936 584 Ltrrnnaa
955 533 1229 592 Quauulttttsrttsss

383 669 634 750 perfectionem
659 677 836 751 spectant,
862 687 983 734 omnes
1001 669 1225 749 incumbant,
1248 679 1367 734 tamen
1389 668 1613 750 apertissime

366 777 613 854 'cognoscitur
649 777 822 856 singulari
855 777 1007 858 quodam
1043 777 1158 841 studio
1192 777 1370 858 animique
1404 774 1530 840 ardore
1564 777 1613 840 ad

379 884 620 947 obedientiam
643 893 912 964 nostrorumque
935 902 1111 948 canonum
1133 885 1417 948 obseruationem
1437 883 1612 947 citissimo

382 1007 505 1054 omnes
524 1008 629 1055 cursu
649 1009 852 1072 properare.
876 991 942 1072 Qui
963 993 1105 1073 quidem
1127 1009 1300 1071 canuam,
1323 991 1455 1054 Christi
1478 990 1612 1070 Optimi

381 1097 529 1162 Maximi
549 1098 717 1162 beneficio
737 1099 921 1180 Patrisque
942 1099 1182 1164 Emmanuelis
1207 1098 1346 1164 Godino
1367 1098 1488 1162 sedula
1507 1115 1611 1178 cura,

381 1205 598 1268 examussim
613 1205 840 1286 suauiterque
854 1215 1057 1285 seruantur,
1079 1205 1208 1270 additis
1227 1207 1276 1284 (ut
1296 1205 1344 1269 ita
1360 1205 1488 1284 dicam)
1504 1204 1612 1268 inter-

381 1311 464 1375 dum
481 1314 704 1376 currentibus
720 1312 920 1376 calcaribus
935 1315 1185 1393 poenitentiae.

442 1418 664 1500 Quamquam
679 1419 715 1482 in
729 1429 851 1483 nostra
867 1419 953 1483 aede
973 1437 1077 1484 sacra
1102 1421 1205 1500 pauci
1227 1421 1418 1484 admodum
1432 1429 1512 1484 sunt
1526 1437 1611 1482 con·

380 1525 538 1606 fessarii,
562 1527 656 1606 iique
672 1527 804 1592 bonam
825 1527 992 1608 temporis
1011 1529 1199 1608 partemin
1220 1527 1404 1592 audiendis
1426 1527 1611 1591 scholasti·

380 1617 503 1697 corum
532 1635 810 1698 confessionibus
835 1643 1062 1726 consumant,
1089 1653 1160 1699 non
1184 1635 1282 1699 deest
1304 1645 1422 1700 tamen
1444 1634 1612 1698 assiduus

379 1741 633 1821 poenitentium
648 1758 860 1820 concursus,
879 1739 942 1822 'qui
963 1743 1117 1824 quotidie
1138 1741 1181 1805 de
1202 1743 1358 1824 pcccatis
1372 1742 1611 1806 confiteantur

381 1855 487 1928 atque
509 1847 553 1912 ad
581 1849 843 1912 sanctissimum
867 1849 1112 1913 Eucharistiae
1137 1859 1399 1914 sacramentum
1421 1847 1609 1925 accedant,

379 1953 484 2035 idque
500 1956 610 2019 multo
625 1957 740 2036 magis
755 1955 877 2020 diebus
892 1956 1003 2021 sestis
1395 2035 1397 2040 Ι

438 2060 531 2126 Eunt
545 2063 652 2126 etiam
667 2063 778 2127 nostri
799 2074 920 2142 patres
934 2065 980 2129 ad
1000 2064 1204 2129 inuisendos
1218 2074 1253 2127 et
1272 2065 1464 2127 audiendos
1479 2080 1610 2143 aegro·

379 2178 445 2248 τος,
462 2177 497 2234 et
512 2170 634 2234 utiam
649 2171 830 2234 morituris
845 2170 977 2252 adsint;
1000 2173 1105 2255 idque
1127 2181 1300 2253 quatenus
1322 2189 1360 2234 se
1383 2171 1428 2234 ab
1450 2171 1528 2234 aliis
1548 2188 1610 2234 oc·

378 2276 623 2357 cupationibus
643 2287 789 2357 possunt
805 2279 988 2359 expedire,
1012 2281 1137 2360 quibus
1160 2297 1239 2344 cum
1260 2279 1487 2358 distinemur,
1504 2295 1609 2342 cura·

379 2393 436 2447 tur
456 2391 493 2447 ut
519 2382 720 2448 huiusmodi
745 2386 1016 2451 necessitatibus
1040 2386 1249 2452 subueuiant
1274 2387 1334 2467 qui
1358 2385 1500 2450 suntin
1521 2383 1611 2450 Diui

377 2489 490 2554 Rochi
507 2491 527 2554 ⁸.

437 2597 544 2662 Pater
557 2597 732 2663 Dominus
747 2599 927 2677 Goncalus
942 2600 953 2632 '
968 2601 1103 2665 solebat
1119 2602 1174 2681 (ut
1190 2597 1339 2665 aliorum
1354 2601 1466 2665 literis
1480 2601 1525 2663 ad
1542 2599 1610 2668 ea-

376 2705 578 2770 ternitatem
602 2714 699 2770 tuam
721 2709 895 2788 perlatum
917 2725 995 2772 esse
1019 2708 1106 2787 scio)
1129 2709 1165 2772 in
1188 2717 1309 2772 nostro
1332 2711 1462 2788 templo
1481 2707 1610 2773 diebus

377 2811 563 2876 dominicis
584 2822 663 2892 post
686 2813 867 2877 meridiem
892 2815 1112 2894 concionati,
1141 2833 1322 2896 quousque
1346 2815 1525 2896 profectus
1550 2825 1610 2880 est

376 2919 423 2982 ad
438 2919 552 2984 indos.
569 2921 607 2984 In
622 2919 698 2984 eius
713 2922 828 2985 locum
845 2923 1054 2986 substitutus
1067 2933 1121 2987 est
1138 2921 1312 2987 Dominus
1326 2921 1485 3002 ignatius
1499 2921 1527 3000 ⁵,
1544 2925 1609 3004 qui

377 3027 483 3107 paulo
499 3035 582 3090 ante
597 3035 738 3092 creatus
753 3037 807 3092 est
821 3029 981 3093 Minister
996 3031 1033 3094 in
1045 3030 1129 3094 Diui
1144 3030 1266 3094 Rochi.

438 3133 625 3197 Celebrata
641 3143 722 3198 sunt
737 3135 850 3198 officia
867 3136 1109 3201 hebdomadae
1124 3148 1270 3201 sanctae
1285 3157 1305 3202 a
1326 3139 1459 3204 nostris
1474 3138 1608 3202 medio-

376 3241 500 3317 criter,
522 3241 684 3322 idemque
704 3239 810 3306 Pater
828 3242 1003 3307 Dominus
1023 3245 1182 3324 ignatius
1201 3262 1332 3325 magno
1352 3245 1460 3311 animi
1475 3245 1609 3310 ardore

377 3349 421 3412 de
436 3348 602 3429 passione
618 3349 851 3414 concionatus
866 3361 929 3415 est.
948 3351 1099 3430 Quidam
1119 3353 1219 3433 probi
1242 3353 1310 3416 uiri
1331 3361 1609 3418 construxerunt

380 3463 647 3518 monumentum
661 3451 673 3486 ⁴
687 3473 792 3537 quam
808 3457 950 3538 optime.

436 3559 532 3625 Solet
548 3560 795 3642 Algaruiensis
810 3563 1008 3645 Episcopus
1023 3564 1045 3644 ³,
1069 3566 1211 3646 quando
1227 3575 1279 3630 est
1300 3565 1533 3648 Olysippone,
1549 3585 1607 3632 sa·

376 3685 477 3732 crum
492 3669 528 3732 in
543 3669 611 3732 hoc
627 3669 778 3749 collegio
798 3670 916 3734 facere
937 3671 973 3735 in
994 3673 1147 3752 quodam
1168 3675 1315 3752 sacello,
1337 3691 1380 3737 ac
1401 3683 1608 3740 nostrorum

376 3775 482 3838 alicui
495 3775 537 3840 de
552 3776 709 3857 peccatis
723 3777 896 3842 confiteri:
913 3788 947 3842 et
962 3780 1201 3859 superioribus
1216 3781 1339 3846 diebus
1354 3799 1447 3861 cum,
1462 3781 1605 3848 infirma

376 3883 579 3946 ualetudine
600 3883 898 3966 impeditus„non
914 3897 1033 3966 posset
1055 3888 1123 3951 huc
1148 3887 1284 3968 uenire,
1311 3889 1409 3969 petiit
1435 3898 1472 3952 ut
1497 3890 1607 3954 adse

376 3988 616 4068 confessarius
630 3991 845 4056 mitteretur:
869 3992 1041 4057 beneuolo
1062 4009 1149 4074 erga
1171 4013 1236 4059 nos
1251 3995 1368 4060 animo
1387 3994 1539 4061 affectus
1552 3999 1606 4065 vi-

376 4095 487 4160 detur.

417 4411 423 4441 ¹
452 4410 539 4463 idest,
551 4411 577 4454 in
587 4411 768 4458 Professorum
779 4414 861 4468 domo,
873 4414 961 4460 Sancti
974 4416 1055 4462 Rochi
1066 4417 1144 4462 dicta.

412 4481 424 4512 ¹
451 4481 479 4524 P.
491 4480 666 4528 Gundisalvus
675 4485 706 4528 de
717 4485 838 4530 Silveira.

414 4553 425 4583 ¹⁸
452 4553 480 4596 P.
491 4553 609 4607 ignatius
620 4556 650 4598 de
663 4557 790 4610 Azebedo,
801 4560 843 4612 qui
855 4559 970 4614 collegio
982 4561 1071 4605 Sancti
1083 4561 1187 4605 Antonii
1198 4564 1231 4606 ab
1241 4563 1315 4606 initio
1325 4564 1485 4618 praefuerat.

414 4626 425 4658 ⁴
452 4625 554 4680 Altare,
566 4626 590 4669 in
602 4639 651 4681 quo
663 4629 743 4674 feriae
754 4631 845 4685 quinta
861 4633 967 4687 majoris
983 4634 1039 4676 sive
1054 4640 1146 4678 sancta
1160 4633 1337 4680 hebdomadae
1347 4635 1484 4690 reponitur
1494 4649 1607 4683 venetu-

373 4699 424 4742 bile
434 4700 642 4744 sacramentum.¹

414 4769 425 4806 ὅ
452 4769 564 4826 Jonunee
573 4771 604 4816 de
614 4770 697 4817 Mello.
