3368 5528
653 481 718 545 Aa.
741 477 811 544 isse
1284 475 1342 540 583

109 630 236 696 landis
262 631 378 712 magis
402 649 509 714 quam
533 631 649 697 adhuc
673 629 941 695 consueuissent
965 627 1199 692 sanctissimis
1224 643 1342 690 sacra·

108 739 259 819 mentis,
275 757 320 804 ex
335 750 477 820 patrum
490 739 740 822 quorumdam,
758 745 959 801 nostrorum
981 727 1196 800 authoritate
1211 744 1246 798 et
1261 751 1341 799 con·

110 846 205 927 silio,
223 865 301 912 sese
319 848 596 913 obstrinxerunt.

146 948 217 1018 'ln
240 972 280 1019 rc
307 954 465 1020 literaria
488 953 574 1018 fiunt
602 954 798 1019 mediocres
827 963 862 1018 et
890 953 1114 1033 nequaquam
1138 947 1342 1030 poenitendi

110 1075 339 1144 progressus.
355 1061 539 1130 Docentur
553 1074 685 1140 graeca
700 1070 734 1124 et
750 1061 871 1138 latina,
888 1068 994 1140 atque
1009 1058 1045 1123 in
1060 1065 1208 1137 utraque
1220 1056 1341 1136 lingua
1431 1133 1434 1140 .

108 1186 218 1234 suam
230 1169 378 1250 quisque
392 1169 614 1246 facultatem,
639 1170 732 1248 stylo
753 1177 787 1231 ct
806 1162 998 1246 scriptione
1019 1164 1341 1244 exercitationeque

110 1276 319 1352 memoriae,
334 1276 458 1340 sedulo
474 1274 653 1354 adaugere
668 1273 704 1338 in
719 1273 795 1338 dies
810 1273 938 1337 studet.
954 1271 1179 1352 Componunt
1193 1269 1339 1334 rhetori

109 1384 142 1448 ci
159 1383 450 1461 declamationes
468 1392 502 1447 et
521 1381 749 1448 conficiendis
770 1381 932 1445 uersibus
946 1387 1175 1454 exercentur.
1198 1376 1340 1442 Confes-

109 1489 200 1554 sarii
217 1499 335 1554 autem
350 1490 462 1554 nostri
476 1490 524 1554 ad
538 1488 727 1553 lectionem
740 1489 784 1552 de
799 1488 950 1566 casibus,
973 1487 1010 1550 in
1024 1503 1094 1568 quo
1108 1503 1254 1550 munere
1267 1485 1340 1550 Ma·

108 1599 225 1678 gister
238 1597 319 1662 Pisa
338 1596 346 1629 ¹
368 1596 530 1662 omnibus
549 1597 677 1660 mirum
699 1595 736 1660 in
758 1595 901 1660 modum
923 1594 1115 1657 satisfacit:
1136 1610 1181 1656 ex
1202 1592 1336 1672 eodem,

108 1704 350 1786 Porphyrium
366 1703 388 1784 ¹;
405 1721 450 1768 ex
470 1703 643 1784 Magistro
664 1703 801 1768 Erardo
821 1701 845 1780 ⁸,
866 1703 952 1764 dum
977 1701 1160 1781 Magister
1180 1700 1337 1764 Leouar·

108 1813 182 1875 dus
201 1811 385 1875 calaorra
400 1811 606 1874 ualetudine
625 1810 748 1890 magis
766 1811 815 1873 sit
835 1809 1088 1888 confirmatus,
1103 1807 1337 1872 Dialecticam

108 1920 157 1984 Io.
175 1919 337 1984 Caesarii
352 1917 530 1983 ‘audiunt

171 2025 231 2090 Ad
256 2026 433 2108 perfectae
457 2035 575 2090 autem
597 2027 780 2107 religionis
799 2033 834 2089 et
859 2025 999 2105 pietatis
1025 2025 1059 2087 in
1084 2032 1209 2088 sancta
1234 2041 1338 2087 voca·

111 2135 210 2199 tione
225 2133 481 2197 incrementum
495 2150 647 2213 magnus
661 2134 696 2198 in
720 2133 794 2197 dies
813 2133 973 2196 cumulus
992 2132 1028 2194 in
1043 2130 1178 2194 nostris
1199 2128 1337 2194 uidetur

111 2241 302 2320 accedere,
319 2240 403 2305 dum
420 2257 662 2322 quaecumque
678 2241 723 2307 ad
737 2239 954 2320 frangendos
968 2237 1251 2317 euincendosque
1266 2255 1336 2301 non

110 2357 231 2413 rectos
250 2348 449 2412 animorum
470 2357 585 2412 motus
605 2347 776 2428 proficere
796 2347 1011 2427 intelligunt,
1033 2345 1259 2426 cupidissime
1279 2362 1336 2408 ex·

111 2464 275 2536 poscunt,
289 2463 395 2535 atque
406 2471 536 2535 magna
548 2472 629 2518 cum
641 2455 862 2534 superiorum
869 2455 1051 2534 uoluptate
1063 2454 1334 2533 amplectuntur.

171 2563 267 2628 Ecce
282 2563 359 2641 tibi,
375 2561 418 2626 R.
434 2562 488 2640 P.,
511 2579 617 2642 quam
638 2562 786 2644 mirifice
808 2564 932 2642 paucis
951 2561 1129 2625 mensibus
1147 2569 1257 2640 opera
1278 2560 1337 2623 hic

111 2687 176 2752 per
199 2679 273 2735 tam
294 2679 496 2748 contempta
517 2670 749 2734 instrumenta
769 2675 854 2732 sunt
875 2669 1022 2747 effecta,
1048 2684 1137 2747 quae
1155 2667 1193 2730 in
1211 2666 1336 2746 proxi·

111 2795 211 2840 mum
236 2777 498 2857 quadrimestre
526 2782 631 2856 atque
659 2777 694 2839 in
720 2785 900 2855 posterum
925 2791 1063 2855 semper
1088 2775 1162 2836 tuis
1186 2774 1336 2836 sanctis·

111 2883 217 2948 stiriis
237 2883 460 2948 orationibus
485 2901 526 2946 ac
547 2883 737 2962 sacrificiis
755 2890 795 2946 ut
820 2883 956 2946 maiora
976 2881 1157 2961 suscipere
1175 2898 1217 2944 ac
1231 2889 1335 2960 prae·

110 2997 213 3055 stare
238 2991 404 3067 ualeant,
423 3009 445 3053 a
467 2989 621 3054 Domino
643 2991 835 3054 excitanda
852 2990 1179 3070 praeparandaque
1194 2987 1335 3053 confidi·

111 3115 202 3176 mus,
228 3115 332 3180 quem
355 3109 392 3163 ut
412 3109 445 3164 te
467 3098 569 3162 nobis
593 3097 735 3162 Patrem
761 3097 805 3162 ad
831 3097 1092 3162 sanctissimam
1117 3097 1335 3160 voluntatem

110 3221 213 3269 suam
228 3223 270 3269 ac
285 3206 437 3285 gloriam
451 3205 511 3270 diu
526 3204 738 3269 incolumem
753 3213 886 3282 seruet,
903 3204 1143 3268 obsecramus.

172 3309 337 3390 Laureto,
353 3311 373 3374 3
387 3311 434 3376 id.
456 3311 646 3376 Nouembr.
672 3310 769 3404 1556.Ι

175 3417 227 3482 Ex
242 3417 283 3484 R.
302 3418 338 3482 P.
355 3417 517 3482 Rectoris
531 3418 644 3482 nostri
657 3418 763 3482 iussis
778 3427 812 3483 et
827 3417 929 3482 huius
942 3417 1090 3496 Collegii
1101 3415 1253 3484 nominc.

372 3524 414 3589 R.
432 3524 469 3588 Ρ.
486 3523 525 3590 Τ.
542 3524 693 3589 liliorum
708 3525 873 3590 minimus
888 3535 922 3588 et
936 3523 1213 3603 indignissimus,

929 3685 982 3769 Jo.
1005 3683 1214 3754 Gariennos.

174 3955 221 4018 In
234 3956 356 4020 eadem
370 3960 502 4035 quarta
517 3955 656 4035 pagina
671 3955 756 4018 haec
769 3954 958 4035 leguntur:
972 3954 1085 4038 Jesus.
1105 3951 1192 4017 1556.
1206 3953 1336 4018 Laure-

110 4072 160 4128 ιο.
176 4061 460 4143 Quadrimestres
477 4061 511 4125 ll
532 4059 754 4126 Nouembris.

81 4283 88 4300 .
152 4231 160 4263 ¹
188 4229 373 4286 emptionem
382 4231 455 4278 Pisa.

149 4303 160 4334 ¹
186 4301 477 4358 Vldeenprmamoe.

149 4373 161 4406 ⁸
187 4373 271 4419 Primo
281 4374 407 4430 scrlptnm
418 4374 497 4418 fuisse
508 4373 612 4418 videtur
627 4373 774 4427 Euerardo,
791 4375 836 4418 sed
852 4373 1015 4418 emendatum
1031 4379 1108 4418 estet
1123 4375 1170 4418 sub
1180 4375 1333 4419 litterlsnon

111 4443 177 4487 ulla
185 4452 293 4501 apparet
304 4456 338 4490 an
348 4445 483 4501 legendum
494 4445 528 4488 slt
539 4445 667 4498 Gerardo,
677 4457 710 4489 nn
720 4455 782 4489 vero
792 4443 941 4498 &aedunt
950 4455 996 4489 nos
1007 4445 1108 4500 quidem
1118 4445 1333 4500 leglmus.1serat

113 4513 225 4562 Emdns
236 4517 402 4564 Arantlnnus
412 4517 468 4572 “qni
481 4517 582 4562 vienna
592 4523 724 4570 veneras„
734 4517 868 4561 Focaneus
879 4517 903 4561 in
915 4516 1050 4568 Chronico,
1061 4523 1079 4562 t.
1091 4527 1129 4560 vr.

152 4588 164 4620 ⁸
188 4587 269 4645 Hujus
278 4592 365 4644 operis
374 4601 451 4635 unum
460 4591 604 4645 exemplum
611 4589 737 4641 novimus,
746 4589 835 4644 paucis
845 4595 903 4644 post
912 4589 978 4632 hunc
988 4600 1083 4634 annum
1092 4589 1247 4634 lomentum
1255 4589 1334 4643 Joart·

113 4668 151 4702 ars
161 4655 281 4705 cruam
292 4659 451 4712 violentiae,
462 4659 615 4705 Hermanni
623 4659 735 4704 Ratiani
742 4661 851 4708 scholiis
860 4672 961 4708 necnon
972 4671 1072 4708 necnon
1081 4660 1194 4709 Henrici
1204 4660 1334 4710 Glareani

113 4733 328 4778 annotationibus
338 4733 486 4778 illustrata.
496 4731 624 4790 Lugdunl,
635 4732 693 4779 15⁶7.
