3504 5532
375 495 429 560 130
608 555 623 566 ,
760 497 932 558 erranaa
951 515 1223 568 qunoarnasraas

331 689 335 700 .
436 643 641 723 Aliquando
655 645 763 708 etiam
778 645 847 706 itur
863 645 897 707 in
913 645 1087 723 triremeS,
1104 657 1142 708 ut
1156 645 1286 726 ubique
1302 646 1438 725 possint
1461 646 1613 708 uerbum

377 749 445 814 Dei
461 751 693 814 disseminare
708 761 743 814 et
762 751 1037 815 christianorum
1057 751 1223 816 cordibus
1245 751 1404 830 infigere.
1435 751 1498 814 Vbi
1513 751 1613 814 enim

377 875 482 922 antor
497 859 651 937 emergit
671 857 833 935 dr'ur'nnS,
853 857 903 920 r'br'
921 859 1137 922 desideriam
1158 859 1337 920 hnmanae
1357 857 1491 920 salutis
1505 858 1619 936 serra*

381 983 452 1028 non
464 971 598 1045 potest,
613 967 676 1028 seri
691 974 760 1045 per
781 983 903 1028 onrrtes
921 965 1163 1043 diffunditur.
1188 965 1321 1028 Omitto
1343 965 1524 1045 plurimos,
1546 965 1609 1044 qni

378 1073 488 1136 uerbo
505 1072 651 1136 Domini
667 1073 825 1152 inescati,
843 1075 891 1136 ita
908 1082 1114 1136 constanter
1128 1073 1274 1136 hamum
1289 1082 1445 1149 tenuere,
1470 1081 1508 1134 ut
1528 1087 1608 1134 suo·

377 1196 459 1242 rum
473 1181 647 1242 scelerum
664 1180 808 1256 conscii,
835 1181 881 1243 ad
900 1179 1025 1242 Patres
1046 1189 1188 1242 nostros
1208 1179 1436 1256 accesserint,
1458 1195 1609 1258 quorum

381 1286 526 1364 auxili0,
547 1286 666 1350 diuina
682 1297 885 1366 praestante
899 1287 1029 1366 gratia,
1047 1286 1091 1348 ab
1107 1285 1294 1365 impudicis
1308 1285 1523 1365 perditisque
1534 1303 1609 1348 mo-

379 1393 477 1459 ribus
492 1393 651 1470 abducti,
670 1395 736 1457 iter
752 1393 875 1456 salutis
891 1393 1054 1473 ingressi,
1070 1392 1203 1469 sedulo,
1221 1392 1376 1456 maxima
1392 1409 1473 1454 cum
1492 1409 1616 1471 perse--

379 1500 541 1562 nerantia
558 1511 834 1580 prosequuntur.
851 1498 922 1563 Sex
937 1501 993 1562 uel
1008 1507 1143 1578 septem
1161 1499 1307 1561 iuuenes
1326 1508 1407 1561 sunt
1427 1497 1541 1560 bonae
1560 1497 1611 1560 in·

377 1605 479 1683 doliS,
498 1606 557 1685 qui
573 1607 649 1668 iam
666 1607 831 1669 diuturno
853 1616 958 1685 atque
977 1604 1225 1669 ardentissimo
1246 1615 1411 1668 tenentur
1432 1604 1610 1667 desiderio

379 1712 578 1775 deuouendi
593 1731 630 1775 se
653 1713 730 1776 Deo
746 1714 780 1776 in
795 1713 862 1776 hac
878 1721 1000 1775 nostra
1015 1710 1203 1789 Societate,
1221 1711 1347 1792 quibus
1358 1711 1474 1774 aditus
1485 1711 1530 1774 ad
1542 1728 1610 1773 nos

380 1819 429 1880 ita
443 1819 559 1882 facilis
574 1837 645 1882 non
666 1821 866 1899 praebetur,
882 1828 920 1881 nt
934 1819 1060 1882 melius
1074 1835 1197 1881 eorum
1209 1825 1380 1898 appareat
1392 1817 1607 1880 constantia.

378 1923 480 1988 Vnus
495 1925 600 1988 modo
617 1926 835 2004 admittetur,
854 1927 914 2006 qui
934 1942 1020 2005 prae
1036 1925 1189 1988 caeteris
1203 1923 1376 1988 desiderio
1391 1924 1507 2002 ardet3
1529 1925 1609 1986 reli·

377 2032 457 2110 quis
472 2049 558 2094 uero
577 2033 807 2111 protrahetur
823 2041 960 2112 tempus
975 2049 1086 2110 usque
1106 2030 1151 2092 ad
1170 2031 1304 2110 pascha
1322 2029 1619 2094 Resurrectionis.

377 2135 533 2200 Domini.
551 2137 700 2200 Interim
716 2149 766 2217 tu,
782 2137 859 2201 R.de
880 2137 996 2216 Pater,
1013 2137 1128 2200 Deum
1143 2153 1206 2200 ora
1226 2135 1235 2166 ¹
1257 2137 1435 2200 constanti
1455 2137 1609 2216 fortique

377 2245 495 2308 animo
512 2245 593 2322 sint,
613 2255 650 2307 ut
671 2245 716 2306 ad
732 2255 766 2307 te
781 2245 957 2324 possimus
972 2243 1145 2323 quasdam
1159 2243 1260 2323 quasi
1276 2243 1449 2324 primitias
1467 2245 1611 2324 collegii

377 2353 490 2415 nostri
505 2351 655 2414 mittere.

437 2457 621 2537 Cogitanti
638 2458 727 2521 mihi
743 2475 896 2539 quonam
911 2467 1014 2538 pacto
1027 2459 1160 2538 possim
1171 2475 1340 2536 amorem,
1353 2474 1422 2537 quo
1434 2475 1499 2520 nos
1511 2459 1610 2522 ciues

377 2565 413 2626 hi
429 2575 710 2644 prosequuntur,
730 2565 926 2642 ostendere,
943 2565 1030 2626 nihil
1051 2564 1271 2627 commodius
1292 2563 1407 2627 uisum
1428 2573 1482 2627 est
1501 2583 1611 2644 quam

377 2672 408 2734 si
424 2672 628 2751 diligentiae
648 2671 966 2749 sollicitudinisque
981 2669 1084 2734 fieres
1103 2670 1245 2746 certior,
1267 2687 1373 2749 quam
1391 2688 1472 2736 cum
1494 2672 1530 2734 in
1548 2689 1610 2734 no-

375 2779 459 2842 stris
474 2779 592 2857 rebuS,
609 2789 688 2842 turn
703 2796 789 2842 uero
804 2779 958 2841 maxime
974 2778 1166 2840 adhibuere
1181 2778 1217 2840 in
1228 2777 1431 2858 quaerenda
1443 2778 1557 2854 domo,
1572 2779 1609 2842 in

374 2903 484 2964 quam
497 2885 622 2948 Patres
639 2885 650 2916 ²
668 2886 795 2962 nostri,
812 2886 872 2963 qui
886 2885 1096 2965 Hispaniam
1111 2901 1236 2946 uersus
1250 2885 1480 2963 nauigauere,
1494 2885 1608 2948 diuer-

375 3003 450 3055 tere
466 3003 612 3072 possent
629 2991 846 3071 (Collegium
860 2991 1032 3071 siquidem
1047 2999 1208 3054 nostrum
1222 3008 1285 3053 eos
1298 2991 1395 3054 haud
1405 3007 1533 3072 capere
1547 3009 1610 3071 po·

375 3099 497 3176 terat):
515 3099 657 3161 videres
676 3115 842 3178 namque,
860 3098 907 3160 mi
922 3095 1039 3175 Pater,
1056 3112 1118 3159 eos
1132 3095 1180 3158 ita
1196 3106 1398 3160 nostrarum
1412 3115 1530 3162 rerum
1542 3099 1610 3161 sol-

375 3203 503 3283 licitos,
520 3214 557 3267 ut
573 3205 646 3266 suis
666 3205 772 3267 rebus
800 3203 983 3283 implicari
1006 3220 1077 3265 non
1098 3207 1269 3282 possent,
1290 3220 1333 3264 ne
1356 3203 1495 3266 nostris
1511 3205 1595 3266 dees

377 3329 416 3374 se
435 3309 446 3341 ⁸
462 3312 687 3375 uiderentur:
707 3329 772 3374 nec
793 3310 959 3374 destitere
981 3310 1095 3372 donec
1114 3308 1312 3372 inuenirent
1332 3311 1610 3390 pulcherrimam

377 3417 568 3498 quamdam
584 3419 743 3495 domum,
761 3418 919 3498 inquam
940 3417 1089 3478 attulere
1111 3416 1218 3479 etiam
1236 3417 1348 3478 lectos
1368 3418 1612 3497 reliquamque

378 3526 643 3606 supellectilem,
660 3541 732 3604 qua
751 3524 875 3587 Patres
890 3523 1050 3602 indigere
1065 3531 1240 3602 poterant.
1257 3521 1310 3584 Ita
1324 3523 1475 3604 denique
1489 3527 1612 3588 omnia

376 3633 604 3710 constituere,
631 3640 670 3693 ut
700 3631 827 3693 domus
851 3628 988 3707 Patres,
1014 3645 1085 3690 non
1106 3627 1174 3708 ipsi
1199 3628 1341 3692 domum
1366 3638 1611 3709 expectarent:

376 3738 587 3808 commorati
612 3747 698 3801 sunt
724 3737 783 3801 hic
808 3753 872 3816 per
897 3736 984 3798 duos
1008 3734 1081 3798 iere
1106 3751 1262 3798 menses:
1293 3736 1420 3799 deinde
1447 3736 1611 3817 proiecti,

374 3845 483 3909 flante
499 3844 656 3908 secundo
671 3853 782 3906 uento
799 3843 848 3920 (ut
863 3842 1089 3922 accepimus),
1106 3851 1259 3920 quatuor
1281 3841 1418 3906 dierum
1438 3843 1553 3923 spatio
1573 3844 1623 3912 in.

377 3952 587 4032 Hispaniam
602 3967 810 4031 peruenere,
828 3961 933 4029 atque
948 3950 997 4011 ita
1010 3947 1107 4012 Deus
1119 3947 1272 4027 optimus
1284 3949 1460 4012 maximus
1472 3966 1614 4014 moram

376 4057 639 4122 conscendendi
657 4056 779 4118 nanim
793 4056 899 4120 celeri
910 4055 1142 4136 nauigatione
1154 4055 1490 4133 compensauitzsed
1500 4057 1543 4120 de
1554 4057 1617 4121 his

375 4166 560 4228 hactenus.
578 4163 692 4240 Nunc,
713 4161 755 4225 R.
772 4160 889 4240 Pater,
906 4162 1039 4242 accipe,
1061 4177 1151 4241 quae
1170 4160 1216 4223 ad
1241 4160 1424 4226 literarum
1443 4163 1625 4244 studium,¹

374 4272 591 4350 scholasque
605 4278 751 4333 nostras
767 4268 927 4332 attinent.

440 4377 589 4441 Duabus
603 4375 834 4456 potissimum
849 4375 955 4438 rebus
975 4375 1022 4450 (ut
1043 4372 1179 4455 opinor)
1200 4375 1293 4438 soles
1312 4373 1492 4456 delectari,
1512 4376 1623 4458 spiri-

378 4517 591 4529 ψ

416 4581 424 4613 ¹
453 4589 499 4624 orn
510 4583 544 4622 vt.
556 4577 702 4623 Focaneus.

414 4651 426 4684 ¹
453 4651 548 4694 Patres
569 4661 600 4694 ac
604 4649 724 4706 fratres.
735 4649 773 4694 lo.

417 4721 429 4754 ὃ
455 4721 558 4770 deesse.
568 4730 601 4764 ne
614 4721 710 4766 nostris
722 4722 854 4766 deessent.
864 4717 901 4763 io.
