3368 5528
620 524 686 584 Aa.
707 524 778 585 1556
1259 521 1318 582 5t7,

99 677 175 747 tant,
190 685 261 732 non
276 668 352 732 sine
374 685 505 748 magna
525 669 949 749 audientium'u'oluptate.
966 665 1113 732 Summa
1129 668 1315 748 discipulo·

99 791 166 837 rum
180 785 321 838 centum
336 776 415 855 plus
430 775 545 839 minus
559 775 795 857 septuaginta,
817 774 988 839 ducentos
1003 774 1107 839 facile
1123 775 1314 852 excessuri,

100 881 157 944 nisi
170 883 338 962 plurimos
352 883 454 947 nobis
474 885 697 948 subtraheret
716 883 950 965 quorumdam
965 882 1114 958 inuidia,
1132 881 1205 963 qui,-
1220 898 1316 962 spar-

100 988 143 1051 sis
161 1007 220 1069 per
243 990 366 1054 urbem
388 991 541 1064 sinistris
561 992 604 1056 de
628 991 731 1055 nobis
753 990 972 1067 rumoribus,
997 990 1134 1054 ciuibus
1156 990 1318 1053 timorem

101 1093 326 1173 incusserunt,
348 1107 382 1160 et
397 1115 476 1161 nea
499 1099 573 1162 suis
593 1098 724 1162 scholis
740 1098 911 1162 abductos
927 1097 1016 1160 filios
1039 1097 1084 1160 ad
1104 1107 1245 1160 nostras
1260 1097 1313 1160 de·

101 1202 260 1268 ducerent
275 1202 478 1269 effecerunt.
496 1205 597 1269 Nunc
612 1206 658 1269 ad
673 1207 770 1270 ciues
786 1206 881 1286 ipsos
897 1205 1091 1268 ueniamus

152 1310 206 1374 Ad
222 1312 414 1375 conciones
428 1323 463 1376 ct
484 1313 667 1376 doctrinae
687 1313 903 1377 christianae
926 1313 1093 1376 lectiones
1115 1312 1219 1392 pauci
1234 1328 1314 1375 con·

101 1418 248 1496 ueniunt,
266 1419 395 1498 partim
417 1429 561 1500 propter
583 1422 635 1484 rei
658 1420 852 1484 nouitatem
875 1430 910 1483 ct
927 1419 1165 1515 insolentiam,
1187 1420 1316 1500 partim

93 1523 199 1604 ,quod,
224 1525 321 1588 circa
348 1527 604 1605 agriculturam
627 1528 802 1608 occupati,
826 1527 895 1590 illis
917 1527 1088 1590 interesse
1110 1543 1181 1589 non
1204 1537 1320 1606 potue·

101 1643 183 1694 runt.
200 1631 363 1696 Confessi
374 1645 455 1696 sunt
470 1643 505 1697 et
516 1635 821 1698 communicarunt
834 1633 975 1714 plurimi
987 1633 1081 1698 Maio
1094 1644 1127 1697 et
1144 1634 1319 1714 Augusto;

102 1755 329 1820 necunquam
345 1739 470 1804 desunt
485 1741 544 1822 qui
560 1743 675 1822 parati
691 1741 760 1805 sint
776 1739 947 1804 confiteri:
964 1752 1069 1822 atque
1085 1741 1153 1804 hac
1170 1741 1204 1804 in
1221 1752 1321 1821 parte

102 1847 319 1910 sacerdotum
331 1865 374 1910 ac
387 1849 641 1912 monachorum
652 1849 868 1928 negligentia
881 1848 963 1911 huic
976 1858 1099 1911 nostro
1111 1849 1224 1912 labori
1236 1849 1320 1912 mul·

103 1963 134 2012 ιο
147 1954 340 2032 maximum
356 1953 458 2018 affert
473 1956 508 2018 in
525 1955 666 2019 Christo
681 1957 965 2020 emolumenturn.
1081 1941 1084 1952 ’
1171 1933 1182 1946 ’

155 2059 209 2124 Ad
225 2072 393 2142 aegrotos
407 2063 562 2143 quotidie
576 2063 649 2126 fere
661 2080 842 2139 uocamur;
857 2059 989 2127 inimici
1000 2063 1098 2127 multi
1114 2062 1230 2140 amici,
1246 2062 1321 2127 Deo

103 2165 251 2242 iuuante,
268 2167 353 2232 facti
368 2179 460 2247 sunt,
477 2187 627 2252 quorum
642 2171 711 2234 duo
729 2171 795 2234 uiri
809 2182 911 2234 crant
926 2171 1023 2234 urbis
1038 2169 1182 2235 Xaccae
1195 2171 1320 2251 prima·

104 2274 153 2352 rii;
170 2275 440 2356 xenodochium,
454 2277 489 2339 in
505 2278 664 2340 custodia
678 2277 817 2357 publica
830 2278 960 2341 detenti
972 2295 1120 2359 quoque,
1134 2277 1225 2340 bona
1239 2295 1322 2358 pars

106 2392 180 2445 sunt
197 2392 341 2446 nostrae
355 2382 493 2462 messis;
509 2401 658 2463 quorum
674 2384 826 2464 quinque
841 2402 922 2448 cum
937 2383 982 2447 ad
997 2385 1205 2466 supplicium
1221 2385 1321 2448 duce·

104 2499 229 2568 rentur,
247 2499 369 2554 nostra
385 2509 494 2571 opera
508 2508 578 2553 non
595 2507 720 2569 parurn
732 2491 842 2554 adiuti
858 2501 950 2555 sunt.
968 2490 1070 2554 Vnus
1085 2493 1191 2555 etiam
1207 2509 1250 2554 cx
1266 2492 1321 2554 dc·

103 2597 309 2674 sperationis
324 2598 494 2661 barathro
510 2608 710 2677 reuocatus,
727 2616 807 2662 cum
825 2601 859 2662 in
876 2615 918 2662 ca
935 2610 1026 2662 esset
1042 2599 1192 2676 haeresi,
1210 2609 1247 2664 ut
1263 2615 1323 2678 pu·

104 2712 188 2766 taret
204 2705 360 2768 animam
375 2723 454 2768 cum
470 2723 618 2786 corpore
630 2707 833 2769 desituram.
849 2705 1088 2770 circulatores
1100 2706 1233 2786 aliquot
1246 2706 1323 2787 ipso

105 2809 155 2872 die
170 2808 398 2876 Pentecostcs
421 2813 456 2876 in
473 2810 588 2875 forum
612 2813 829 2894 prodierant,
854 2795 995 2892 populo,
1012 2812 1070 2893 qui
1087 2812 1324 2894 frequentissi-

105 2933 179 2982 mus
193 2931 410 2983 conuenerat
425 2919 534 2982 uerba
550 2919 678 2996 dature
696 2919 754 2981 sed
775 2918 954 2983 effecimus
974 2931 1012 2982 ut
1028 2921 1097 2984 illis
1112 2920 1325 2985 indiceretur

105 3024 273 3090 silentium
291 3045 335 3090 ne
350 3025 441 3088 diem
458 3036 527 3090 tam
546 3037 708 3089 sanctum
723 3027 881 3106 impuriS,
896 3036 933 3089 ut
949 3029 1073 3105 solent,
1089 3027 1234 3090 vocibus
1245 3045 1325 3108 pro·

105 3129 274 3198 fanarent.
292 3132 419 3197 Mulier
433 3134 606 3214 quaedam
622 3133 886 3211 concubinarie,
903 3151 992 3213 quac
1008 3151 1029 3196 a
1046 3134 1154 3197 milite
1167 3135 1236 3213 (cui
1247 3152 1325 3226 sca

105 3239 212 3304 tribus
227 3241 330 3304 annis
345 3235 586 3321 prostituerat)
604 3239 822 3320 profugerat,
839 3247 946 3321 seque
966 3241 1002 3304 in
1022 3241 1089 3304 hac
1108 3242 1196 3305 urbe
1218 3242 1326 3305 omni·

106 3345 166 3409 bus
181 3346 236 3411 sui
251 3348 391 3428 copiam
406 3346 581 3411 facturam
596 3357 791 3428 receperat,
808 3347 921 3424 militi,
935 3348 995 3427 qui
1011 3349 1080 3412 huc
1095 3349 1254 3412 camdem
1271 3351 1327 3414 uel

106 3467 220 3518 secum
235 3454 448 3519 reducturus
462 3455 519 3518 uel
534 3453 783 3518 interfecturus
798 3466 957 3529 venerat,
981 3455 1210 3518 reconciliata
1225 3465 1278 3518 est
1293 3464 1327 3518 et

106 3560 251 3639 reddita,
266 3578 338 3624 non
361 3561 436 3624 sine
451 3561 607 3640 foenore;
629 3577 712 3624 nam
730 3561 987 3626 concubinatus
1007 3562 1043 3624 in
1063 3578 1186 3624 uerum
1207 3560 1327 3625 matri·

108 3668 258 3732 monium
283 3684 409 3731 uersus
431 3676 495 3731 est:
522 3677 556 3730 et
580 3678 728 3749 uterque
753 3667 946 3748 confessus,
975 3668 1196 3747 superiorum
1221 3685 1328 3732 anno·

107 3789 180 3838 rum
195 3776 318 3855 culpas
332 3774 546 3854 poenitentia
562 3775 708 3838 salutari
724 3775 835 3840 diluit.
849 3773 951 3840 Duae
965 3775 1124 3855 virgines
1135 3775 1277 3840 Christo
1289 3792 1328 3838 se

107 3893 315 3946 consecrare
329 3889 540 3946 statuerunt:
553 3883 672 3962 plures
683 3882 775 3946 idem
790 3891 891 3945 erant
905 3881 1076 3962 facturae,
1090 3883 1159 3947 nisi
1173 3901 1329 3965 aparen-

108 3987 208 4068 tibus,
224 3989 334 4053 inuite
349 3988 607 4070 quodammodo
624 4006 666 4053 ac
682 3999 817 4068 coacte,
834 3991 921 4054 uiris
936 4000 1056 4054 essent
1069 3991 1232 4056 traditae.

162 4093 235 4160 Iam
251 4096 364 4160 bonus
385 4096 489 4159 huius
504 4094 652 4177 Collegii
671 4096 758 4161 odor
773 4097 819 4160 ad
839 4097 975 4161 uicinas
997 4099 1103 4162 urbes
1122 4115 1160 4163 se
1180 4097 1328 4178 diffudit,

107 4211 142 4264 ut
156 4200 291 4282 Xacca‚
307 4203 401 4266 inter
415 4205 627 4284 praecipuas
638 4201 780 4268 Siciliae
796 4203 901 4268 urbes
916 4206 1148 4285 numeranda,
1161 4205 1205 4270 de
1221 4205 1331 4270 Colle·

106 4307 163 4388 gio
178 4309 366 4396 societatis
382 4311 578 4374 extruendo
594 4312 738 4391 cogitet,
756 4329 798 4374 ac
814 4311 955 4392 saepius
970 4329 1011 4375 ea
1028 4311 1070 4378 dc
1092 4330 1131 4377 re
1146 4313 1332 4378 nobiscum

107 4417 227 4494 egerit.
244 4416 335 4498 Quid
352 4427 537 4498 praeterea
550 4418 665 4482 dicam
681 4419 812 4493 nescio,
828 4419 897 4482 nisi
915 4419 1056 4483 ueniam
1077 4437 1173 4484 orem
1193 4430 1266 4484 tam
1281 4421 1333 4485 in·

107 4521 282 4590 fructuose
296 4525 471 4590 transacti
493 4526 672 4606 temporis.
697 4524 871 4590 Dabimus
887 4538 1005 4592 autem
1021 4544 1178 4607 operam,
1195 4538 1233 4592 ut
1255 4547 1333 4610 pro·

107 4645 230 4708 gressu
244 4632 415 4714 temporis
430 4633 606 4697 sarciatur
621 4633 789 4715 quicquid
801 4633 974 4697 hactenus
989 4651 1031 4698 ea
1046 4635 1081 4698 in
1097 4645 1199 4715 parte
1211 4653 1333 4717 pecca·

108 4745 180 4803 tum
192 4749 255 4820 cst3
269 4741 314 4806 ad
327 4737 422 4822 quod
434 4741 634 4804 orationum
646 4751 786 4806 tuarum
800 4751 1092 4822 caeterorumque
1105 4760 1334 4810 romanorum
