3472 5528
397 503 451 580 Μ
771 503 942 580 [tirenum
960 521 1234 589 udanaluustads

401 665 567 746 “propter
581 664 666 745 quid
680 665 815 746 (inquit)
831 666 999 746 cogitatis
1014 665 1195 730 Christum
1215 665 1262 730 ad
1285 665 1464 730 desertum
1482 659 1626 742 exiisse,

398 773 465 836 nisi
481 772 526 835 ad
533 771 745 852 sarriendum
759 773 945 837 exercitia?
960 791 1030 838 non
1046 775 1128 855 quia
1144 774 1212 838 illis
1225 773 1422 853 indigebat,
1436 773 1501 838 aed
1514 783 1554 838 ut
1567 790 1629 860 ¹¹⁰7

397 879 451 942 bis
467 879 603 960 (inquit)
619 882 819 960 exemplum
834 881 1046 962 relinqueret
1062 881 1108 945 ad
1121 879 1226 944 allum
1242 879 1467 944 imitandum:
1492 880 1628 946 exerei-

397 987 446 1050 tia
460 988 554 1050 enim
570 988 658 1051 haec
673 1004 745 1050 non
760 994 846 1051 sunt
861 1003 956 1050 nova
969 987 1163 1066 druentia„
1176 987 1311 1051 Diebus
1321 987 1484 1068 proxime
1495 988 1628 1068 elapsis

396 1093 444 1157 ita
459 1093 669 1172 infirmatus
683 1100 750 1173 est,
766 1106 803 1158 vt
818 1096 861 1159 de
874 1093 976 1157 illius
988 1097 1100 1159 salute
1112 1096 1306 1173 timeretur,
1320 1093 1486 1174 Patrique
1498 1103 1625 1165 nostro

396 1200 611 1264 Prouinciali
629 1202 842 1281 generaliter
863 1200 1047 1266 confessus
1071 1213 1141 1281 est;
1162 1209 1196 1265 et
1219 1212 1359 1282 praeter
1379 1200 1627 1276 eleemosinae..

396 1324 484 1388 quas
499 1307 574 1388 ipse
588 1305 790 1388 frequenter
805 1309 1034 1389 largiebatur,
1051 1310 1198 1372 multum
1213 1308 1445 1388 pecuniarum
1459 1308 1627 1387 pauperi·

395 1415 460 1478 bus
477 1415 623 1496 aliisque
638 1416 705 1496 piis
720 1417 885 1498 operibus
901 1415 1092 1492 distribuit,
1109 1425 1148 1480 vt
1162 1415 1239 1480 sine
1259 1415 1391 1480 diuitiis
1411 1427 1624 1479 moreretur.

395 1520 543 1586 Praeses
558 1523 701 1603 insuper
715 1525 818 1588 buius
833 1523 901 1586 lori
915 1523 1018 1602 Regii
1034 1523 1041 1554 ¹
1058 1539 1124 1586 nos
1139 1539 1270 1602 magno
1285 1523 1512 1604 prosequitur
1529 1538 1626 1590 amo·

395 1646 444 1692 re.
461 1627 652 1710 Speremus
668 1630 705 1694 in
718 1629 872 1694 Domino
891 1631 994 1694 huius
1017 1629 1114 1694 urbis
1132 1630 1322 1708 collegium
1341 1629 1508 1694 eximium
1521 1617 1627 1693 'sutu-

394 1752 493 1816 rum,
521 1738 556 1800 in
581 1755 650 1819 quo
675 1736 836 1802 Creatori
861 1747 896 1802 et
921 1736 1148 1818 Redemptori
1172 1747 1294 1800 nostro
1315 1735 1487 1815 urgenter
1510 1735 1627 1798 inser-

395 1842 531 1907 oriatur.

453 1939 549 2015 Infra
573 1961 739 2016 octauam
763 1951 922 2016 Paschae
946 1951 993 2014 ad
1018 1950 1181 2029 domum,
1208 1966 1300 2030 quae
1329 1949 1506 2014 conducta
1530 1961 1623 2029 erat,

393 2059 633 2138 transiuimus,
650 2058 857 2122 ubt'iactum
878 2068 932 2122 est
950 2048 1128 2139 quoddam
1148 2057 1333 2136 sacellum,
1354 2057 1414 2120 ubi
1437 2058 1625 2122 commode

392 2165 503 2244 possit
518 2166 701 2244 celebrari,
718 2178 860 2230 seruata
877 2176 1081 2230 nostrorum
1103 2166 1280 2228 clausura.

453 2271 589 2352 Quarto
605 2272 683 2337 idus
699 2273 833 2354 Aprilis
848 2269 1028 2354 proiectus
1043 2281 1097 2336 est
1117 2271 1222 2335 Pater
1242 2269 1476 2334 Prouincialis
1496 2271 1543 2335 ad
1562 2289 1624 2352 op-

393 2377 513 2458 pidum
541 2379 754 2460 Marchena,
784 2381 842 2444 ubi
867 2379 1046 2461 quoddam
1070 2379 1288 2442 construitur
1314 2379 1514 2458 collegium,
1540 2377 1625 2442 inde

391 2486 593 2551 Cordubam
609 2487 843 2568 profecturus
861 2497 899 2550 vt
915 2504 986 2566 eos,
1002 2487 1062 2568 qui
1077 2497 1159 2550 sunt
1174 2486 1210 2550 in
1226 2485 1450 2566 probatione,
1467 2485 1514 2549 ad
1528 2485 1623 2550 banc

397 2593 518 2658 vrbem
532 2595 751 2674 transferret,
773 2605 846 2660 tum
866 2595 948 2676 quia
967 2593 1208 2673 eleemosiniS,
1224 2610 1315 2674 quae
1336 2592 1394 2656 hic
1413 2591 1621 2670 offerentur,

394 2710 558 2782 poterunt
573 2702 784 2767 sufficienter
798 2701 925 2782 fulciri,
942 2712 1016 2765 tum
1028 2702 1135 2764 etiam
1147 2709 1291 2781 propter
1302 2700 1406 2764 buius
1418 2700 1517 2764 urbis
1527 2717 1624 2766 com·

393 2806 592 2874 moditates.
1619 2868 1623 2872 .

450 2915 528 2979 Hac
560 2916 782 2981 hebdomada
809 2918 918 2981 alium
943 2915 1105 2980 iuuenem
1127 2914 1334 2994 theologum
1357 2914 1472 2978 bonae
1492 2914 1622 2980 indolis

391 3023 592 3103 accepimus
608 3024 654 3087 ad
669 3025 852 3099 exercitia,
870 3025 1014 3088 ductum
1033 3021 1304 3103 Archiepiscopi
1320 3021 1479 3087 consilio.

450 3130 549 3194 Haec
564 3143 659 3211 sunt,
675 3149 766 3213 quae
787 3131 826 3193 in
846 3130 914 3194 hoc
937 3129 1188 3212 quadrimestri
1208 3127 1308 3192 Deus
1323 3128 1483 3208 optimus
1503 3131 1619 3193 maxi·

389 3253 537 3317 musque
556 3238 593 3300 t'n
611 3237 677 3300 hac
696 3239 782 3302 urbe
799 3238 948 3319 operari
963 3237 1141 3316 dtgttatus
1159 3241 1232 3314 est,
1251 3241 1392 3315 ecquae
1410 3236 1514 3300 nobis
1535 3239 1620 3300 scri·

390 3325 503 3408 banda
515 3345 740 3424 offeruntur.
757 3345 943 3424 Reliquum
957 3355 1021 3422 est,
1036 3351 1073 3405 ut
1085 3343 1149 3406 bos
1160 3353 1239 3406 tuos
1250 3341 1376 3407 liliolos
1387 3343 1424 3406 in
1434 3341 1621 3407 sacrificiis

389 3463 423 3516 et
439 3452 658 3516 orationibus
669 3451 822 3516 Domino
834 3449 1074 3528 commendes,
1090 3459 1126 3512 vt
1142 3449 1217 3530 ipse
1232 3465 1333 3512 suam
1344 3450 1447 3514 nobis
1461 3450 1618 3529 gratiam

389 3559 575 3639 largiatur,
591 3570 630 3623 vt
645 3559 680 3621 in
695 3558 818 3622 fauore
833 3575 914 3622 cum
930 3557 1124 3622 humilitate
1144 3555 1323 3634 conlundi,
1350 3567 1384 3618 et
1406 3556 1442 3618 in
1463 3566 1617 3622 contem·

392 3679 453 3747 ptu
474 3666 848 3746 tribulationibusque,
866 3665 1045 3745 possimus
1069 3665 1105 3726 in
1130 3661 1283 3728 Domino
1308 3663 1483 3743 gaudere,
1507 3675 1545 3728 vt
1569 3665 1616 3730 itu

386 3790 487 3838 suam
503 3775 696 3838 sentiamus
711 3773 973 3837 sanctissimam
988 3773 1218 3850 voluntatem,
1235 3769 1321 3834 etin
1335 3771 1499 3836 omnibus
1519 3770 1617 3836 illam

386 3880 542 3961 perfecte
556 3881 823 3962 adimpleamus.

445 3987 637 4066 Granatae,
654 3987 766 4069 pridie
782 3986 958 4050 Calendas
974 3984 1068 4064 Maii,
1086 4001 1179 4050 anno
1194 3984 1501 4065 sesquimilles'uno
1515 3988 1612 4067 quin·

386 4096 594 4176 quagesima
610 4105 723 4158 sexto.

443 4201 497 4266 Ex
512 4201 761 4268 commissione
776 4200 893 4264 Patris
908 4199 1041 4264 Basilii.

542 4308 639 4372 Tuus
655 4307 821 4372 minimus
835 4306 928 4371 filius
944 4307 979 4370 in
993 4304 1161 4386 Domino,

1227 4523 1248 4596 †
1270 4519 1368 4586 Ru1z.
1393 4523 1414 4597 †

385 4681 595 4694 ———

426 4769 432 4796 ¹
461 4763 601 4809 Abulentis
611 4763 764 4818 Episcopus,
775 4763 888 4809 Didacuu
900 4769 930 4810 dc
942 4767 1029 4810 Alata
1040 4773 1065 4808 ct
1078 4764 1171 4820 Esquit
1179 4767 1209 4812 el.
