3578 5534
707 521 772 582 Aa.
794 521 864 582 1556
1367 523 1405 582 67

231 664 416 730 Hactenus
430 685 502 731 non
515 667 615 748 potui
630 668 775 730 multum
791 666 974 730 audiendis
994 664 1275 731 confessionibus
1296 675 1404 732 occu'·

163 775 264 854 pari,
285 775 417 854 partim
439 776 485 836 ob
506 773 696 837 conciones
716 773 951 853 quotidianas
973 773 1103 854 partim
1125 773 1220 854 quod
1243 774 1401 839 nondum

163 889 301 945 exacte
315 881 454 944 rudium
468 880 600 944 idioma
616 879 818 960 percipiam.
835 879 969 944 Diebus
984 880 1169 944 dominicis
1184 888 1219 944 et
1232 879 1346 960 festis,
1361 881 1398 946 in

165 987 355 1068 parochiis
369 988 515 1052 huiusce
530 987 697 1066 ciuitatis
713 987 919 1050 concionem
937 987 1052 1051 habeo
1073 1004 1154 1051 cum
1175 996 1275 1051 tanta
1300 988 1403 1052 audi-

165 1106 291 1160 torum
308 1095 567 1174 satisfactione,
579 1104 617 1157 vt
636 1093 808 1158 Consules
826 1093 1084 1158 Issiodorenses
1104 1113 1126 1157 a
1144 1093 1298 1158 Domino
1317 1093 1403 1176 Epi·

164 1219 283 1284 scopo
300 1203 533 1282 impetrarint,
549 1211 589 1265 vt
603 1201 930 1282 quadragesimales
945 1201 1134 1265 conciones
1149 1201 1217 1264 hae
1236 1203 1401 1283 proxima

162 1307 460 1388 Quadragesima
474 1309 511 1372 in
527 1309 657 1389 oppido
671 1305 903 1371 Issiodorensi
920 1305 929 1339 ¹
944 1324 1126 1388 peragam,
1142 1325 1291 1388 quorum
1307 1310 1402 1373 votis

163 1416 299 1480 annuit
324 1415 537 1498 Episcopus,
563 1414 757 1479 decernens
782 1414 867 1478 mihi
891 1413 1048 1478 sodalem
1069 1413 1215 1478 fratrem
1237 1425 1399 1482 nostrum

168 1521 295 1586 Merum
314 1521 458 1587 Petrum
473 1521 627 1586 Canalis
644 1523 822 1603 Expetunt
837 1521 944 1584 etiam
959 1520 1190 1585 Biliomenses
1205 1532 1244 1585 vt
1258 1522 1315 1588 die
1335 1521 1400 1587 Pu·

170 1627 385 1693 rificationis
406 1629 496 1694 sesto
517 1630 722 1694 concionari
741 1628 848 1692 velim
868 1627 962 1709 apud
981 1645 1030 1692 se.
1053 1626 1259 1692 Reuerende
1280 1627 1397 1709 Pater,

172 1736 305 1800 mirum
319 1746 373 1799 est
388 1753 495 1816 quam
509 1735 672 1816 experior
687 1735 906 1800 obedientiae
921 1745 1067 1798 sanctae
1088 1735 1269 1815 virtutem,
1290 1735 1342 1799 ita
1359 1747 1399 1800 vt

163 1859 319 1906 omnem
333 1859 432 1922 spem
448 1841 646 1922 concipiam
659 1859 715 1905 me
729 1842 838 1922 probe
852 1841 1070 1905 ecclesiastis
1084 1858 1229 1906 munere
1244 1842 1325 1922 (nisi
1341 1843 1399 1906 ob·

165 1949 305 2012 stiterit
330 1949 549 2028 ingratitudo
574 1951 663 2024 mea)
689 1949 893 2012 functurum
916 1949 1165 2028 inposterum.
1192 1947 1400 2015 Reuerende

172 2055 292 2134 Pater,
311 2057 381 2120 tuis
395 2055 628 2120 sanctissimis
642 2055 805 2136 precibus
818 2057 926 2120 talem
946 2072 968 2117 a
987 2055 1088 2120 nobis
1109 2067 1231 2120 auerte
1249 2067 1397 2138 pestem.

173 2161 308 2227 Retulit
324 2163 495 2242 magister
510 2161 634 2226 Petrus
649 2160 838 2226 Dominum
852 2160 1067 2242 Episcopum
1080 2161 1202 2226 literas
1222 2161 1267 2226 ad
1286 2162 1401 2228 Tuam

170 2267 423 2334 Reuerendam
438 2268 691 2332 paternitatem
706 2267 914 2348 destinasse,
932 2268 1057 2348 quibus
1072 2270 1228 2348 postulat
1247 2278 1402 2351 quatuor

170 2378 306 2441 fratres
321 2376 467 2441 inomni
481 2375 709 2439 scientiarum
723 2391 854 2454 genere
870 2375 977 2455 probe
992 2385 1155 2438 versatos
1167 2375 1214 2439 ad
1223 2375 1404 2440 instruen-

162 2485 261 2548 dum
285 2484 496 2548 Biliomense
521 2481 717 2561 Collegium
742 2480 764 2544 ¹.
791 2479 940 2545 Centum
958 2498 1099 2563 quoque
1119 2491 1308 2546 coronatos
1331 2502 1397 2566 pro

162 2593 309 2656 viatico
324 2590 442 2655 mittit.

236 2697 449 2763 Benedictus
462 2696 636 2760 Dominus
651 2694 749 2758 Deus
763 2712 903 2776 semper
916 2695 953 2758 in
968 2697 1141 2776 omnibus
1159 2697 1261 2763 cuius
1275 2697 1400 2779 depre-

162 2823 239 2869 cor
249 2803 517 2884 benignitatem,
527 2813 567 2866 vt
578 2810 659 2882 post
670 2811 798 2880 tantoS,
812 2819 903 2884 quos
913 2802 1076 2880 sustines
1090 2803 1287 2866 exhaustos
1299 2805 1400 2870 labo-

166 2929 244 2990 res,
261 2927 433 2976 coronam
444 2908 601 2990 justitiae
616 2910 810 2973 retribuere
826 2909 1004 2989 dignetur.

234 3019 289 3082 Ex
303 3015 542 3094 Claromonte,
560 3016 821 3096 decimoquinto
836 3016 997 3099 Januarii
1016 3016 1092 3080 1555
1108 3016 1130 3078 ³.
1295 3101 1297 3104 Ι

528 3123 759 3188 Reuerendae
772 3133 854 3188 tuae
869 3123 1096 3188 Paternitatis
1111 3125 1278 3206 indignus
1292 3126 1397 3207 filius,

857 3337 1089 3403 Hmaouunus
1110 3341 1241 3406 Lepas.

235 3657 504 3740 Superscrtptio
519 3658 558 3720 t'n
573 3663 704 3737 quarta
722 3657 882 3736 pagina:
901 3655 981 3719 R.⁶0
1001 3658 1037 3720 in
1059 3657 1155 3722 Ch.r⁰
1177 3658 1287 3740 Patri,
1314 3661 1396 3724 D.¹¹⁰

161 3763 313 3846 ignatio
329 3767 373 3830 de
388 3765 537 3846 Loyola,
551 3763 758 3845 Praeposito
769 3764 935 3844 Generali
945 3763 1131 3829 Societatis
1141 3765 1237 3848 Jesu.
1252 3765 1399 3834 Romae.

236 3872 321 3936 Alia
335 3889 467 3936 manu:
482 3871 628 3952 Quadri.
645 3870 862 3935 Claramont.
883 3870 970 3950 1555,
990 3871 1027 3934 15
1041 3871 1144 3954 Janu.
1161 3872 1204 3952 Q.
1225 3873 1271 3938 V.

219 4117 227 4146 1
253 4113 357 4166 Incite,
368 4125 435 4168 quae
444 4113 532 4169 patrie
542 4117 601 4157 erat
610 4111 740 4168 Eplucopo
751 4112 962 4158 claromontano.

213 4186 226 4218 ¹
253 4187 322 4230 Vide
334 4185 447 4229 Ponam
458 4183 611 4236 chronicon,
621 4191 640 4229 t.
652 4195 678 4238 v,
688 4196 748 4239 pag.
758 4185 806 4238 318,
817 4192 905 4230 annot.
919 4187 939 4230 1.

211 4259 223 4292 ⁸
251 4257 305 4308 Sic.
314 4269 393 4310 more,
404 4257 481 4310 gallis
492 4263 552 4300 tnnc
562 4257 588 4301 ln
598 4268 655 4310 usu,
666 4264 761 4300 annum
775 4257 939 4311 computandi
953 4269 1003 4302 non
1014 4270 1030 4303 a
1045 4259 1111 4304 festo
1127 4259 1347 4319 Clrcnmclslonis,
1360 4269 1405 4312 sed

162 4340 188 4375 ι
197 4329 333 4375 Pascbate
344 4327 560 4372 Resurrectionio.
572 4327 638 4372 Vide
649 4338 736 4382 snpra.
748 4335 764 4371 t.
778 4339 794 4380 1,
805 4339 867 4383 pag.
877 4328 917 4372 511
928 4335 954 4372 et
964 4330 1011 4384 513,
1021 4338 1108 4376 annot.
1122 4333 1144 4378 1.
