3578 5534
738 540 901 602 11111511
974 505 978 514 ’
1395 527 1432 601 it

197 687 350 766 soriuer,
364 685 517 790 essendo
531 704 616 752 cosa
631 689 736 752 solita
752 687 916 752 ouuhehe
926 700 968 751 se
987 695 1131 752 retroue
1145 689 1180 751 la
1196 682 1429 768 comparata.

197 793 394 874 Quantolu
408 803 513 875 grata
528 796 562 858 la
577 797 801 860 uenutaloro
816 794 1033 859 si-dimostro
1044 795 1080 858 in
1093 793 1219 876 quello,
1232 794 1299 858 che
1314 795 1432 858 subito

195 902 312 980 giomi
325 902 464 981 furono,
481 902 679 966 mandorno
693 903 717 966 li
742 901 884 983 Signori
908 903 941 966 la
963 901 1102 966 trumba
1125 919 1188 984 per
1203 905 1237 966 la
1252 910 1348 966 terra
1364 901 1432 966 che

196 1010 359 1073 auisasse
374 1009 398 1073 il
413 1011 543 1090 populo
558 1008 650 1072 della
669 1017 801 1073 venula
825 1011 902 1073 loro
917 1018 951 1072 et
975 1009 997 1072 l'
1015 1009 1203 1072 essortassi
1229 1027 1250 1072 a
1270 1008 1431 1073 rendersi

196 1117 326 1194 orento
345 1117 413 1179 alle
428 1115 617 1196 predlcher
634 1115 847 1180 confessioni
860 1125 928 1179 etc.
950 1114 997 1179 Al
1019 1118 1172 1180 ritornar
1191 1118 1268 1180 loro
1287 1115 1337 1197 gli
1356 1119 1417 1180 vol

195 1222 304 1285 serui
319 1219 446 1302 Sign.ri
463 1221 518 1287 sar
534 1223 747 1304 compagnia
762 1221 864 1286 luora
879 1221 971 1285 della
996 1231 1092 1287 terra
1109 1223 1174 1287 sin’
1203 1241 1224 1286 a
1249 1233 1348 1287 tanto
1371 1241 1429 1286 ve·

188 1329 345 1392 desueto
359 1337 485 1410 questa
501 1340 604 1394 santa
620 1335 717 1394 casa.

256 1435 296 1499 ln
321 1437 463 1517 Cinguli
487 1447 525 1501 et
548 1435 815 1502 Castellhcardo
841 1454 954 1503 sonno
975 1437 1088 1502 anche
1113 1439 1197 1502 stati
1224 1440 1313 1502 altra
1329 1440 1429 1501 volta

193 1543 357 1624 alquanti
371 1545 489 1624 giomi
505 1560 573 1607 con
588 1543 680 1608 simil
693 1544 813 1608 lrutto.
829 1545 869 1610 111
883 1545 1070 1622 Anchona,
1094 1544 1261 1624 avengha
1279 1561 1352 1608 non
1367 1561 1427 1608 an·

195 1649 297 1713 drussi
312 1667 375 1731 per
390 1652 440 1713 tal
465 1650 596 1730 efferto,
621 1650 834 1731 sappendosi
859 1657 944 1732 pero
960 1654 993 1715 la
1015 1652 1086 1714 mia
1102 1660 1244 1730 uenuta,
1263 1651 1379 1714 subito
1397 1652 1425 1715 si

190 1771 448 1838 congregorno
464 1759 570 1822 molte
584 1773 735 1838 persone
751 1759 871 1822 diuote
893 1759 929 1822 in
945 1775 1017 1822 vna
1036 1758 1158 1822 chiesa
1178 1757 1430 1823 mandandomi

192 1877 269 1927 vno
284 1865 352 1927 che
364 1865 412 1928 mi
435 1865 604 1945 preghasl
618 1866 669 1944 gli
684 1865 828 1930 andassi
853 1863 930 1928 fare
956 1865 1106 1944 qualche
1131 1865 1428 1944 raggionamento

192 1971 381 2049 spirituale
395 1980 431 2033 et
450 1972 537 2035 dare
555 1971 705 2051 qualche
721 1973 838 2035 buona
853 1971 1071 2034 institutione
1086 1971 1179 2035 della
1194 1971 1270 2035 vita
1292 1973 1381 2049 loro,
1404 1973 1428 2035 il

193 2077 263 2140 che
277 2078 308 2140 si
322 2077 399 2140 fece
415 2095 482 2141 con
497 2076 620 2141 fauore
634 2076 669 2140 di
685 2089 807 2140 nostro
823 2075 973 2156 Signore
989 2085 1023 2140 et
1038 2077 1074 2140 su
1090 2079 1267 2158 caggione
1282 2077 1318 2141 di
1339 2079 1427 2141 altre

192 2183 313 2247 buone
337 2202 455 2265 opere.
482 2183 615 2264 Questo
637 2183 673 2247 la
689 2185 722 2246 la
746 2184 882 2262 grande
908 2184 1072 2264 opinione
1098 2184 1165 2248 che
1190 2186 1281 2248 tiene
1304 2196 1428 2265 questa

192 2289 344 2353 Marcha
360 2291 451 2353 della
467 2291 700 2370 compagum,
717 2291 807 2354 onde
818 2291 864 2354 da
880 2291 978 2354 molti
994 2291 1116 2370 luoghi
1132 2291 1245 2354 siamo
1260 2291 1426 2355 ricereati

183 2395 241 2460 'da
255 2397 421 2475 visitarli‚
438 2397 605 2461 etiamdio
620 2399 763 2461 lontano
779 2398 824 2461 da
834 2396 875 2460 20
886 2408 921 2461 et
934 2395 975 2460 30
987 2399 1119 2477 miglia,
1134 2397 1164 2460 si
1176 2414 1275 2461 come
1293 2395 1426 2468 Ascoli‚

194 2503 322 2582 Offido,
340 2504 457 2584 Giese‚
475 2501 548 2568 San
567 2504 748 2582 Seuerln0,
775 2505 972 2582 Tolentin0‚
998 2505 1137 2580 Fermo‚
1163 2515 1229 2568 etc.
1255 2505 1315 2568 alli
1330 2507 1427 2585 quali

192 2627 261 2690 per
281 2611 305 2674 il
327 2623 473 2691 passato
498 2630 569 2675 non
594 2616 621 2675 s'
646 2619 665 2675 e
691 2623 812 2693 poturo
833 2612 1006 2676 sodissare
1026 2629 1088 2693 per
1109 2611 1371 2675 manchamenti
1392 2612 1429 2675 di

191 2719 362 2799 operarii.
380 2717 438 2782 Ma
453 2718 542 2782 hora
556 2720 623 2782 che
637 2721 665 2782 s'
682 2725 701 2782 e
716 2718 871 2798 degnata
886 2721 920 2782 la
936 2718 977 2782 R.
996 2719 1033 2782 P.
1047 2718 1092 2782 V.
1107 2720 1354 2798 augmentarli,
1372 2737 1427 2782 so·

190 2825 388 2890 dislaremo
403 2827 461 2888 col
476 2835 595 2906 tempo
607 2827 667 2889 alli
683 2827 775 2890 santi
790 2827 956 2890 desiderii
971 2828 1059 2890 loro.

259 2932 424 3010 Alchuni,
440 2950 511 2995 non
525 2931 678 3013 potendo
694 2934 886 2998 altrimenti
902 2933 1034 3012 godere
1050 2936 1082 2998 la
1099 2933 1332 3014 compagnia,
1356 2952 1426 3013 qua

189 3057 363 3121 vengono
378 3059 399 3104 a
415 3051 517 3120 posta
532 3040 764 3104 domandarci
779 3043 960 3120 conseglio
974 3051 1008 3104 et
1020 3041 1167 3122 aggiuto
1181 3041 1374 3122 spirituale3
1391 3051 1428 3104 et

188 3156 492 3225 communmente,
509 3147 651 3228 quando
666 3147 858 3211 ritrouansi
874 3147 1044 3211 affannati
1060 3159 1094 3211 er
1109 3148 1222 3211 afflitti
1242 3148 1277 3211 di
1292 3149 1374 3229 qual
1396 3151 1427 3210 si

188 3254 316 3333 uoglia
332 3271 417 3317 cosa
432 3254 465 3316 d'
479 3254 712 3334 importatum,
728 3271 893 3334 vengono
909 3236 934 3317 o
945 3255 1122 3319 mandano
1135 3256 1299 3336 pregarci
1310 3257 1333 3318 li
1349 3272 1426 3318 rae-

186 3359 443 3450 comandiamo
459 3362 493 3423 al
514 3359 664 3440 Signore
681 3378 748 3424 con
765 3370 863 3424 tanto
887 3361 1006 3425 affetto
1025 3362 1091 3426 che
1112 3363 1193 3442 pala
1215 3363 1290 3426 loro
1313 3366 1426 3425 salute

186 3467 356 3548 depende
383 3468 477 3531 dalla
497 3468 659 3531 oratione
678 3468 721 3531 de
736 3477 855 3531 nostre
869 3469 970 3546 (se'c),·
989 3479 1024 3533 et
1036 3481 1158 3550 questo
1171 3471 1201 3532 si
1213 3469 1248 3532 fa
1263 3470 1308 3532 da
1324 3467 1423 3550 Sig.ri

186 3573 339 3652 Prelati,
356 3590 457 3637 come
473 3575 506 3637 d'
523 3575 615 3651 altri,
639 3575 763 3638 chene
785 3576 830 3638 da
852 3591 944 3655 gran
968 3578 1118 3639 materia
1144 3577 1176 3640 d'
1199 3577 1425 3654 humigliarci

189 3682 276 3744 anzi
301 3692 337 3744 et
363 3680 612 3755 confonderci,
635 3681 785 3745 essendo
813 3690 912 3744 tanta
938 3683 972 3744 la
998 3682 1163 3762 opinione
1191 3683 1225 3745 di
1250 3684 1309 3745 noi
1333 3684 1424 3745 nella

187 3797 313 3868 gente,
330 3805 401 3851 non
417 3788 579 3850 obstante
593 3797 713 3851 nostre
728 3789 954 3868 negligentie:
975 3791 1038 3852 sed
1057 3809 1079 3851 a
1103 3789 1256 3852 Domino
1274 3790 1421 3866 sactum

189 3901 251 3958 est
264 3895 366 3957 istud
379 3899 413 3957 et
430 3900 484 3956 est
500 3893 661 3956 mirabile
677 3894 715 3956 r'n
736 3895 851 3958 oculis
870 3896 1019 3959 nustria

254 3999 381 4081 Questi
396 4002 431 4065 dl
446 4017 603 4064 venneto
628 3999 669 4063 40
693 4001 839 4065 discosti
865 4003 924 4083 piu
949 4001 1048 4065 (1130
1074 4003 1195 4082 miglia
1221 4021 1285 4083 per
1305 4021 1426 4066 conse·

184 4107 640 4188 crassianacmpagnia,
658 4109 753 4171 trah
776 4111 869 4189 quali
889 4111 948 4173 era
971 4127 1040 4172 vno
1060 4110 1236 4173 monacho
1257 4111 1424 4173 mandato

183 4216 237 4281 da
250 4215 273 4278 3
287 4233 310 4278 o
324 4214 345 4276 4
359 4216 439 4278 altri
455 4216 532 4277 suoi
545 4215 735 4295 compagni
747 4232 809 4295 per
821 4215 951 4278 vedere
963 4216 993 4278 si
1006 4224 1189 4296 potessero
1202 4218 1314 4280 anche
1327 4235 1425 4281 esser

184 4321 370 4398 riceuuttl
386 4329 421 4384 et
436 4321 675 4384 ritrouandosi
695 4337 762 4384 con
785 4325 843 4384 vn’
865 4324 955 4385 altro
975 4322 1140 4402 inhabile,
1161 4323 1295 4387 ritorno
1316 4327 1425 4387 molto

183 4431 414 4506 sconsolato,
440 4444 512 4490 non
538 4445 645 4521 senza
670 4433 755 4507 pero
776 4428 887 4492 frutto
914 4429 1113 4510 spirituale;
1139 4429 1161 4492 l’
1184 4447 1253 4493 nno
1270 4430 1350 4494 farti
1374 4433 1423 4510 gl·

184 4535 368 4600 essercitii
382 4541 401 4597 e
418 4534 577 4612 risoluto,
593 4543 628 4597 et
643 4539 662 4596 e
677 4535 806 4612 dottor,
820 4535 863 4598 de
877 4535 918 4598 29
933 4535 1027 4612 anni,
1049 4537 1144 4600 buon
1164 4537 1376 4618 philosopho
1392 4549 1427 4601 et

184 4641 235 4706 de
249 4641 370 4705 buone
384 4649 496 4721 parte.
513 4640 541 4704 Il
556 4650 683 4721 quarto
700 4647 719 4704 e
734 4641 907 4704 ritornato
923 4651 1013 4705 tutto
1029 4643 1210 4722 resignato
1230 4645 1264 4707 al
1279 4644 1427 4707 seruitio

185 4751 251 4816 del
265 4748 374 4829 Sig.re
389 4765 450 4830 per
465 4747 626 4827 disporre
641 4747 730 4812 delle
745 4765 827 4812 cose
843 4765 905 4813 sne
920 4755 985 4813 ete
1000 4750 1116 4813 ancho
1128 4749 1175 4813 lui
1188 4751 1375 4815 sacerdote
1391 4750 1427 4814 di
