3504 5532
404 547 456 608 190
787 547 958 608 errneats
977 562 1247 614 conumeratus

462 694 583 776 Neque
598 711 684 758 sane
699 693 865 774 vulgares
880 705 961 759 sunt
975 713 1098 760 eorum
1112 695 1148 760 in
1163 695 1281 760 literis·
1296 709 1518 776 progressus,
1544 709 1628 774 quo·
1730 753 1731 762 ,

403 820 481 866 rum
497 802 634 866 fructus
649 804 755 882 longe
770 811 939 883 superant
953 803 1105 880 labores,
1121 805 1285 884 quamuis
1299 802 1390 867 adeo
1402 801 1545 866 assidua
1558 801 1628 864 sint

403 927 527 975 eorum
541 909 670 988 studia,
689 921 726 973 vt
741 910 803 974 vix
818 919 1035 974 momentum
1050 909 1179 990 effluat,
1196 910 1240 975 de
1254 927 1324 992 quo
1336 909 1628 974 rationem'facile

403 1018 490 1082 dare
504 1035 576 1081 non
587 1019 740 1080 valeant.
754 1015 846 1082 Nam
856 1035 937 1082 curn
948 1018 1037 1082 hora
1049 1027 1175 1099 quarta
1188 1015 1197 1048 ¹
1210 1027 1360 1098 surgant
1373 1033 1507 1094 omnes,
1521 1015 1629 1080 diem·
1731 1035 1732 1038 ¹

402 1142 472 1206 que
487 1142 529 1189 ac
544 1125 683 1189 labores
697 1141 781 1188 suos
796 1124 910 1188 sacris
931 1126 1150 1189 orationibus
1172 1125 1351 1204 inchoent,
1375 1123 1436 1205 qui
1458 1123 1628 1204 politiori·

403 1233 470 1297 bus
485 1241 545 1296 aut
560 1231 804 1313 philosophiae
819 1231 905 1296 dant
924 1250 1081 1314 operam,
1106 1233 1193 1297 hora
1213 1232 1264 1297 5!
1288 1233 1459 1296 lectiones
1482 1230 1627 1295 adeunt:

404 1338 497 1403 vnde
513 1340 608 1404 circa
629 1339 782 1403 medium
799 1338 864 1402 73²
891 1351 1126 1420 reuertuntur,
1150 1351 1303 1420 tuncque
1325 1347 1487 1420 repetunt
1508 1339 1629 1402 lectio·

402 1464 476 1526 nes,
493 1446 620 1526 quibus
634 1445 773 1524 auditis,
789 1447 1056 1527 repetitionibus
1070 1457 1105 1510 et
1124 1447 1420 1528 disputationibus
1434 1446 1480 1511 ad
1499 1446 1629 1509 horam

404 1554 544 1634 prandii
568 1572 681 1636 vsque
705 1571 784 1618 sese
808 1563 987 1618 exercent.
1013 1555 1060 1619 Et
1078 1554 1229 1636 nequid
1251 1555 1421 1636 temporis
1446 1555 1631 1619 incassum

402 1661 532 1741 effluat,
550 1663 658 1726 etiam
673 1662 764 1725 inter
779 1661 1023 1743 prandendum
1038 1661 1178 1728 auditas
1195 1661 1450 1742 praelectiones
1464 1662 1630 1726 memori·
1733 1658 1734 1672 ¹

401 1780 455 1834 ter
483 1767 656 1848 referunt,
686 1785 816 1850 easque
844 1779 904 1832 aut
937 1769 1213 1850 interpretantur
1241 1780 1303 1834 aut
1330 1769 1412 1833 inde
1439 1769 1630 1849 decerptas

403 1877 630 1956 quaestiones
643 1877 845 1956 exagitant3
862 1876 981 1940 statim
997 1893 1173 1958 quoquea
1194 1876 1343 1957 prandio
1364 1893 1448 1940 suas
1468 1876 1504 1940 in
1523 1877 1630 1940 colle·

402 1984 470 2063 giis
484 1984 615 2047 habent
628 1983 834 2046 exactiones
847 2001 961 2066 vsque
975 1982 1020 2048 ad
1035 1984 1184 2066 primam
1208 1981 1230 2047 ¹:
1247 1983 1474 2064 postmodum
1494 1993 1628 2060 autem,

402 2108 466 2171 pro
480 2091 618 2155 ratione
633 2089 780 2170 dierum,
797 2093 855 2154 vel
870 2090 915 2155 ad
929 2092 1082 2171 tertiam,
1098 2093 1156 2155 vel
1171 2091 1215 2154 ad
1238 2100 1414 2172 quartam,
1431 2101 1490 2154 aut
1506 2091 1629 2154 stilum

403 2197 646 2279 componendo
661 2211 838 2277 exercent,
861 2209 921 2261 aut
943 2199 1149 2263 memoriam
1169 2200 1346 2263 excolunt.
1363 2197 1441 2278 Qua
1463 2197 1499 2262 in
1517 2213 1557 2262 re
1575 2199 1629 2260 vi·

405 2303 489 2368 dere
503 2315 555 2368 est
570 2314 740 2385 quantum
752 2303 849 2386 juuet
867 2305 1092 2369 exercitatio:
1109 2306 1167 2385 qui
1187 2305 1281 2370 enim
1302 2305 1338 2369 in
1361 2305 1534 2386 principio
1554 2322 1628 2368 ma·

402 2411 498 2475 ximo
512 2429 593 2475 cum
611 2412 732 2475 labore
747 2412 854 2475 etiam
873 2429 987 2492 pauca
1010 2413 1201 2477 memoriae
1223 2411 1530 2490 commendabant,
1550 2409 1630 2490 jam
1735 2392 1736 2414 ¹

404 2518 509 2582 facile
524 2520 645 2583 multa.
662 2517 819 2583 Instante
834 2529 951 2582 autem
965 2520 1069 2584 tertia
1085 2529 1146 2584 aut
1165 2529 1294 2601 quarta
1314 2517 1557 2600 pomeridiana
1580 2518 1631 2581 ad

402 2625 480 2689 ὂψ
497 2643 581 2690 suos
591 2625 737 2689 audiunt
748 2624 980 2706 professores:
994 2626 1120 2690 deinde
1133 2628 1178 2691 ad
1188 2636 1327 2690 sextam
1338 2635 1400 2690 aut
1411 2623 1631 2706 repetitioni·

403 2734 481 2812 bue,
495 2743 555 2796 aut
566 2732 875 2812 disputationibus,
891 2743 931 2796 vt
952 2741 1034 2798 ante
1057 2733 1245 2814 prandium
1266 2741 1414 2800 vacant:
1438 2733 1529 2796 inter
1547 2747 1630 2794 coe·
1736 2758 1737 2772 2

403 2839 559 2904 nandum
572 2849 688 2903 autem
703 2840 808 2904 etiam
824 2840 954 2919 singuli
966 2857 1031 2904 suo
1041 2841 1175 2920 ordine,
1189 2841 1249 2922 qui
1260 2839 1459 2904 rhetoricae
1470 2838 1628 2916 student,

404 2947 616 3010 declamant:
629 2946 688 3026 qui
702 2945 1040 3027 verophilosophiae
1048 2955 1110 3012 aut
1117 2947 1327 3027 theologiae,
1342 2947 1398 3010 vel
1408 2961 1556 3009 romano
1567 2947 1629 3007 vel

403 3053 518 3134 patrio
543 3069 705 3118 sermone
727 3053 1048 3122 concionanturh
1063 3070 1174 3118 coena
1187 3062 1315 3132 autem,
1328 3051 1495 3133 quamdiu
1510 3051 1630 3130 viguit

403 3159 528 3240 frigus,
546 3161 576 3222 si
590 3161 732 3240 quando
748 3159 794 3224 ad
807 3160 927 3238 ignem
946 3161 1193 3239 accedebatur,
1211 3169 1270 3224 aut
1284 3158 1550 3240 philosophicas
1564 3169 1630 3222 aut

404 3267 590 3346 theologas
604 3268 831 3348 quaestiones
852 3269 1134 3348 exagitabamus,
1158 3267 1284 3348 quibus
1305 3267 1472 3348 peractis,
1496 3265 1632 3345 singuli

406 3375 549 3455 propria
565 3373 821 3454 aggrediuntur
837 3375 953 3438 studia
965 3373 1010 3437 ad
1021 3391 1151 3439 nonant
1162 3391 1290 3455 vsque:
1306 3382 1381 3437 tum
1391 3363 1478 3437 vero
1490 3372 1536 3436 ad
1548 3388 1631 3436 ora-

406 3482 540 3545 tionem
561 3481 873 3562 quotidianumque
895 3498 1045 3546 examen
1066 3499 1144 3545 sese
1166 3496 1289 3545 omnes
1310 3487 1538 3561 componunt,
1560 3479 1632 3543 sie·

405 3605 485 3668 que,
501 3604 573 3668 quo
587 3597 789 3668 coeperant,
805 3589 910 3652 modo
925 3588 1018 3652 diem
1033 3587 1259 3652 concludunt.

462 3693 607 3758 Interim
621 3695 728 3758 etiam
742 3695 864 3775 pietati
879 3711 1001 3760 ornnes
1016 3694 1157 3759 student
1168 3711 1233 3775 pro
1245 3694 1393 3774 viribus,
1405 3702 1514 3776 vtque
1523 3710 1631 3758 suam

404 3811 539 3866 certam
553 3801 686 3865 iaciant
709 3801 932 3866 vocationem
954 3802 1180 3866 contendunt.
1203 3800 1372 3866 Diuinam
1392 3801 1632 3883 deprecamur

405 3911 628 3974 clementiam
642 3919 681 3973 vt
696 3909 852 3973 omnium
866 3908 1035 3973 secundet
1049 3918 1199 3973 conatus
1212 3909 1248 3973 in
1259 3908 1314 3973 sui
1325 3908 1476 3989 gloriam
1487 3925 1631 3974 eorum·

404 4034 472 4100 que
497 4019 658 4080 salutem.
681 4015 880 4080 Recensitis
900 4016 1007 4096 igitur
1027 4014 1241 4098 domesticis,
1264 4017 1310 4081 ad
1331 4025 1480 4082 externa
1500 4015 1632 4098 pedem

404 4123 564 4188 conferre
575 4121 674 4203 jubet
688 4122 895 4188 necessitas.

464 4230 632 4296 Sanctum
647 4230 875 4310 Germanum,
891 4247 956 4311 pro
976 4247 1086 4308 more,
1107 4240 1277 4312 perpetuo
1298 4231 1421 4295 diebus
1442 4229 1631 4295 festistre-

404 4348 614 4420 quentamus
630 4355 709 4401 cum
726 4355 857 4418 magna
880 4355 1000 4402 eorum
1022 4337 1267 4403 aedificatione
1289 4349 1394 4419 atque
1417 4340 1632 4404 consolatio·

435 4653 451 4698 .¹
480 4652 559 4707 More,
569 4665 619 4698 uon
629 4651 725 4702 italico.
735 4651 780 4697 sed
790 4653 893 4706 naitico,
904 4653 946 4709 qui
957 4665 1023 4698 nunc
1033 4665 1079 4709 per
1089 4655 1178 4699 orbem
1188 4654 1242 4698 iere
1253 4661 1335 4700 totum
1345 4655 1453 4708 obtinet,
1467 4655 1546 4700 bom
1560 4665 1633 4701 com·

437 4733 482 4768 lau
501 4725 517 4768 i.

401 4737 452 4830 pu*
478 4725 540 4844 gott
551 4795 691 4842 metldlern.
