3368 5528
366 522 422 584 56ss
751 523 922 584 Lmrsnae
941 533 1212 593 ounnnmnsmns

368 671 550 735 uberiores
561 670 698 736 tructus
709 672 956 752 decerpuntur;
970 689 1053 737 nam
1065 671 1187 738 uidere
1198 673 1279 738 licet
1290 673 1421 739 tratres
1435 681 1568 750 nostros,

367 796 499 860 magna
524 779 704 844 hominum
724 789 870 844 caterua
889 781 1123 861 constipatos,
1151 781 1197 845 ad
1220 782 1409 864 collegium
1432 790 1571 846 nostmm
1658 819 1659 834 ,

368 887 510 965 reuerti,
526 904 616 968 quos
630 887 739 951 uerbo
754 887 875 952 diuino
896 887 1112 952 inescarunt.
1132 887 1233 953 Tunc
1256 887 1387 970 singuli
1408 888 1574 954 nonnullos

368 996 515 1076 eligunt,
532 995 658 1077 quibus
676 995 772 1060 viam
787 995 918 1060 Christi
940 995 1122 1078 aperiunt,
1143 1004 1249 1076 atque
1272 997 1318 1061 ad
1336 996 1573 1062 contessionem

369 1121 579 1185 sacramque
594 1104 878 1168 communionem
892 1105 1061 1169 excitant:
1077 1123 1143 1170 nec
1157 1106 1308 1184 trustra;
1324 1122 1408 1170 nam
1424 1104 1573 1186 plerique.

369 1211 526 1275 moribus
545 1211 688 1274 omnino
707 1211 862 1289 mutatis,
885 1210 1070 1276 audientes
1088 1218 1175 1277 sunt
1196 1213 1290 1277 dicto
1298 1213 1479 1292 fratrum,
1499 1227 1575 1273 eam·

370 1319 542 1398 queniam
553 1317 810 1399 ingrediuntur,
824 1335 914 1400 quae
926 1318 971 1384 ad
983 1329 1165 1385 aeternam
1176 1321 1327 1385 salutem
1339 1326 1434 1384 recto
1449 1315 1575 1382 tramite

371 1426 546 1507 perducit.

433 1533 604 1616 Denique,
620 1551 665 1597 ne
680 1534 821 1614 singula
837 1533 1004 1614 referens,
1022 1535 1163 1614 longius
1176 1552 1283 1616 quam
1298 1553 1363 1616 par
1382 1547 1436 1600 est
1455 1549 1577 1616 progre-

372 1643 461 1720 diar,
478 1641 647 1704 sacellum
662 1649 822 1704 nostrum
842 1641 964 1704 diebus
985 1640 1085 1705 festis
1106 1640 1222 1706 lorum
1244 1652 1479 1707 mercatorum
1499 1640 1578 1704 dixe·

373 1749 436 1827 riS,
452 1748 483 1811 si
498 1748 677 1812 hominum
693 1747 927 1828 frequentiam
947 1747 1077 1812 intueri
1099 1749 1203 1829 velis,
1226 1767 1310 1814 nam
1332 1751 1364 1814 si
1386 1763 1578 1818 sermonum,

372 1856 432 1936 qui
446 1855 603 1920 uicissim
619 1856 667 1920 ibi
683 1856 922 1936 conseruntur,
940 1856 1101 1920 habenda
1124 1856 1170 1920 sit
1189 1857 1292 1936 ratio,
1313 1858 1420 1937 longe
1440 1853 1580 1921 dissimil-

373 1963 493 2028 limum
509 1963 710 2045 apparebit:
728 1963 763 2027 in
779 1964 839 2028 illo
854 1963 952 2043 nihil,
968 1963 1037 2028 nisi
1053 1965 1095 2028 de
1111 1965 1274 2043 augenda
1287 1983 1326 2029 re
1336 1964 1508 2042 familiari,
1523 1972 1579 2026 tra·

373 2079 508 2135 ctatur:
532 2080 567 2133 at
593 2070 721 2134 in·hoc
747 2070 945 2134 animarum
970 2073 1066 2135 salus
1091 2071 1127 2134 in
1154 2071 1312 2136 omnium
1337 2089 1400 2136 ore
1422 2078 1579 2137 versetur.

374 2177 469 2242 Hinc
482 2179 600 2242 euenit
614 2184 761 2242 uestros
776 2196 798 2241 a
805 2178 962 2259 perditis
970 2179 1188 2258 formidari,
1202 2181 1277 2260 qui,
1291 2179 1445 2243 simulac
1461 2195 1517 2242 eos
1532 2175 1581 2238 ut·

373 2291 521 2364 rrcntare
534 2285 761 2366 intelligunt,
772 2303 810 2349 se
821 2287 859 2348 iu
869 2287 979 2366 pedes
995 2287 1200 2362 coniiciunt,
1215 2285 1339 2352 relicto
1350 2287 1455 2364 ludo,·
1466 2305 1487 2349 a
1497 2283 1583 2348 bonis

374 2394 475 2456 traice
489 2393 621 2472 amari,
635 2393 709 2474 qui,
730 2400 905 2474 errantum
926 2393 1129 2458 com'ectura
1150 2393 1300 2474 assequi
1313 2400 1521 2475 possumus,
1540 2391 1583 2452 tro·

374 2518 459 2564 nam
473 2501 516 2564 de
535 2499 636 2564 nubis
655 2500 774 2563 antino
796 2499 959 2563 imbibere
980 2500 1205 2580 opim’onem,·
1227 2517 1334 2581 saepe
1354 2500 1481 2564 etenim
1500 2496 1585 2563 urbis

374 2609 549 2690 primores
565 2607 680 2671 Patris
692 2607 803 2671 nostri
818 2605 980 2670 Rectoris
995 2623 1102 2687 opera
1119 2616 1275 2686 utuntur,
1292 2607 1480 2687 siquando
1494 2605 1584 2670 dere·

374 2717 439 2780 bus
455 2715 600 2779 maximi
616 2715 784 2779 momenti
799 2713 1025 2794 consulatur,
1044 2715 1254 2796 praesertim
1275 2715 1499 2796 inquisitores
1518 2711 1585 2776 hae

373 2825 507 2888 reticae
522 2822 721 2904 prauitatis,
748 2823 813 2903 qui
834 2828 961 2886 nostro
981 2821 1130 2886 cousitr'o
1152 2827 1259 2903 atque
1279 2821 1457 2887 sententia
1478 2815 1587 2884 iuuari

375 2947 633 3011 nonnunquam
647 2930 799 2994 summis
809 2929 977 3010 precihus
991 2930 1219 3010 efflagitant.

435 3037 540 3101 Modo
556 3037 658 3100 nobis
673 3055 694 3100 a
709 3047 834 3101 senatu
850 3036 996 3102 offertur
1010 3036 1161 3101 ecclesia
1181 3036 1356 3118 quaedam
1380 3034 1425 3101 D.
1445 3032 1559 3118 Jacobi
1578 3029 1585 3060 ¹

377 3162 456 3208 cum
474 3144 655 3222 coenobio,
670 3144 766 3226 quod
779 3145 844 3209 tuit
859 3146 1116 3209 monachorum
1130 3145 1176 3208 D.
1193 3144 1412 3224 Augustim',
1424 3160 1509 3225 quae
1520 3137 1587 3204 nui-

374 3253 451 3315 ium
466 3252 568 3317 aliud
580 3252 842 3316 incommodum
853 3261 946 3332 prae
964 3270 1003 3316 se
1016 3254 1123 3331 serre
1141 3251 1299 3331 ur'detur,
1320 3251 1397 3316 uisi
1413 3250 1505 3332 quod
1517 3267 1537 3312 a
1551 3245 1587 3309 ci·

376 3361 476 3424 ru'um
484 3359 696 3440 frequentia
716 3358 984 3441 aliquantulum
1006 3360 1133 3424 distat.
1156 3359 1237 3422 Duo
1260 3365 1381 3423 tresue
1402 3357 1589 3422 sacerdotes

376 3487 425 3531 ex
440 3468 578 3531 nostris
589 3472 781 3547 petuntur,
795 3467 859 3548 qui
869 3467 919 3529 ibi
927 3471 1214 3544 commorentur,·
1225 3465 1375 3546 reliquis
1386 3482 1472 3530 uero
1481 3465 1529 3546 fit
1535 3470 1589 3543 po·

376 3581 492 3638 testas
507 3575 751 3638 manendiuhi
770 3575 873 3638 modo
896 3579 951 3638 est
974 3572 1167 3652 collegium
1189 3579 1377 3636 nostrum:
1398 3575 1495 3636 locus
1515 3583 1590 3633 sane

376 3692 429 3746 est
452 3683 742 3746 amoenissimus:
765 3681 1003 3761 nihilominus,
1027 3696 1107 3744 cum
1129 3680 1316 3760 negotium
1338 3680 1378 3743 in
1397 3679 1530 3744 uostris
1548 3673 1590 3738 sit

376 3790 541 3854 manibus
556 3790 680 3860 sr'tum.
695 3789 801 3854 rebus
816 3789 978 3853 omnibus
992 3788 1107 3867 longa
1123 3785 1348 3852 discussione
1363 3787 1526 3869 pensatis,
1541 3783 1589 3846 de·

374 3913 560 3960 cernemus
575 3897 718 3961 tandem
733 3896 820 3978 qurii
840 3895 917 3959 fieri
931 3896 1068 3960 debeat.

437 4006 484 4067 In
498 4005 563 4068 troc
574 4004 726 4083 collegii>
737 4003 871 4082 omnia,
883 4003 1021 4084 quaein
1032 4000 1592 4084 atir'sfierisotent,fiunt:siugu·

378 4113 421 4176 lis
434 4112 614 4176 mensibus
638 4129 659 4174 a
679 4111 783 4175 Patre
805 4109 956 4174 Rectore
978 4109 1127 4174 habetur
1146 4110 1348 4174 exhortatio
1368 4110 1540 4191 quaedam
1555 4104 1592 4168 de

377 4219 577 4284 obedientia
591 4227 625 4281 et
642 4219 847 4298 regularum
858 4217 1119 4294 obseruatione,
1136 4234 1207 4281 nou
1219 4218 1296 4281 siue
1311 4234 1443 4298 magno
1458 4209 1593 4300 spiritali

377 4327 556 4408 prosectu,
572 4343 656 4390 nam
671 4326 790 4407 quiex
805 4325 895 4389 sein
909 4324 1109 4388 obedientia
1125 4325 1300 4390 excellere
1320 4325 1546 4401 conabantur,
1563 4316 1594 4382 hi

379 4435 494 4513 modo,
512 4433 610 4498 hisce
625 4431 849 4498 adminiculis
861 4432 984 4511 adiuti,
997 4431 1151 4495 maiores
1162 4433 1272 4496 multo
1283 4441 1435 4497 exerunt
1446 4437 1592 4502 conatus,

419 4715 428 4750 Ι
456 4715 576 4760 Ecclesia
590 4713 678 4758 Sancti
694 4711 783 4766 Jacobl
794 4713 819 4756 ln
834 4711 990 4766 Carlgnano.
1004 4711 1064 4757 olim
1081 4710 1187 4757 Petrum
1199 4713 1447 4768 augustinianorum
1462 4711 1594 4764 contreni-

285 4769 287 4776 ⁵
380 4787 457 4834 tionis
467 4785 664 4842 Longoberdae,
674 4789 766 4840 postea
776 4784 943 4840 paroehialis.
