3504 5532
378 521 430 590 1'70
763 531 936 594 Limnaee
954 549 1225 602 ontearuesms

439 679 706 761 superscriptio
720 681 759 744 in
772 687 901 746 octavo
916 681 1073 762 pagina:
1094 685 1116 753 †
1135 681 1182 746 Al
1201 683 1311 747 molto
1326 680 1403 746 R.⁶⁰
1418 681 1454 745 iu
1468 681 1533 746 X.⁰
1551 681 1607 760 P„

377 786 402 849 ii
417 784 455 849 P.
472 786 519 850 M.
536 785 675 866 ignatio
686 789 730 852 de
744 783 892 870 Loyoio,
910 788 1092 870 Proposito
1103 790 1373 870 generaledeiie
1384 787 1609 871 Compaguin

378 891 422 956 de
434 893 530 976 Jesu‚
547 893 584 958 in
598 892 722 959 Roma.
742 975 744 980 ι

439 1000 524 1064 Alio
548 1017 671 1066 manu:
699 1003 786 1068 1556.
808 1003 986 1070 Sirecusa.
1013 1004 1059 1068 Di
1085 1004 1234 1086 Giorgio
1254 1003 1494 1068 Puierrnitsuo
1520 1021 1543 1067 a
1567 1003 1610 1067 20

379 1106 413 1170 d'
430 1108 563 1188 Aprile.
582 1108 687 1174 Rea
706 1109 743 1173 13
756 1111 792 1176 di
806 1111 963 1192 Maggio.
981 1109 1023 1192 Q.
1040 1110 1075 1176 S.

449 1215 648 1296 Vestigium
659 1234 760 1282 cerae
770 1217 900 1299 sigelli.

581 1887 794 1934 Praecedentium
805 1887 911 1946 Georgii
921 1887 1037 1935 iiereato
1047 1889 1195 1934 litterarum
1206 1887 1289 1934 latina
1297 1889 1384 1934 versio
1395 1889 1412 1934 ¹.

919 2107 1073 2226 uisne

443 2405 568 2469 Gratia
584 2414 619 2468 et
633 2421 705 2486 pun
719 2403 862 2469 Domini
877 2404 990 2467 nostri
1004 2404 1087 2487 Jesu
1103 2401 1185 2484 Xpi.
1209 2403 1255 2467 sit
1274 2417 1414 2482 semper
1437 2403 1472 2467 in
1496 2405 1596 2468 cordi

381 2511 448 2575 bus
459 2511 603 2576 nostris.
617 2509 743 2576 Amen.

442 2618 520 2683 Rfl‘
537 2619 573 2683 in
588 2619 681 2700 xpo.
697 2619 813 2684 Pater.

443 2726 492 2790 Vt
507 2737 716 2791 consuetum
732 2735 766 2789 et
780 2727 954 2808 optimum
969 2723 1157 2791 societatis
1171 2743 1326 2805 morem,
1345 2743 1415 2808 quo
1436 2725 1480 2789 de
1500 2725 1613 2790 omni·

380 2833 447 2896 bus
461 2834 604 2915 pietatis
618 2833 784 2915 operibus
799 2833 840 2897 R.
857 2830 975 2897 veram
989 2835 1177 2897 certiorem
1190 2834 1309 2898 iacere
1324 2833 1527 2912 consueuit,
1550 2834 1612 2898 ob·

381 2955 618 3016 seruaremus,
636 2957 727 3020 quoe
742 2941 843 3003 Deus
857 2947 930 3022 opt.
943 2957 1045 3004 mox.
1053 2947 1122 3021 per
1138 2939 1273 3004 Patres
1286 2940 1477 3004 Societatt's
1487 2947 1611 3021 opero-

381 3051 443 3109 tur
458 3045 481 3120 ¹.
498 3047 665 3128 expedire
679 3048 796 3112 visum
811 3057 876 3127 est,
894 3046 935 3124 si,
951 3065 1042 3126 quae
1057 3047 1114 3110 hic
1129 3045 1227 3111 Deus
1245 3047 1419 3129 principio
1438 3045 1542 3111 huius
1556 3065 1612 3110 re·

382 3137 495 3217 centis
509 3154 651 3234 collegii
666 3153 869 3232 ostenderit,
887 3155 1134 3218 scriberemus.
1151 3151 1195 3218 Et
1206 3154 1287 3217 iicet
1298 3154 1408 3217 multa
1420 3153 1502 3232 sint,
1519 3169 1613 3234 quae

382 3260 490 3324 scribi
504 3265 664 3340 possent,
681 3261 838 3324 conabor
857 3249 994 3338 tamen,
1011 3260 1128 3341 quoad
1142 3259 1219 3324 fieri
1236 3260 1381 3340 poterit,
1398 3259 1613 3324 breuitatem

379 3371 584 3448 proestare.
1362 3377 1364 3380 ·

446 3474 536 3554 Quis
550 3475 642 3537 enim
657 3491 815 3555 unquam
830 3475 974 3537 modum
993 3473 1052 3536 itt's
1071 3472 1189 3536 literis
1209 3473 1371 3537 inueniat
1393 3469 1404 3506 ⁸
1426 3474 1486 3555 qui
1504 3473 1616 3538 sciret

386 3589 518 3662 quanta
540 3581 645 3645 suerit
665 3580 811 3646 Patrum
830 3599 873 3645 ec
892 3580 1043 3645 fratrum
1064 3579 1264 3644 constantia
1289 3581 1325 3644 in
1344 3580 1481 3644 iniuriis
1497 3597 1614 3660 aequo

386 3690 505 3752 animo
524 3687 693 3766 serendis,
713 3705 805 3769 quae
822 3696 874 3751 tot
893 3697 927 3752 et
948 3675 1070 3751 tentae
1088 3688 1202 3766 fuere,
1219 3695 1259 3750 vt
1280 3687 1372 3751 oliae
1394 3697 1500 3768 atque
1520 3688 1615 3752 uliae

384 3803 523 3876 semper
534 3793 621 3858 iilos
630 3795 852 3876 praeteritos
864 3795 1078 3858 accederent.
1092 3793 1221 3873 Itaque
1233 3811 1418 3875 nunquam
1429 3795 1616 3874 (quamuis

384 3902 578 3980 immerito)
593 3900 615 3982 ⁶,
632 3902 727 3984 quod
741 3902 843 3966 nobis
858 3901 1081 3979 obiiceretur‚
1104 3899 1237 3964 deerat.
1260 3901 1377 3983 Atque
1400 3917 1442 3964 eo
1457 3902 1615 3966 maiores

385 4009 424 4071 in
450 4025 516 4072 nos
540 4009 793 4073 insectationes
817 4008 975 4087 fuerunt,
1002 4024 1072 4089 quo
1097 4025 1119 4070 a
1144 4007 1291 4072 maioris
1316 4008 1527 4088 sanctitutis,
1555 4007 1616 4071 vei

386 4117 658 4182 existimationis
670 4118 794 4181 saitem
806 4114 1074 4195 sanctimoniae,
1090 4115 1178 4180 viris
1193 4116 1520 4180 commonebantur.
1534 4113 1613 4180 Non

427 4361 436 4394 ¹
464 4359 653 4415 Autoaraphae
661 4365 771 4416 quatuor
776 4359 853 4410 ioiiia.
861 4370 903 4404 uu.
913 4357 1011 4406 tot-tot.
1018 4363 1113 4411 quarto
1120 4355 1182 4402 iolio
1192 4368 1242 4400 non
1250 4363 1391 4402 numerato.
1401 4357 1472 4410 Quae
1480 4369 1496 4401 e
1504 4357 1618 4401 Poianco

387 4432 430 4476 vei
440 4432 526 4475 deleta
536 4433 578 4474 vei
589 4432 726 4476 emendata
735 4439 803 4482 aunt.
815 4429 917 4475 italicis
926 4429 1126 4474 characteribus
1136 4429 1162 4472 in
1172 4435 1247 4473 textu
1257 4429 1413 4482 indicantum
1424 4429 1619 4474 emendationes

387 4514 452 4548 vero
462 4503 488 4547 in
498 4503 710 4547 annotationibus
719 4504 890 4559 reperientur.

424 4573 436 4606 ¹
464 4583 532 4628 oeae
542 4573 617 4618 Deus
625 4579 675 4629 per
686 4575 783 4620 Patres
793 4573 936 4618 Societatta
944 4578 1074 4629 operatur
1083 4574 1184 4618 addidit
1194 4572 1330 4618 Poiaacun.

425 4645 438 4677 ⁸
464 4648 591 4700 retinere,
601 4647 728 4700 quamuis
738 4645 847 4703 efficite
854 4648 916 4700 ouis
925 4647 1027 4691 modurn
1037 4647 1122 4690 literis
1131 4647 1278 4689 inueniret.
1286 4645 1428 4691 Pottncne.

425 4718 437 4751 ὑ
464 4715 687 4760 summittatur
700 4719 915 4773 praeterituram
930 4717 1055 4761 obitterare·
1068 4716 1204 4768 facerent:
1222 4723 1352 4770 nauem
1367 4716 1494 4771 (ammata
1508 4715 1619 4759 meino

388 4785 580 4834 iuuentutis.
