3410 5528
642 525 705 586 Au.
732 525 801 586 ibib

120 687 196 752 uae,
212 671 361 756 pedibus
374 673 473 738 feriri
488 674 599 749 iussit,
616 672 728 738 donec
748 673 949 738 huiusmodi
963 673 1091 754 pedum
1110 671 1273 737 tunsione
1289 673 1333 750 (si

119 782 294 861 potuisset)
309 791 469 846 uentrem
490 783 699 861 relaxasset;
723 797 848 845 verum
869 797 973 844 omne
989 781 1173 844 consilium
1192 788 1227 842 et
1240 779 1331 843 ince-

120 895 204 968 ptum
219 888 354 953 frustra
365 898 453 953 erat.
469 886 674 970 stupefacta
690 887 815 952 mulier
828 888 880 952 rei
895 889 1066 952 miraculo
1079 897 1114 952 et
1129 887 1246 968 magis
1257 902 1332 968 per·

120 996 243 1074 territa,
260 998 528 1060 conuersionem
543 1013 615 1060 non
629 996 775 1060 distulit:
792 995 975 1060 arfactum
997 1007 1070 1059 tam
1089 995 1243 1074 crudele,
1260 1003 1333 1058 tarn

120 1103 296 1182 nefarium,
312 1105 494 1184 intemplo
509 1113 631 1168 nostro
646 1119 727 1166 cum
743 1104 886 1183 planctu
904 1110 940 1166 et
954 1102 1136 1166 lachrimis
1150 1102 1186 1166 in
1198 1099 1332 1166 confes·

119 1209 207 1276 sione
222 1211 434 1292 deplorauit.
451 1209 618 1275 Mulieres
629 1227 705 1289 sex,
720 1227 810 1290 quae
821 1209 961 1291 publice
973 1212 1009 1274 in
1021 1205 1166 1274 ciu'itate
1177 1208 1333 1273 meretri·

121 1317 202 1382 cium
215 1317 406 1397 faciebant,
426 1336 490 1399 per
509 1334 576 1381 nos
593 1317 600 1348 ¹
618 1316 708 1393 (Deo
726 1316 929 1394 adiuuante)
953 1317 998 1380 ab
1017 1317 1077 1380 illa
1094 1317 1270 1396 turpidine
1291 1314 1335 1378 ad

120 1426 358 1490 castimoniam
373 1433 455 1489 sunt
470 1425 655 1490 abductae.

172 1532 260 1596 Nolo
275 1542 311 1598 te
324 1533 433 1597 nimia
446 1533 649 1614 prolixitate
664 1531 832 1596 detinere:
851 1532 967 1596 dicam
982 1532 1180 1611 generatim
1195 1531 1336 1610 amplis-

120 1639 239 1704 simum
263 1638 418 1704 fructum
442 1657 488 1704 ex
507 1639 739 1704 confessionis
758 1648 983 1703 sacramento
1003 1653 1231 1718 promanare;
1254 1653 1337 1700 nam

120 1759 311 1825 praeterea
332 1763 424 1829 quae
446 1746 616 1824 diximus,
640 1747 765 1825 multa,
789 1747 916 1810 iniuste
934 1765 955 1810 a
974 1745 1184 1826 quibusdam
1206 1745 1335 1822 ablata,

121 1865 195 1917 sunt
212 1872 276 1936 per
298 1861 442 1918 nostros
461 1862 580 1934 patres
596 1855 692 1917 veris
712 1853 863 1917 dominis
882 1853 1061 1931 restituta,
1079 1853 1337 1932 eleemosynae·

121 1976 182 2040 que
195 1961 478 2042 quamplurimae
493 1959 713 2024 distributae.

174 2067 438 2133 concionantur
452 2065 463 2097 ¹
478 2066 573 2131 domi
592 2076 627 2130 et
640 2066 728 2132 soris
742 2068 778 2132 in
799 2068 951 2132 diuersis
970 2067 1211 2144 monasteriiS,
1233 2067 1337 2147 idque

120 2191 184 2240 non
209 2177 342 2258 absque
367 2174 542 2257 spirituali
559 2177 811 2239 emolumento:
838 2174 928 2239 duae
953 2177 1089 2256 puellae
1114 2193 1225 2256 nuper
1246 2177 1337 2238 clau·

121 2291 227 2348 strum
242 2297 498 2348 conuersarum
518 2283 719 2362 ingressae,
742 2298 846 2346 sacro
865 2283 1022 2346 nondum
1043 2291 1222 2363 assumpto
1243 2281 1337 2345 habi·

120 2401 173 2469 tu,
189 2391 225 2454 in
245 2391 322 2471 ipso
341 2389 518 2470 tyrocinio
539 2389 588 2467 (ut
610 2389 714 2468 solet)
734 2389 960 2453 tentamentis
980 2389 1161 2453 daemonis
1180 2406 1268 2471 pene
1291 2389 1339 2452 vi·

124 2507 214 2576 ctae,
236 2498 332 2578 pium
347 2504 383 2561 et
403 2496 609 2574 religiosum
632 2496 852 2576 propositum
874 2505 1011 2559 mutare
1033 2495 1254 2575 cogitabant;
1277 2493 1340 2558 sed

121 2603 421 2668 adhortationibus
435 2613 469 2665 et
484 2602 595 2666 diuini
613 2601 714 2665 verbi
732 2601 997 2681 praedicatione
1019 2601 1262 2680 confirmatae,
1279 2601 1339 2666 ha-

119 2709 227 2774 bitum
238 2716 476 2790 sumpserunt,
492 2723 641 2790 quarum
657 2709 781 2787 altera,
798 2708 953 2773 secundo
968 2718 1120 2787 tentata,
1136 2725 1208 2772 non
1222 2707 1340 2772 ferens

119 2815 275 2880 insolitos
289 2815 444 2880 bostium
457 2815 618 2893 insultus,
636 2815 772 2878 tristem
787 2814 921 2878 abitum
936 2813 947 2846 ³
962 2815 1129 2895 parabat:
1146 2826 1180 2878 et
1196 2815 1340 2879 abiisset

120 2923 251 3005 vtique,
267 2923 335 2987 nisi
349 2922 467 2987 denuo
481 2920 729 2986 adhortatione
743 2930 777 2984 et
792 2922 962 2985 concione
976 2939 1019 2985 eo
1037 2921 1161 2986 suisset
1180 2923 1338 3001 reducta,

120 3038 156 3092 vt
169 3047 243 3094 non
256 3030 361 3096 modo
375 3045 584 3110 permanere
598 3025 832 3107 desideraret,
848 3027 911 3092 sed
925 3029 1031 3092 etiam
1052 3029 1230 3110 pecunias,
1252 3046 1339 3109 quas

119 3137 282 3215 priuatim
296 3136 475 3214 seruabat,
491 3135 714 3213 Abbatissae,
731 3135 789 3199 cui
804 3143 909 3199 antea
922 3135 1064 3200 tradere
1078 3136 1229 3214 nolebat,
1246 3137 1340 3199 vltro

120 3241 269 3324 offerret,
284 3241 381 3308 Patri
397 3250 598 3322 praeterea,
614 3242 671 3304 cui
686 3243 784 3320 prius
796 3242 1034 3306 conscientiae
1056 3252 1193 3306 secreta
1208 3244 1339 3306 reuela-

119 3365 156 3412 re
169 3351 265 3414 nullo
279 3349 385 3414 modo
400 3349 554 3427 volebat,
571 3349 750 3412 humiliter
764 3366 857 3413 nunc
872 3366 953 3413 cum
967 3349 1046 3412 aliis
1060 3349 1279 3413 confiteatur.

177 3455 240 3522 Est
254 3467 288 3521 et
303 3455 399 3521 aliud
412 3455 685 3531 monasterium,
702 3455 806 3519 huius
819 3456 918 3519 vrbis
934 3457 1173 3536 praecipuum,
1187 3458 1223 3520 in
1238 3473 1341 3538 quoa

120 3563 237 3628 multis
251 3563 442 3640 mensibus,
459 3562 608 3642 singulis
622 3561 695 3626 fere
710 3561 895 3626 dominicis
910 3572 1014 3643 atque
1028 3562 1139 3644 festis,
1156 3565 1282 3646 aliquis
1297 3581 1342 3628 ex

121 3671 252 3735 nostris
276 3670 528 3748 concionatur,
555 3668 660 3750 idque
684 3686 755 3732 non
781 3670 857 3733 sine
882 3685 1012 3749 magno
1038 3671 1242 3734 monialium
1267 3671 1342 3735 eius

120 3779 324 3843 monasterii
345 3775 475 3856 sructu;
492 3793 574 3840 nam
589 3792 671 3839 cum
690 3785 831 3840 anteaa
850 3777 1026 3841 nobilibus
1046 3779 1217 3842 matronis
1236 3796 1343 3860 saepe

121 3893 155 3948 et
169 3887 294 3967 quouis
308 3895 468 3966 tempore
483 3883 621 3947 visitari
636 3882 918 3963 consueuissent,
939 3885 1213 3965 quadragesima
1233 3903 1344 3968 nuper

121 3993 240 4073 elapsa
258 3994 392 4058 nullam
413 3992 555 4055 illarum
573 3991 619 4055 ad
639 3999 799 4054 mutuum
820 3991 1032 4071 colloquium
1053 3993 1286 4073 admiserunt,
1309 4005 1344 4057 et

120 4115 203 4163 cum
217 4101 386 4164 hactenus
400 4097 475 4162 sere
490 4114 612 4162 omnes
627 4098 792 4178 proprios
807 4097 941 4161 reditus
956 4098 1158 4178 habuerint,
1176 4117 1269 4163 nunc
1283 4117 1345 4163 eos

121 4204 166 4268 ad
179 4223 281 4272 vsum
296 4221 521 4271 communem
535 4205 665 4268 multae
681 4205 820 4268 illarum
841 4217 1051 4270 conuertere
1071 4217 1177 4288 atque
1196 4225 1344 4289 pauper·

120 4323 233 4378 tatem
246 4314 412 4396 amplecti
427 4311 639 4377 desiderant.

162 4631 173 4663 ἱ
205 4632 469 4678 nostraal’onarrem.

164 4702 178 4732 ¹
209 4701 553 4750 Conclonantnrnostrl.ln.

161 4771 174 4808 ⁸
203 4775 391 4822 recemundo.
