3472 5528
639 547 703 611 Aa.
727 551 795 610 1550
1273 548 1328 609 ‘243

107 695 307 776 conciones,
325 715 416 778 quae
437 705 568 778 quanta
590 715 669 762 cum
690 699 905 762 audientium
924 698 1128 761 assensione
1149 697 1326 778 excipian-

106 813 169 882 tur,
186 815 343 885 utquam
360 806 597 886 multipliciter
612 805 815 869 fructuosae
826 799 911 884 sint,
928 803 1081 868 ostendit
1105 813 1226 884 aperte
1239 805 1326 867 mul·

107 906 214 974 titudo
225 925 360 990 eorum,
373 912 433 993 qui
446 911 490 976 ad
503 929 582 976 eum
594 911 807 976 audiendum
818 923 1020 976 accurrunt.
1033 909 1070 975 In
1084 911 1233 992 collegio
1244 927 1327 992 quo·

108 1029 321 1098 quenostro,
345 1019 468 1083 diebus
493 1020 679 1084 dominicis
703 1019 1008 1100 quadragesimae,
1039 1037 1129 1084 vaus
1154 1017 1173 1082 e'
1197 1019 1329 1083 nostris

109 1126 395 1206 concionabatur,
421 1127 596 1208 quamuis,
623 1127 674 1191 uti
699 1143 806 1207 saepe
831 1129 920 1191 alias
942 1128 1113 1206 scriptum
1137 1135 1203 1204 est,
1222 1126 1342 1190 tantis

107 1233 171 1296 loci
187 1234 381 1314 premimur
394 1235 580 1313 angustiis,
597 1244 636 1298 vt
657 1245 731 1298 tam
755 1251 886 1314 magna
907 1233 1104 1315 frequentia
1129 1232 1341 1297 auditorum?

111 1341 139 1402 in
156 1343 328 1422 templum
349 1341 442 1423 adeo
465 1338 634 1420 exiguum
658 1341 800 1406 minime
816 1341 978 1405 concludi
992 1341 1115 1420 possit.
1132 1341 1339 1420 Argumem

110 1457 179 1511 tum
191 1449 317 1512 barum
330 1451 550 1527 concionum,
566 1450 622 1512 uei
630 1449 819 1512 lectionum
828 1447 1125 1529 potius,doctrina
1136 1447 1331 1512 christiana

109 1564 194 1634 erat,
216 1556 319 1620 cuius
338 1555 625 1634 interpretandae
646 1556 779 1620 factum
804 1555 920 1619 fuerat
946 1556 1082 1620 initium
1103 1553 1236 1618 aestate
1251 1571 1331 1636 pro·
1432 1575 1435 1582 ·

109 1664 198 1726 xime
213 1663 329 1743 lapsa,
340 1663 403 1726 sed
415 1663 460 1726 ob
472 1662 723 1742 aegritudines,
736 1679 825 1743 quas
836 1662 910 1726 dixi
921 1662 1095 1743 superius,
1108 1663 1227 1725 multis
1237 1677 1344 1726 men-³

110 1769 204 1834 sibus
216 1769 390 1832 lectiones
404 1785 468 1833 eae
492 1768 633 1833 fuerant
658 1770 890 1833 intermissae.
912 1767 1094 1832 Reuocata
1114 1769 1344 1851 quoquefuit.

111 1875 325 1940 consuetudo
350 1875 515 1940 audiendi
536 1875 790 1954 confessiones,
818 1874 1097 1957 semper.tamen
1118 1873 1346 1940 numeroe'ots

112 2003 198 2064 rum,
215 1985 276 2066 qui
295 1984 342 2048 ad
366 2001 432 2048 nos
449 1981 681 2065 'peccatorum
708 1983 990 2047 confitendorum
1012 1983 1128 2062 gratia
1148 1981 1345 2064 accedunt

113 2087 293 2156 numerum
310 2109 353 2154 nc
365 2091 463 2162 ¹uires
478 2091 778 2155 confessariorum
795 2089 996 2154 nostrorum
1015 2090 1148 2170 magna
1169 2101 1216 2154 ex
1233 2099 1334 2170 parte

113 2208 311 2280 superante.
333 2198 377 2262 Et
392 2215 479 2263 sane
493 2207 567 2262 tam
589 2197 714 2262 uberes
737 2197 874 2262 fructus
895 2215 940 2261 ex
964 2197 1245 2262 confessionibus
1264 2199 1333 2261 col·
1436 2271 1439 2281 Ι

115 2307 172 2386 ligi
188 2305 439 2386 conspicimus
457 2315 494 2369 ut
519 2323 590 2369 non
615 2306 690 2370 sine
712 2321 842 2382 magno
867 2306 1056 2369 uerborum
1080 2303 1346 2386 apparatures

114 2415 180 2478 dici
192 2422 327 2495 posset,
344 2414 375 2476 si
390 2413 560 2476 utilitates
574 2429 707 2490 omnes,
724 2430 814 2492 quae
830 2411 910 2475 inde
922 2414 1175 2494 complurimae
1188 2412 1335 2476 afferun-

116 2533 180 2600 tur,
196 2533 317 2585 essent
342 2521 549 2600 singillatim
574 2509 791 2598 referendae,
819 2520 849 2584 si
864 2531 950 2601 quot
965 2531 998 2584 et
1014 2530 1145 2601 quanta
1165 2521 1251 2584 uitia
1265 2521 1343 2585 siut.

115 2630 301 2710 extirpata,
322 2629 354 2691 si
372 2638 457 2709 quot
482 2645 600 2691 mores
624 2627 897 2707 corruptissimi,
923 2645 988 2691 nec
1008 2630 1123 2692 minus
1139 2629 1285 2709 recepti,
1300 2629 1335 2692 in

116 2738 275 2801 meliores
289 2737 362 2799 sint
380 2736 600 2814 commutati,
622 2735 658 2798 si
674 2733 794 2798 omnia
818 2735 966 2814 denique
991 2735 1194 2800 minutatim
1219 2741 1337 2804 essent

112 2843 368 2925 persequenda
653 2907 656 2914 ,

171 2951 284 3030 Multi,
301 2951 362 3032 qui
376 2968 439 3032 per
453 2955 549 3014 totos
564 2967 691 3014 nouem
705 2967 817 3014 annos
832 2952 1029 3030 continuos,
1046 2956 1109 3014 aut
1125 2950 1266 3031 plures,
1281 2931 1346 3015 oct

118 3061 338 3124 cuitauerant
363 3066 523 3138 peccata,
550 3057 702 3121 confessi
727 3068 820 3136 sunt,
844 3067 877 3122 et
902 3058 989 3137 iam,
1016 3059 1096 3122 vice
1120 3067 1268 3135 mutata,
1295 3075 1338 3122 eo

118 3167 232 3231 animo
246 3183 334 3246 erga
350 3165 607 3232 confessionem
624 3165 752 3243 affecti,
773 3175 812 3228 vt
827 3167 970 3229 minime
993 3182 1058 3230 suo
1080 3166 1267 3246 desyderio
1284 3183 1337 3230 sa·

117 3273 307 3352 tisiaciant,
324 3273 355 3337 si
370 3282 499 3337 octauo
513 3289 653 3353 quoque
669 3273 724 3334 die
737 3273 972 3336 conscientias
988 3289 1071 3336 suas
1092 3274 1338 3337 sacerdotibus

118 3382 289 3461 aperiant,
305 3380 375 3444 nisi
388 3390 424 3443 et
439 3380 530 3443 alios
545 3381 674 3444 multos
689 3395 810 3443 secum
825 3379 869 3442 ad
882 3371 974 3443 idem
989 3380 1149 3459 innitent,
1168 3381 1337 3460 alliciant,

118 3488 271 3551 trabant.
288 3485 401 3564 Multi,
420 3487 480 3567 qui
501 3487 635 3550 nulium
659 3487 695 3548 in
716 3485 867 3550 ludendo
889 3485 1031 3549 modum
1052 3487 1260 3565 retinebant,
1277 3486 1340 3550 sed

118 3593 356 3674 supellectiles
366 3599 464 3657 totos
475 3609 606 3673 magno
621 3610 772 3657 suarum
780 3593 1013 3672 familiarum
1029 3595 1251 3658 incommodo
1262 3612 1340 3674 pro·

119 3700 322 3780 fundebant,
339 3699 469 3764 adalia
485 3701 594 3764 multo
615 3700 820 3765 honestiora
840 3701 1010 3764 exercitia
1031 3712 1112 3764 sunt
1127 3702 1280 3764 auocati.
1297 3703 1344 3765 Et

121 3825 274 3872 cumeae
291 3818 439 3872 restam
454 3807 739 3887 multaefuerint,
760 3809 847 3871 utin
868 3809 920 3871 eis
939 3808 1101 3888 dt'sperse
1116 3808 1343 3873 recensendis

117 3916 256 3994 possim
271 3915 464 3978 historiam
486 3914 600 3978 multo
620 3914 837 3994 longiorem,
857 3932 922 4004 nec
940 3916 1169 3980 iniucundum
1188 3916 1342 3997 omnino,

122 4028 297 4102 retexere,
312 4023 343 4087 si
365 4021 423 4085 uel
442 4024 551 4086 uerba
572 4022 672 4086 uelut
692 4040 750 4085 res
765 4029 1006 4104 suppeterent,
1025 4024 1082 4087 trel
1102 4025 1137 4089 id
1152 4024 1227 4087 fieri
1241 4042 1346 4105 expe·

120 4131 222 4194 diret.
239 4130 358 4196 Vnum
371 4131 451 4208 hoc,
465 4131 560 4210 quod
570 4130 667 4193 nolui
682 4139 754 4192 tam
767 4141 999 4210 properanter
1011 4133 1217 4212 praeterire,
1229 4133 1347 4195 dr'eam

122 4237 312 4316 dissuetus.

150 4379 155 4390 ·
180 4343 304 4408 Extitit
318 4345 445 4408 mulier
460 4345 636 4426 quaedam
650 4363 699 4408 ex
713 4343 772 4422 ite,
787 4361 876 4424 quae
896 4346 1034 4408 nostris
1048 4347 1224 4410 Patribus
1241 4347 1346 4428 consi·

121 4451 195 4514 teri
206 4459 453 4532 consuescunt,
468 4453 577 4517 tantis
593 4461 720 4516 onusta
736 4470 778 4515 ac
794 4453 931 4516 irretita
946 4455 1120 4534 peccatis,
1138 4457 1280 4534 quantis
1294 4473 1347 4520 εο-Ι

123 4561 169 4622 iet
185 4561 346 4638 grauari
356 4561 556 4624 miserrima
571 4559 663 4623 illius
678 4562 877 4640 peccatoris
892 4561 1025 4640 anima,
1042 4562 1113 4640 qui,
1131 4579 1210 4624 cum
1225 4564 1260 4626 in
1276 4562 1349 4628 uni·

125 4683 230 4730 uersa
254 4676 484 4747 peccatorum
507 4682 640 4746 genera
663 4683 849 4746 praecepS,
876 4667 944 4730 Dei
968 4668 1124 4732 bonitate
1148 4687 1190 4732 ac
1213 4671 1351 4734 iustitia

126 4782 257 4855 spreta,
274 4773 379 4837 finem
398 4773 556 4855 peccatis
571 4791 750 4855 nunquam
765 4774 989 4854 imposuerit,
1004 4775 1161 4854 quinimo
1180 4778 1351 4842 maiorem
