3382 5528
353 465 410 524 406
739 465 910 526 errunne
928 483 1200 534 ousoantssrnss

356 613 433 676 silio
451 614 486 675 in
501 629 584 676 cose
598 613 631 676 d’
649 613 868 693 importanza
884 630 984 678 come
1000 615 1152 678 hauemo
1167 615 1212 678 da
1237 624 1366 680 trattar
1388 626 1422 678 et
1437 632 1571 680 conuer-

356 737 417 783 sar
431 738 498 784 con
512 721 625 800 questi
641 720 756 783 boemi
771 730 805 783 et
820 721 1008 797 lutherani,
1025 721 1183 801 piccardi
1201 723 1221 800 ¹,
1237 731 1272 785 et
1290 720 1322 785 d'
1337 723 1421 802 ogni
1437 731 1526 786 sorte
1539 721 1570 786 di

355 828 525 904 huomini,
540 827 604 890 che
618 844 688 890 non
704 826 732 890 si
747 843 975 906 cognoscono
990 827 1013 890 l’
1026 845 1096 892 uno
1117 829 1172 892 fra
1191 831 1213 891 l'
1231 831 1332 908 altro,
1354 839 1390 892 et
1411 829 1490 892 altri
1502 846 1570 910 per·
1673 917 1674 920 Ἴ

356 953 442 998 sone
466 933 500 997 di
526 945 648 1014 queste
666 932 793 997 bande:
819 945 946 1014 quatro
968 952 989 998 o
1013 935 1166 1015 chinquo
1187 935 1269 999 altri
1288 936 1394 999 amici
1416 937 1569 1012 hauemo,

354 1059 512 1105 comesa
526 1041 572 1104 V.
588 1040 630 1104 R.
647 1057 710 1122 per
724 1043 813 1106 altre
828 1043 939 1120 volte3
956 1059 1014 1106 rna
1033 1039 1088 1106 fra
1108 1043 1188 1106 tutti
1203 1059 1274 1106 non
1289 1059 1396 1123 posso
1413 1061 1484 1106 non
1503 1025 1571 1122 pre·

355 1149 461 1213 ierire
475 1159 600 1229 questo
615 1149 684 1212 bon
700 1149 878 1228 preposito
894 1165 957 1229 per
975 1149 999 1212 il
1018 1151 1093 1213 zelo
1114 1150 1179 1213 che
1195 1149 1288 1212 tiene
1307 1150 1351 1214 de
1373 1152 1407 1213 la
1426 1149 1572 1214 reforma

354 1233 444 1320 delle
458 1273 541 1320 cose
553 1267 587 1318 et
602 1256 753 1319 costumi
769 1255 850 1319 delli
865 1256 1031 1319 catholici
1043 1267 1077 1320 et
1089 1258 1325 1320 conversione
1338 1257 1421 1321 delli
1437 1255 1569 1320 infideli.

414 1363 568 1427 Benchcl
583 1362 745 1426 demonio
757 1363 787 1425 si
802 1369 822 1425 e
836 1363 991 1427 sforzato
1003 1362 1038 1428 di
1053 1364 1231 1428 disturbar
1245 1364 1266 1426 l’
1279 1381 1387 1443 opera
1400 1373 1522 1428 sancta
1533 1363 1573 1426 de

354 1480 479 1552 questo
494 1469 663 1550 Collegio,
680 1487 743 1550 per
759 1472 791 1533 la
807 1471 923 1548 gratia
940 1470 972 1533 d'
984 1469 1081 1534 iddio
1096 1470 1241 1534 nissuno
1256 1471 1299 1534 de
1322 1471 1471 1552 qualche
1495 1487 1572 1533 cosa
1674 1545 1675 1558 χ

355 1579 500 1642 minima
514 1594 552 1640 se
563 1583 639 1640 nee
655 1577 726 1640 mai
738 1587 892 1640 accorto.
907 1575 958 1640 La
974 1588 1079 1656 gente
1094 1578 1270 1641 catholica
1285 1579 1456 1658 simplice,
1472 1594 1572 1658 quan·
1674 1577 1675 1599 ¹

355 1687 400 1750 do
416 1701 581 1766 passamo
596 1702 659 1765 per
678 1686 712 1747 la
727 1684 849 1748 strada
865 1684 945 1762 (ben
964 1686 1030 1748 che
1045 1686 1098 1749 sia
1119 1685 1227 1762 raro),
1247 1703 1268 1748 ο
1284 1686 1320 1750 in
1335 1685 1466 1762 chiesa,
1488 1686 1517 1748 si
1531 1685 1573 1746 ha

356 1792 492 1872 grande
503 1793 688 1856 riuerenza
701 1793 848 1868 (benche
861 1792 989 1872 pocchi
1000 1809 1087 1855 sono
1099 1793 1176 1856 veri
1186 1791 1278 1856 fideli
1290 1801 1325 1856 et
1336 1792 1523 1870 catholici).
1535 1791 1573 1854 Li

353 1900 546 1964 scismatici
561 1899 706 1975 hussite,
734 1899 875 1979 quando
901 1900 934 1962 ci
959 1900 1107 1978 vedono,
1134 1901 1251 1963 hanno
1271 1898 1407 1980 grande
1429 1898 1571 1962 admira·

352 2009 460 2084 tione,
476 2007 695 2070 lermandoci
716 2008 824 2070 molte
847 2007 942 2069 volte
963 2023 1027 2086 per
1052 2007 1120 2070 ben
1145 2007 1254 2070 veder
1279 2009 1302 2071 li
1322 2006 1479 2087 jesuiter,
1496 2005 1573 2069 delli

352 2115 447 2194 quali
464 2115 494 2177 si
508 2115 609 2193 parla
626 2122 735 2190 tanto,
752 2129 824 2176 non
844 2115 1037 2176 solamente
1059 2115 1095 2176 in
1120 2113 1238 2194 Praga
1264 2131 1320 2176 ma
1346 2113 1501 2177 etiandlo
1516 2129 1573 2193 per

352 2233 428 2285 tota
441 2221 595 2286 Boemia.
610 2219 704 2300 Ogni
716 2221 901 2284 domenica
916 2223 1022 2284 molta
1035 2229 1151 2300 gente,
1165 2232 1199 2284 et
1211 2220 1377 2284 catholici
1386 2231 1420 2284 et
1431 2221 1571 2292 hussite,
1675 2305 1676 2308 Ἴ

352 2347 441 2392 sono
456 2329 516 2409 piu
530 2328 712 2409 frequente
728 2329 818 2390 nelle
833 2336 953 2391 nostre
969 2327 1075 2391 misse
1090 2328 1155 2391 che
1170 2327 1253 2391 mai:
1270 2327 1413 2391 laudato
1428 2327 1482 2390 sia
1502 2325 1572 2402 X.⁰;

351 2453 438 2516 pare
453 2434 607 2498 etiandio
622 2435 687 2498 che
703 2451 772 2498 non
792 2435 968 2512 vollendo,
985 2443 1020 2498 et
1040 2433 1270 2515 proponendo
1290 2435 1482 2511 contrario,
1507 2451 1573 2496 non

351 2542 497 2622 possino
524 2559 589 2622 pur
617 2544 770 2605 astenire
796 2541 831 2605 di
856 2541 1003 2604 visitare
1028 2542 1063 2604 la
1088 2549 1210 2604 nostra
1236 2541 1368 2618 chiesa,
1390 2541 1573 2622 principal-

277 2679 280 2688 ,
352 2658 468 2713 mente
483 2650 517 2711 la
532 2649 653 2712 missa:
668 2648 808 2740 quando
824 2647 1094 2711 communicano
1114 2648 1137 2709 li
1156 2647 1296 2726 fratelli,
1323 2648 1404 2712 tutti
1419 2647 1572 2718 insieme,

351 2773 472 2836 spesse
487 2757 583 2820 volte
598 2756 868 2818 communicano
884 2755 990 2835 dopoi
1004 2755 1028 2816 li
1048 2754 1175 2818 fratelli
1201 2753 1318 2818 alcuni
1339 2755 1475 2818 italiani
1497 2753 1574 2818 delli

350 2863 527 2927 lauoranti
541 2863 598 2926 del
612 2861 780 2940 Collegio.

412 2970 576 3033 Visitano
591 2971 622 3032 le
636 2968 725 3032 leste
740 2978 776 3032 et
789 2968 997 3033 domeniche
1016 2968 1041 3030 li
1056 2969 1158 3047 padri
1172 2977 1207 3031 et
1221 2967 1350 3032 fratelli
1371 2970 1392 3031 l’
1409 2969 1573 3048 hospital,

351 3077 376 3140 il
387 3077 490 3157 quale
504 3092 578 3139 non
603 3082 623 3139 e
644 3085 770 3157 troppo
795 3075 939 3138 lontano
965 3075 1009 3138 da
1035 3073 1071 3138 S.
1100 3074 1289 3152 Clemente,
1316 3076 1533 3139 consolando
1552 3074 1574 3134 li

350 3185 474 3264 poueri
485 3183 618 3262 malati,
629 3192 663 3246 et
674 3181 870 3246 edificando
881 3182 931 3262 gli
944 3181 1025 3245 altri
1037 3198 1105 3244 con
1116 3182 1229 3246 simile
1246 3199 1352 3262 opere
1367 3182 1410 3246 de
1425 3181 1572 3246 charita.

408 3291 435 3354 ll
449 3291 487 3354 P.
504 3289 673 3354 canisio·
689 3290 973 3368 ognidomenica
989 3299 1023 3352 et
1049 3287 1139 3352 festa
1165 3288 1309 3369 predica
1334 3290 1370 3352 in
1396 3306 1491 3368 arce,
1510 3304 1573 3352 con

348 3398 485 3476 grande
502 3397 746 3460 satisfactione
761 3397 804 3460 de
819 3397 909 3474 tutti,
927 3397 1094 3460 massime
1119 3396 1175 3460 del
1201 3395 1304 3461 Altis.
1332 3396 1536 3461 Archiduca
1551 3392 1573 3470 ⁵,

349 3505 374 3567 il
393 3506 496 3586 quale
522 3504 571 3584 gli
592 3513 694 3584 porta
712 3503 849 3584 grande
873 3503 996 3566 fauore
1022 3513 1055 3566 et
1080 3501 1271 3582 affettione,
1298 3513 1332 3566 et
1359 3503 1440 3566 altri
1466 3501 1574 3566 nostri

348 3611 466 3690 amici,
484 3609 664 3690 Magnifici
691 3609 844 3690 Signori,
871 3611 997 3690 perlati
1023 3620 1058 3674 et
1079 3610 1214 3688 baroni,
1238 3619 1272 3673 et
1294 3610 1441 3690 signori,
1473 3626 1538 3673 con
1553 3607 1575 3670 il

349 3718 479 3798 populo
495 3717 681 3796 catholico,
704 3717 738 3778 la
765 3717 822 3780 cui
846 3714 859 3746 ⁴
883 3715 1081 3780 doctrinae
1106 3717 1249 3781 stimate
1273 3717 1382 3780 molto
1403 3717 1528 3794 solida,
1552 3714 1575 3776 il

348 3825 405 3887 cui
421 3840 636 3888 conuersare
665 3829 684 3886 e
708 3832 826 3903 grato,
853 3833 888 3887 et
913 3824 943 3886 si
969 3841 1009 3887 sa
1036 3822 1307 3888 accommodare
1329 3840 1351 3885 a
1367 3825 1448 3886 tutti
1468 3839 1571 3904 sopra

348 3933 457 3994 etiam
471 3947 579 4010 quam
593 3931 666 3993 dici
677 3935 741 3992 aut
765 3930 975 3992 existimari
993 3935 1131 4010 potest,
1145 3948 1210 4010 per
1223 3931 1258 3992 la
1282 3947 1347 3993 sua
1362 3931 1571 4010 eloquentia,

392 4213 399 4243 ¹
429 4211 546 4255 “Plcardi
562 4211 605 4254 vel
621 4209 770 4254 Plcsrdltee
784 4211 935 4252 asserebant
950 4207 1137 4252 eucharistiam
1152 4220 1201 4252 non
1217 4218 1273 4252 esse
1289 4209 1431 4260 colendam:
1448 4207 1474 4252 ln
1489 4216 1576 4252 ennon

348 4293 406 4328 esse
415 4281 547 4328 Christum
555 4282 600 4326 ssd
608 4281 691 4326 solum
700 4291 793 4336 panem
801 4283 933 4334 solumque
943 4281 1039 4332 vinum,
1048 4287 1098 4322 etc.
1108 4281 1147 4324 Ac
1155 4279 1300 4334 generatim
1308 4280 1420 4336 quidem,
1428 4281 1574 4334 quicumque

349 4355 445 4409 dogm
462 4353 764 4398 transsubstantiationis
781 4351 932 4404 reiciebant,
949 4357 1009 4394 tunc
1027 4349 1139 4394 Picards'
1155 4353 1243 4395 vocati
1255 4363 1311 4395 esse
1321 4351 1451 4405 videntur,
1469 4351 1576 4396 maxime

350 4435 414 4469 vero
425 4426 517 4468 unitas
522 4424 658 4480 fratrum.
668 4425 724 4468 slve
734 4424 781 4474 llll,
792 4423 968 4478 quossmtres
977 4421 1100 4465 bohemos
1108 4433 1173 4466 nuuc
1184 4421 1269 4466 dicere
1277 4423 1411 4476 solentne..¹
1419 4421 1578 4466 Bnausssts·

350 4507 409 4550 osa,
421 4498 438 4542 l.
448 4508 480 4548 c..
491 4507 551 4551 pag.
559 4496 608 4550 tte,
619 4505 707 4540 annot.
717 4496 737 4540 2.

390 4567 402 4600 ἱ
430 4567 460 4612 P.
469 4568 563 4612 Petrus
574 4567 702 4613 Caninius.

390 4640 401 4668 ⁵
428 4639 594 4693 Ferdlnsndl,
603 4639 724 4684 Botmiss
734 4639 876 4693 Pro-regis.

391 4715 402 4746 ⁴
429 4713 457 4754 la
468 4713 521 4764 cui,
531 4711 611 4766 cujus,
623 4711 731 4762 scilicet,
743 4710 849 4756 Caninii.
