3410 5528
361 483 416 544 376
748 483 919 546 Ltrraaaa
938 501 1213 554 ounoaruusrntts

362 631 494 694 auxilio
510 647 687 712 operaque
706 649 959 714 nonnunquam
981 641 1146 712 utuntur,
1172 633 1383 716 praesertim
1401 632 1443 698 R.
1465 632 1504 698 P.
1530 631 1595 696 Re·

362 738 489 817 ctoriS,
506 739 566 819 qui
580 739 625 802 ab
639 738 816 820 Episcopo
833 740 981 822 aliisque
996 741 1083 806 uiris
1104 740 1355 822 t‘ntegerrinu's
1377 745 1386 776 ¹
1402 739 1596 822 aliquando

363 845 576 925 accersitur,
604 855 640 908 ut
666 863 767 910 suam
792 847 828 910 in
852 846 959 912 rebu's
983 848 1124 928 arduis,
1149 859 1183 912 et
1206 849 1251 912 ad
1272 849 1481 929 religionem
1502 847 1595 912 chri·

362 954 516 1018 stianam
530 954 769 1034 attinentibus,
786 955 988 1036 interponat
1003 957 1233 1036 sententiam,
1250 957 1371 1038 eisque
1386 956 1593 1038 opituletur.

422 1061 568 1126 Fratres
581 1062 709 1142 nostri,
727 1063 786 1142 qui
812 1080 873 1144 per
892 1073 1004 1128 totam
1019 1064 1276 1128 hebdomadam
1299 1073 1394 1128 totas
1407 1080 1494 1127 suas
1516 1079 1598 1126 exe·

364 1177 445 1232 runt
460 1168 555 1232 uires
571 1169 607 1232 in
623 1169 825 1234 erudiendis
840 1171 1033 1250 discipulis
1051 1171 1126 1234 dies
1141 1171 1251 1236 festos
1266 1173 1342 1236 sine
1358 1172 1510 1236 alicuius
1525 1170 1584 1252 spi

364 1276 478 1340 ritalis
493 1276 629 1340 lructus
644 1277 870 1358 perceptione
882 1277 980 1340 abire
994 1295 1066 1342 nou
1077 1278 1208 1342 sinunt:
1224 1278 1304 1342 ideo
1315 1277 1389 1342 bini
1405 1297 1427 1342 a
1441 1278 1597 1358 prandio

364 1385 454 1462 loca,
472 1400 563 1463 quae
578 1383 794 1465 frequentari
809 1386 921 1448 solent
938 1385 1065 1466 abbia,
1083 1387 1142 1467 qui
1158 1385 1292 1450 chortis
1306 1381 1430 1450 ludunt
1447 1386 1598 1467 aliisque

364 1490 527 1554 ludorum
541 1491 731 1572 generibus
746 1500 888 1571 uacant,
904 1509 1043 1557 summa
1059 1510 1139 1557 cum
1154 1493 1336 1574 diligentia
1352 1493 1548 1576 inquirunt,
1563 1494 1598 1557 in

365 1599 506 1678 quibus,
529 1598 560 1662 si
578 1597 669 1662 forte
692 1600 878 1664 nonnullos
902 1600 1099 1680 inueniant,
1123 1601 1319 1682 increpant,
1347 1610 1453 1680 atque
1479 1601 1600 1666 uerbis

355 1705 498 1784 ,Christi
519 1706 719 1782 conuictos,
746 1706 791 1769 ab
811 1707 973 1788 incoepto
992 1707 1076 1772 ludo
1094 1707 1265 1772 desistere
1284 1717 1432 1788 cogunt;
1459 1725 1527 1772 nec
1554 1724 1598 1770 eo

365 1813 534 1888 contenti,
549 1813 782 1894 plurimorum
797 1814 1011 1878 collusorum
1025 1823 1169 1878 caterua
1185 1815 1306 1896 stipati
1320 1816 1464 1880 domum
1479 1833 1599 1880 reuer-

365 1929 497 2000 tuntur,
514 1921 573 1983 ubi
588 1938 649 1984 eos
660 1911 706 1984 a'd
720 1919 979 1986 contessionem
994 1938 1205 2004 sacramque
1217 1923 1502 1986 communionem
1515 1923 1598 1986 bor·

365 2037 503 2108 tantur,
532 2045 654 2092 eorum
678 2029 870 2108 pessimam
895 2039 1106 2094 execrantes
1124 2029 1266 2094 ludendi
1291 2029 1598 2110 consuetudinem

365 2135 495 2216 uixque
510 2135 579 2199 dici
594 2144 710 2216 potest
725 2145 895 2217 quantum
909 2135 991 2198 hinc
1007 2135 1144 2200 fructus
1160 2137 1196 2202 in
1211 2137 1392 2216 proximos
1408 2135 1598 2203 redundet.

364 2243 455 2307 Nam
479 2243 636 2324 plerique
657 2260 795 2324 eorum,
817 2245 876 2324 qui
896 2244 932 2308 in
952 2243 1035 2310 ludo
1060 2243 1157 2308 luere
1182 2244 1408 2326 deprehensi,
1438 2253 1600 2309 ueterem

364 2351 543 2414 homiuem
558 2361 743 2428 exuentes,
761 2351 872 2415 uitam
886 2356 971 2414 tunc
981 2353 1124 2416 demum
1139 2353 1218 2416 uiro
1239 2351 1432 2416 christiano
1448 2352 1598 2432 dignam

365 2474 472 2538 agere
487 2457 677 2539 incipiunt,
694 2457 789 2538 quod
804 2459 925 2524 uidere
938 2458 1020 2522 ticet
1035 2457 1047 2490 ¹
1061 2459 1098 2522 in
1111 2459 1247 2537 multis,
1271 2459 1331 2542 qui
1353 2467 1434 2540 post
1455 2460 1599 2524 absolu·

364 2575 438 2629 turn
453 2565 618 2628 diurnum
634 2581 793 2644 pensum,
809 2565 925 2629 noctis
940 2568 1149 2648 crepusculo
1164 2566 1210 2630 ad
1222 2581 1337 2630 nosse
1349 2565 1597 2644 conferebant,

364 2680 401 2736 ut
413 2673 448 2735 in
464 2672 623 2736 doctrina
641 2672 844 2752 christiana,
862 2675 1121 2754 quam'penitus
1136 2673 1361 2754 ignorabant,
1377 2672 1599 2738 instrueren-

363 2789 431 2844 tur.
448 2779 519 2844 Alii
534 2797 653 2862 porro,
670 2780 834 2844 timentes
854 2798 898 2844 ne
918 2799 938 2844 a
959 2782 1091 2846 nostris
1109 2780 1350 2860 inueniantur,
1375 2780 1494 2846 aludo
1518 2798 1599 2846 sese

363 2888 551 2952 abstinent:
569 2887 687 2967 itaque
701 2887 804 2952 breui
815 2887 955 2951 videres
971 2905 1014 2952 ea
1029 2891 1124 2968 loca,
1142 2905 1234 2969 quae
1248 2888 1348 2969 prius
1368 2888 1598 2970 frequentata

362 2995 466 3058 nimis
481 3004 600 3074 erant,
617 2993 690 3058 iere
707 2996 778 3058 iam
792 2993 933 3058 deserta
953 2994 1114 3075 relinqui.
1135 2994 1237 3074 Quod
1251 2995 1282 3058 si
1300 2994 1441 3076 quando
1456 2995 1597 3060 contin·

362 3113 424 3182 gat
446 3102 582 3182 aliquos
607 3101 737 3166 ibidem
762 3100 882 3167 ludere
902 3103 1027 3182 (neque
1052 3102 1146 3166 enim
1171 3102 1314 3166 omuino
1340 3102 1428 3166 haec
1455 3103 1599 3168 sentina

361 3209 508 3273 hauriri
524 3207 535 3238 ⁸
554 3209 699 3290 potest),
725 3226 806 3274 cum
830 3211 984 3291 primum
1009 3219 1130 3274 tamen
1153 3225 1220 3274 nos
1242 3209 1437 3274 aduentare
1459 3209 1599 3288 uident,

362 3318 484 3382 relicto
510 3317 608 3396 ludo,
635 3316 741 3397 fugae
766 3333 805 3381 se
830 3317 1012 3382 mandant:
1039 3321 1183 3381 tantum
1207 3315 1284 3380 illis
1310 3315 1478 3380 timorem
1501 3317 1600 3382 r'ncu·

363 3423 486 3488 trinus.

419 3511 596 3611 vQuoniam
611 3540 729 3596 autem
744 3531 779 3610 ii,
797 3531 857 3612 qui
871 3532 945 3596 iere
959 3547 1082 3596 ornnes
1097 3530 1238 3596 humilis
1257 3539 1339 3596 sunt
1363 3530 1594 3612 conditionis,

363 3647 401 3702 ut
415 3655 517 3702 suum
532 3640 688 3702 celarent
702 3647 899 3720 peccatum,
926 3645 1087 3720 potentes
1109 3647 1215 3719 atque
1231 3637 1329 3702 urbis
1353 3637 1546 3719 primarios
1563 3640 1600 3703 in

362 3747 562 3827 exemplum
577 3745 782 3826 afferebant,
796 3747 855 3827 qui
871 3748 907 3810 in
921 3747 1026 3828 logiis
1041 3747 1101 3826 (ita
1118 3746 1211 3810 enim
1225 3747 1334 3826 uulgo
1357 3746 1598 3828 appellantur)

361 3853 564 3934 frequenter
585 3854 721 3933 ludunt,
742 3852 858 3918 uisum
880 3855 986 3918 etiam
1007 3854 1109 3918 nobis
1130 3853 1196 3918 luit
1215 3852 1381 3935 experiri,
1408 3869 1600 3934 possemus

363 3979 407 4025 ne
418 3970 453 4026 et
467 3961 532 4025 hos
548 3961 655 4025 etiam
670 3962 768 4025 ciues
783 3962 827 4026 ab
842 3979 885 4026 ea
899 3961 1041 4026 ludendi
1056 3958 1269 4042 uoluptate·
1288 3977 1477 4039 reuocare,
1500 3962 1600 4043 quod

363 4069 428 4133 etsi
454 4067 593 4132 difficile
617 4069 791 4148 imprimis
814 4069 1018 4147 uidebatur,
1046 4077 1176 4148 tamen,
1208 4068 1330 4133 diuino
1354 4068 1601 4134 intercedente

365 4177 516 4254 auxilio,
542 4176 702 4240 nonnihil
730 4177 838 4240 etiam
866 4177 1066 4240 admmmtt'
1093 4182 1221 4240 nostra
1254 4175 1448 4256 diligentia
1472 4175 1602 4240 attuli-

364 4302 445 4348 mus
461 4283 483 4347 ⁵.
499 4283 665 4350 Nonnulli
680 4285 774 4348 enim
788 4283 910 4350 ludum
925 4285 1146 4364 omittebant,
1163 4284 1224 4350 alii
1237 4284 1386 4350 libenter
1408 4283 1601 4350 audiebant

406 4456 414 4488 ¹
442 4455 585 4508 grauibus.
598 4455 740 4501 Potnncus.

407 4525 418 4559 Ι
445 4527 580 4572 licatalb.

406 4599 418 4630 ⁸
445 4598 644 4644 exhauririlo.

407 4672 420 4704 ⁴
447 4673 648 4717 consuetudine.
660 4671 699 4716 Io.

407 4742 419 4778 ὅ
447 4741 810 4803 earnrepromourmusan.
