3368 5528
728 490 900 552 errnnsn
917 507 1189 560 ousnmunsrans

399 1529 569 1590 Arnoldus
583 1527 750 1598 Couchus,

434 1625 486 1687 Er
498 1628 742 1688 commissione
756 1627 867 1686 Patris
882 1626 978 1688 Pauli
991 1626 1022 1685 d'
1035 1627 1187 1698 Achillis,

469 1726 561 1786 Patri
572 1726 699 1800 Jacobo
714 1726 859 1800 Laynez,
875 1725 1021 1786 Vicario.

505 1824 680 1896 Panormo,
695 1823 730 1884 24
743 1823 948 1900 Septembris
964 1824 1034 1884 1556
1048 1827 1067 1882 ¹.

804 2101 809 2121 ‘
907 2061 1005 2198 jhus.

404 2355 479 2419 Pax
494 2355 549 2420 Χ.ἰ

402 2463 556 2544 Tempus
570 2464 641 2527 iam
661 2480 725 2526 nos
751 2464 931 2542 admonet,
955 2462 1059 2528 Pater
1080 2465 1317 2543 obseruande,
1344 2475 1384 2530 ut
1406 2484 1465 2544 ea,
1483 2483 1574 2546 quae

343 2567 441 2634 Deus
456 2569 537 2651 Opt.
553 2570 647 2633 Max.
666 2571 734 2634 hoc
748 2579 900 2651 quatuor
916 2571 1087 2635 mensium
1103 2573 1280 2636 curriculo
1296 2590 1358 2654 per
1374 2589 1451 2650 noS,
1474 2571 1573 2636 mini·

342 2694 419 2741 mos
432 2679 558 2742 uineae
573 2694 659 2741 suae
674 2678 867 2758 operarios,
889 2678 1061 2758 proximis
1081 2680 1211 2742 nostris
1231 2679 1276 2742 ad
1297 2680 1412 2744 maius
1433 2680 1574 2760 gloriae

342 2794 570 2865 augmentum
587 2783 747 2849 conferre
762 2785 929 2865 dignatus
944 2796 1008 2864 est,
1025 2785 1232 2850 Paternitati
1251 2785 1365 2864 Tuae,
1388 2788 1488 2852 iuxta
1511 2785 1573 2852 So·

343 2892 482 2956 rietatis
497 2903 640 2956 nostrae
656 2910 802 2973 morem,
816 2894 1024 2958 scribamus.

402 2997 516 3064 Statui
531 3001 638 3080 igitur
653 3019 786 3080 eorum,
803 3019 892 3082 quae
908 3001 1066 3065 dicturus
1082 3019 1170 3079 sum,
1187 3018 1361 3066 summam
1376 3003 1489 3066 tribus
1513 3021 1573 3066 ca·

342 3107 473 3187 pitibus
488 3110 684 3189 complecti:
701 3107 817 3188 idque,
834 3126 855 3170 a
870 3108 1135 3188 prudentissimi
1151 3109 1265 3172 Patris
1281 3110 1392 3173 nostri
1404 3107 1416 3139 ³
1429 3110 1575 3173 decreto

343 3214 385 3278 dc
400 3216 572 3279 breuitate
587 3217 670 3278 olim
685 3215 780 3278 lacto
800 3233 871 3278 non
889 3213 1069 3295 recedens
1094 3233 1199 3295 quam
1221 3205 1428 3280 breuissim‘e
1449 3225 1577 3297 potero

343 3322 503 3386 efficiam.

401 3429 445 3494 Et
464 3439 502 3492 ut
522 3430 603 3494 inde
623 3431 860 3509 exordiamur,
883 3431 975 3494 unde
998 3432 1211 3512 praecipuus
1233 3432 1340 3495 totius
1361 3431 1455 3494 uitae
1474 3432 1577 3510 spiri·

343 3537 448 3600 tualis
472 3537 609 3600 fructus
634 3549 786 3615 emanat,
814 3549 955 3618 praeter
981 3554 1060 3600 eam
1081 3538 1249 3618 cuiusque
1273 3545 1386 3601 status
1408 3536 1577 3618 confiteo

341 3645 427 3707 tium
453 3643 724 3720 multitudinem,
752 3661 842 3723 quae
857 3644 952 3708 domi
977 3643 1182 3724 quotidiana
1208 3654 1272 3722 est,
1290 3645 1402 3708 maior
1427 3661 1513 3707 uero
1541 3647 1575 3708 in

341 3750 464 3814 diebus
480 3751 761 3828 solemnioribus,
778 3751 863 3814 loris
880 3752 987 3814 etiam
1008 3753 1194 3814 multorum
1212 3751 1485 3814 consessionesa
1505 3751 1574 3815 Pa-

341 3858 453 3922 tribus
468 3858 623 3940 quotidie
640 3857 841 3922 audiuntur.
862 3858 997 3921 Verum
1019 3859 1178 3921 omnibus
1200 3857 1405 3921 satisfacere
1424 3858 1575 3924 minime

340 3983 539 4046 possumus;
556 3965 615 4047 qui
630 3965 722 4028 enim
737 3965 804 4028 hoc
819 3983 908 4028 onus
924 3966 1106 4040 sustinent,
1125 3975 1186 4027 aut
1201 3977 1281 4028 sunt
1305 3965 1348 4027 ab
1371 3965 1450 4028 aliis
1472 3978 1572 4038 ante,

341 4073 464 4136 eadem
480 4082 540 4137 aut
562 4073 630 4135 alia
647 4073 690 4134 de
705 4089 825 4150 causa,
844 4072 1019 4147 accersiti,
1037 4080 1096 4133 aut
1112 4072 1190 4134 aliis
1206 4072 1346 4152 pietatis
1368 4071 1491 4136 officiis
1507 4073 1576 4137 im·

341 4179 459 4260 pediti.
478 4179 595 4260 Atque
610 4195 652 4266 ex
668 4177 734 4255 his,
752 4196 840 4258 quos
852 4178 1061 4256 audiuimus
1075 4177 1092 4240 f
1093 4195 1172 4240 uere
1184 4179 1352 4256 nonnulli,
1367 4178 1437 4260 qui,
1452 4183 1578 4259 negle-

382 4385 389 4416 l
419 4383 597 4438 Apogrnphne
608 4383 702 4437 duplici
712 4383 780 4436 lolio,
792 4396 834 4427 nu.
846 4383 885 4427 160
894 4389 920 4426 et
929 4383 1229 4438 161.-Superscriptlone
1238 4391 1336 4428 carent.
1346 4384 1398 4428 Not
1406 4392 1504 4436 autem,
1515 4386 1577 4431 licet

341 4458 486 4508 irnoremus
497 4469 546 4510 quo
557 4457 598 4499 die
610 4455 725 4499 nuntium
736 4455 768 4499 de
779 4454 873 4509 lgnntll
884 4456 956 4499 obitu
964 4462 989 4499 et
998 4455 1098 4500 Vlcarll
1109 4455 1234 4499 electione
1245 4455 1403 4500 Panormum
1412 4467 1453 4511 per
1461 4461 1578 4502 venerit.

340 4539 385 4572 eas
397 4528 469 4572 Patri
480 4528 577 4581 Jacobo
588 4529 702 4585 Laynez,
714 4528 829 4578 vicario,
842 4528 1064 4578 superscribimus.
1076 4527 1136 4580 qula
1152 4527 1176 4570 ei
1191 4529 1396 4583 superscriptum
1406 4535 1445 4573 est
1455 4529 1578 4576 italicum

340 4601 432 4644 harum
448 4602 598 4645 litterarum
609 4602 754 4656 exemplum
765 4599 841 4652 inira,
854 4611 877 4644 n.
890 4611 958 4648 nutv,
970 4599 1166 4655 subjiciendum.

383 4673 393 4704 ¹
422 4671 468 4716 His
484 4675 572 4718 verbis
586 4675 719 4728 indigitarl
735 4673 840 4717 videtur
853 4673 963 4717 Sanctus
979 4671 1103 4726 ignatius,
1119 4673 1185 4726 qnod
1201 4671 1221 4714 sl
1238 4671 1276 4714 ita
1287 4681 1336 4724 est,
1348 4679 1407 4720 tuuc
1419 4683 1521 4724 certum
1537 4685 1575 4724 est

341 4746 456 4796 aunuum
465 4747 495 4790 de
507 4747 562 4832 eiu}
572 4747 642 4796 obitu
651 4747 704 4807 jam
716 4747 835 4796 antehoc
847 4751 947 4808 tempus
958 4744 1113 4794 Pauor-mum
1122 4743 1252 4797 attigisse.
