<?xml version="1.0" encoding="UTF-8"?>
<!DOCTYPE html PUBLIC "-//W3C//DTD XHTML 1.0 Transitional//EN"
    "http://www.w3.org/TR/xhtml1/DTD/xhtml1-transitional.dtd">
<html xmlns="http://www.w3.org/1999/xhtml" xml:lang="en" lang="en">
 <head>
  <title>
</title>
<meta http-equiv="Content-Type" content="text/html;charset=utf-8" />
  <meta name='ocr-system' content='tesseract 3.04.00' />
  <meta name='ocr-capabilities' content='ocr_page ocr_carea ocr_par ocr_line ocrx_word'/>
</head>
<body>
  <div class='ocr_page' id='page_1' title='image "./litteraequadrim00jesugoog/litteraequadrim00jesugoog_0054.png"; bbox 0 0 3578 5534; ppageno 0'>
   <div class='ocr_carea' id='block_1_1' title="bbox 757 505 1218 575">
    <p class='ocr_par' dir='ltr' id='par_1_1' title="bbox 757 505 1218 575">
     <span class='ocr_line' id='line_1_1' title="bbox 757 505 1218 575; baseline 0.007 -11"><span class='ocrx_word' id='word_1_1' title='bbox 757 505 927 565; x_wconf 67' lang='lat' dir='ltr'>Limnen</span> <span class='ocrx_word' id='word_1_2' title='bbox 946 521 1218 575; x_wconf 70' lang='lat' dir='ltr'>Quonllluitsrttlis</span> 
     </span>
    </p>
   </div>
   <div class='ocr_carea' id='block_1_2' title="bbox 889 1185 1087 1268">
    <p class='ocr_par' dir='ltr' id='par_1_2' title="bbox 889 1185 1087 1268">
     <span class='ocr_line' id='line_1_2' title="bbox 889 1185 1087 1268; baseline -0.005 0"><span class='ocrx_word' id='word_1_3' title='bbox 889 1185 1087 1268; x_wconf 85' lang='lat' dir='ltr'>CDLXV</span> 
     </span>
    </p>
   </div>
   <div class='ocr_carea' id='block_1_3' title="bbox 386 1525 1064 1796">
    <p class='ocr_par' dir='ltr' id='par_1_3' title="bbox 386 1525 1064 1796">
     <span class='ocr_line' id='line_1_3' title="bbox 428 1525 1064 1603; baseline 0.005 -18"><span class='ocrx_word' id='word_1_4' title='bbox 428 1525 465 1585; x_wconf 89' lang='lat' dir='ltr'>P.</span> <span class='ocrx_word' id='word_1_5' title='bbox 482 1527 653 1602; x_wconf 84' lang='lat' dir='ltr'>Philippus</span> <span class='ocrx_word' id='word_1_6' title='bbox 668 1527 787 1599; x_wconf 87' lang='lat' dir='ltr'>Faber,</span> <span class='ocrx_word' id='word_1_7' title='bbox 802 1528 882 1587; x_wconf 90' lang='lat' dir='ltr'>olim</span> <span class='ocrx_word' id='word_1_8' title='bbox 895 1528 1064 1603; x_wconf 83' lang='lat' dir='ltr'>Leernus‚</span> 
     </span>
     <span class='ocr_line' id='line_1_4' title="bbox 386 1625 908 1700; baseline 0 -16"><span class='ocrx_word' id='word_1_9' title='bbox 386 1651 391 1660; x_wconf 89' lang='lat'>·</span> <span class='ocrx_word' id='word_1_10' title='bbox 463 1625 556 1684; x_wconf 87' lang='lat' dir='ltr'>Patri</span> <span class='ocrx_word' id='word_1_11' title='bbox 569 1625 698 1699; x_wconf 84' lang='lat' dir='ltr'>ignatio</span> <span class='ocrx_word' id='word_1_12' title='bbox 714 1625 755 1684; x_wconf 90' lang='lat' dir='ltr'>de</span> <span class='ocrx_word' id='word_1_13' title='bbox 769 1626 908 1700; x_wconf 87' lang='lat' dir='ltr'>Loyola‚</span> 
     </span>
     <span class='ocr_line' id='line_1_5' title="bbox 499 1723 966 1796; baseline 0 -15"><span class='ocrx_word' id='word_1_14' title='bbox 499 1723 636 1796; x_wconf 83' lang='lat' dir='ltr'>Mutina,</span> <span class='ocrx_word' id='word_1_15' title='bbox 653 1724 685 1782; x_wconf 85' lang='lat'>10</span> <span class='ocrx_word' id='word_1_16' title='bbox 698 1723 849 1796; x_wconf 79' lang='lat' dir='ltr'>ianuarii</span> <span class='ocrx_word' id='word_1_17' title='bbox 863 1725 933 1785; x_wconf 80' lang='lat'>1556</span> <span class='ocrx_word' id='word_1_18' title='bbox 947 1725 966 1781; x_wconf 86' lang='lat'>¹.</span> 
     </span>
    </p>
   </div>
   <div class='ocr_carea' id='block_1_4' title="bbox 947 1959 1023 2078">
    <p class='ocr_par' dir='ltr' id='par_1_4' title="bbox 947 1959 1023 2078">
     <span class='ocr_line' id='line_1_6' title="bbox 947 1959 1023 2078; baseline 0.026 -2"><span class='ocrx_word' id='word_1_19' title='bbox 947 1959 1023 2078; x_wconf 73' lang='lat' dir='ltr'>riis</span> 
     </span>
    </p>
   </div>
   <div class='ocr_carea' id='block_1_5' title="bbox 370 2253 1604 3938">
    <p class='ocr_par' dir='ltr' id='par_1_5' title="bbox 374 2253 1604 2425">
     <span class='ocr_line' id='line_1_7' title="bbox 434 2253 1604 2340; baseline 0.003 -23"><span class='ocrx_word' id='word_1_20' title='bbox 434 2253 487 2318; x_wconf 88' lang='lat' dir='ltr'>La</span> <span class='ocrx_word' id='word_1_21' title='bbox 502 2255 619 2334; x_wconf 82' lang='lat' dir='ltr'>gratia</span> <span class='ocrx_word' id='word_1_22' title='bbox 634 2265 669 2318; x_wconf 90' lang='lat' dir='ltr'>et</span> <span class='ocrx_word' id='word_1_23' title='bbox 684 2271 773 2333; x_wconf 82' lang='lat' dir='ltr'>pace</span> <span class='ocrx_word' id='word_1_24' title='bbox 785 2254 822 2317; x_wconf 89' lang='lat' dir='ltr'>di</span> <span class='ocrx_word' id='word_1_25' title='bbox 833 2255 974 2319; x_wconf 89' lang='lat' dir='ltr'>Christo</span> <span class='ocrx_word' id='word_1_26' title='bbox 991 2265 1114 2320; x_wconf 88' lang='lat' dir='ltr'>nostro</span> <span class='ocrx_word' id='word_1_27' title='bbox 1130 2255 1280 2336; x_wconf 84' lang='lat' dir='ltr'>Signore</span> <span class='ocrx_word' id='word_1_28' title='bbox 1301 2275 1441 2340; x_wconf 89' lang='lat' dir='ltr'>sempre</span> <span class='ocrx_word' id='word_1_29' title='bbox 1463 2258 1514 2322; x_wconf 82' lang='lat' dir='ltr'>sia</span> <span class='ocrx_word' id='word_1_30' title='bbox 1531 2275 1576 2322; x_wconf 87' lang='lat' dir='ltr'>ne</span> <span class='ocrx_word' id='word_1_31' title='bbox 1591 2260 1604 2321; x_wconf 89' lang='lat' dir='ltr'>i</span> 
     </span>
     <span class='ocr_line' id='line_1_8' title="bbox 374 2361 759 2425; baseline -0.005 -1"><span class='ocrx_word' id='word_1_32' title='bbox 374 2361 474 2425; x_wconf 89' lang='lat' dir='ltr'>cuori</span> <span class='ocrx_word' id='word_1_33' title='bbox 488 2363 613 2425; x_wconf 89' lang='lat' dir='ltr'><strong>nostri.</strong></span> <span class='ocrx_word' id='word_1_34' title='bbox 631 2361 759 2424; x_wconf 88' lang='lat' dir='ltr'>Amen.</span> 
     </span>
    </p>

    <p class='ocr_par' dir='ltr' id='par_1_6' title="bbox 372 2466 1603 2870">
     <span class='ocr_line' id='line_1_9' title="bbox 433 2466 1603 2552; baseline 0.003 -21"><span class='ocrx_word' id='word_1_35' title='bbox 433 2468 541 2532; x_wconf 90' lang='lat' dir='ltr'>Molto</span> <span class='ocrx_word' id='word_1_36' title='bbox 556 2467 633 2532; x_wconf 78' lang='lat' dir='ltr'><strong>R.‘¹⁰</strong></span> <span class='ocrx_word' id='word_1_37' title='bbox 651 2469 686 2531; x_wconf 88' lang='lat' dir='ltr'>in</span> <span class='ocrx_word' id='word_1_38' title='bbox 700 2466 842 2534; x_wconf 89' lang='lat' dir='ltr'>Christo</span> <span class='ocrx_word' id='word_1_39' title='bbox 856 2467 983 2532; x_wconf 87' lang='lat' dir='ltr'>Padre:</span> <span class='ocrx_word' id='word_1_40' title='bbox 1009 2467 1087 2532; x_wconf 88' lang='lat' dir='ltr'>Non</span> <span class='ocrx_word' id='word_1_41' title='bbox 1110 2472 1259 2534; x_wconf 88' lang='lat' dir='ltr'>essendo</span> <span class='ocrx_word' id='word_1_42' title='bbox 1282 2472 1372 2535; x_wconf 88' lang='lat' dir='ltr'>altro</span> <span class='ocrx_word' id='word_1_43' title='bbox 1388 2472 1422 2534; x_wconf 92' lang='lat' dir='ltr'>al</span> <span class='ocrx_word' id='word_1_44' title='bbox 1436 2481 1603 2552; x_wconf 85' lang='lat' dir='ltr'>presente</span> 
     </span>
     <span class='ocr_line' id='line_1_10' title="bbox 372 2573 1602 2655; baseline 0.001 -16"><span class='ocrx_word' id='word_1_45' title='bbox 372 2575 408 2639; x_wconf 89' lang='lat' dir='ltr'>in</span> <span class='ocrx_word' id='word_1_46' title='bbox 420 2586 544 2655; x_wconf 88' lang='lat' dir='ltr'>questo</span> <span class='ocrx_word' id='word_1_47' title='bbox 556 2575 706 2652; x_wconf 89' lang='lat' dir='ltr'>collegio</span> <span class='ocrx_word' id='word_1_48' title='bbox 720 2573 785 2636; x_wconf 89' lang='lat' dir='ltr'>che</span> <span class='ocrx_word' id='word_1_49' title='bbox 795 2575 851 2638; x_wconf 84' lang='lat' dir='ltr'>cio</span> <span class='ocrx_word' id='word_1_50' title='bbox 862 2591 967 2654; x_wconf 84' lang='lat' dir='ltr'>possa</span> <span class='ocrx_word' id='word_1_51' title='bbox 979 2574 1067 2652; x_wconf 86' lang='lat' dir='ltr'>iare,</span> <span class='ocrx_word' id='word_1_52' title='bbox 1085 2576 1172 2640; x_wconf 81' lang='lat' dir='ltr'>dato</span> <span class='ocrx_word' id='word_1_53' title='bbox 1188 2577 1308 2641; x_wconf 82' lang='lat' dir='ltr'>auisso</span> <span class='ocrx_word' id='word_1_54' title='bbox 1320 2577 1602 2642; x_wconf 80' lang='lat' dir='ltr'>soccintamente</span> 
     </span>
     <span class='ocr_line' id='line_1_11' title="bbox 373 2679 1602 2763; baseline 0.003 -18"><span class='ocrx_word' id='word_1_55' title='bbox 373 2684 442 2745; x_wconf 83' lang='lat' dir='ltr'>alla</span> <span class='ocrx_word' id='word_1_56' title='bbox 457 2681 499 2745; x_wconf 94' lang='lat' dir='ltr'>R.</span> <span class='ocrx_word' id='word_1_57' title='bbox 520 2680 559 2744; x_wconf 90' lang='lat' dir='ltr'>P.</span> <span class='ocrx_word' id='word_1_58' title='bbox 581 2681 625 2744; x_wconf 88' lang='lat' dir='ltr'>V.</span> <span class='ocrx_word' id='word_1_59' title='bbox 652 2679 803 2744; x_wconf 85' lang='lat' dir='ltr'>dalcune</span> <span class='ocrx_word' id='word_1_60' title='bbox 825 2698 932 2744; x_wconf 88' lang='lat' dir='ltr'>cuose</span> <span class='ocrx_word' id='word_1_61' title='bbox 951 2682 1156 2761; x_wconf 81' lang='lat' dir='ltr'>particolari</span> <span class='ocrx_word' id='word_1_62' title='bbox 1177 2683 1234 2746; x_wconf 90' lang='lat' dir='ltr'>del</span> <span class='ocrx_word' id='word_1_63' title='bbox 1256 2683 1377 2747; x_wconf 90' lang='lat' dir='ltr'>diuino</span> <span class='ocrx_word' id='word_1_64' title='bbox 1392 2685 1550 2763; x_wconf 84' lang='lat' dir='ltr'>seruitio,</span> <span class='ocrx_word' id='word_1_65' title='bbox 1567 2687 1602 2749; x_wconf 88' lang='lat' dir='ltr'>le</span> 
     </span>
     <span class='ocr_line' id='line_1_12' title="bbox 373 2787 1459 2870; baseline 0.004 -19"><span class='ocrx_word' id='word_1_66' title='bbox 373 2789 469 2870; x_wconf 84' lang='lat' dir='ltr'>quali</span> <span class='ocrx_word' id='word_1_67' title='bbox 483 2787 555 2853; x_wconf 90' lang='lat' dir='ltr'>Sua</span> <span class='ocrx_word' id='word_1_68' title='bbox 571 2787 650 2850; x_wconf 54' lang='lat' dir='ltr'>Mt&amp;</span> <span class='ocrx_word' id='word_1_69' title='bbox 674 2789 790 2868; x_wconf 88' lang='lat' dir='ltr'>questi</span> <span class='ocrx_word' id='word_1_70' title='bbox 805 2797 932 2868; x_wconf 82' lang='lat' dir='ltr'>quatro</span> <span class='ocrx_word' id='word_1_71' title='bbox 947 2789 1035 2852; x_wconf 90' lang='lat' dir='ltr'>mesi</span> <span class='ocrx_word' id='word_1_72' title='bbox 1051 2789 1078 2852; x_wconf 86' lang='lat' dir='ltr'>s&#39;</span> <span class='ocrx_word' id='word_1_73' title='bbox 1094 2794 1114 2851; x_wconf 80' lang='lat' dir='ltr'>e</span> <span class='ocrx_word' id='word_1_74' title='bbox 1128 2789 1283 2868; x_wconf 85' lang='lat' dir='ltr'>degnato</span> <span class='ocrx_word' id='word_1_75' title='bbox 1299 2808 1459 2870; x_wconf 88' lang='lat' dir='ltr'>operare.</span> 
     </span>
    </p>

    <p class='ocr_par' dir='ltr' id='par_1_7' title="bbox 370 2893 1604 3830">
     <span class='ocr_line' id='line_1_13' title="bbox 432 2893 1596 2978; baseline 0.003 -20"><span class='ocrx_word' id='word_1_76' title='bbox 432 2893 501 2958; x_wconf 90' lang='lat' dir='ltr'>Per</span> <span class='ocrx_word' id='word_1_77' title='bbox 513 2895 537 2958; x_wconf 87' lang='lat' dir='ltr'>l&#39;</span> <span class='ocrx_word' id='word_1_78' title='bbox 549 2896 673 2960; x_wconf 84' lang='lat' dir='ltr'>vltimo</span> <span class='ocrx_word' id='word_1_79' title='bbox 700 2894 958 2974; x_wconf 85' lang='lat' dir='ltr'>quadrimestre</span> <span class='ocrx_word' id='word_1_80' title='bbox 979 2894 1017 2958; x_wconf 82' lang='lat' dir='ltr'>fo</span> <span class='ocrx_word' id='word_1_81' title='bbox 1031 2897 1155 2959; x_wconf 88' lang='lat' dir='ltr'>scritto</span> <span class='ocrx_word' id='word_1_82' title='bbox 1173 2915 1194 2959; x_wconf 85' lang='lat' dir='ltr'>a</span> <span class='ocrx_word' id='word_1_83' title='bbox 1209 2895 1254 2960; x_wconf 85' lang='lat' dir='ltr'>V.</span> <span class='ocrx_word' id='word_1_84' title='bbox 1273 2897 1314 2961; x_wconf 89' lang='lat' dir='ltr'>R.</span> <span class='ocrx_word' id='word_1_85' title='bbox 1331 2897 1370 2962; x_wconf 92' lang='grc' dir='ltr'>Ρ.</span> <span class='ocrx_word' id='word_1_86' title='bbox 1392 2897 1404 2929; x_wconf 79' lang='lat'>⁸</span> <span class='ocrx_word' id='word_1_87' title='bbox 1423 2915 1523 2962; x_wconf 85' lang='lat' dir='ltr'>come</span> <span class='ocrx_word' id='word_1_88' title='bbox 1537 2915 1596 2978; x_wconf 85' lang='lat' dir='ltr'>per</span> 
     </span>
     <span class='ocr_line' id='line_1_14' title="bbox 373 3001 1601 3084; baseline 0.001 -17"><span class='ocrx_word' id='word_1_89' title='bbox 373 3004 568 3067; x_wconf 88' lang='lat' dir='ltr'>ministerio</span> <span class='ocrx_word' id='word_1_90' title='bbox 580 3003 614 3066; x_wconf 88' lang='lat' dir='ltr'>di</span> <span class='ocrx_word' id='word_1_91' title='bbox 627 3001 732 3066; x_wconf 82' lang='lat' dir='ltr'>Padri</span> <span class='ocrx_word' id='word_1_92' title='bbox 745 3001 780 3064; x_wconf 90' lang='lat' dir='ltr'>di</span> <span class='ocrx_word' id='word_1_93' title='bbox 789 3009 912 3080; x_wconf 88' lang='lat' dir='ltr'>questo</span> <span class='ocrx_word' id='word_1_94' title='bbox 925 3001 1077 3080; x_wconf 83' lang='lat' dir='ltr'>collegio</span> <span class='ocrx_word' id='word_1_95' title='bbox 1090 3002 1112 3064; x_wconf 93' lang='lat' dir='ltr'>il</span> <span class='ocrx_word' id='word_1_96' title='bbox 1124 3001 1275 3082; x_wconf 82' lang='lat' dir='ltr'>Signore</span> <span class='ocrx_word' id='word_1_97' title='bbox 1287 3005 1426 3068; x_wconf 85' lang='lat' dir='ltr'>haueua</span> <span class='ocrx_word' id='word_1_98' title='bbox 1439 3006 1601 3084; x_wconf 82' lang='lat' dir='ltr'>agiutato</span> 
     </span>
     <span class='ocr_line' id='line_1_15' title="bbox 372 3107 1602 3189; baseline 0 -15"><span class='ocrx_word' id='word_1_99' title='bbox 372 3112 418 3174; x_wconf 85' lang='lat' dir='ltr'>ad</span> <span class='ocrx_word' id='word_1_100' title='bbox 433 3113 558 3174; x_wconf 83' lang='lat' dir='ltr'>alcone</span> <span class='ocrx_word' id='word_1_101' title='bbox 573 3109 701 3173; x_wconf 84' lang='lat' dir='ltr'>anime:</span> <span class='ocrx_word' id='word_1_102' title='bbox 718 3107 774 3172; x_wconf 89' lang='lat' dir='ltr'>chi</span> <span class='ocrx_word' id='word_1_103' title='bbox 789 3107 969 3172; x_wconf 89' lang='lat' dir='ltr'>retirando</span> <span class='ocrx_word' id='word_1_104' title='bbox 985 3107 1043 3172; x_wconf 83' lang='lat' dir='ltr'>dai</span> <span class='ocrx_word' id='word_1_105' title='bbox 1057 3119 1205 3189; x_wconf 85' lang='lat' dir='ltr'>peccato</span> <span class='ocrx_word' id='word_1_106' title='bbox 1219 3113 1380 3174; x_wconf 86' lang='lat' dir='ltr'>mortale:</span> <span class='ocrx_word' id='word_1_107' title='bbox 1402 3111 1460 3174; x_wconf 93' lang='lat' dir='ltr'>chi</span> <span class='ocrx_word' id='word_1_108' title='bbox 1474 3110 1602 3174; x_wconf 88' lang='lat' dir='ltr'>indriz·</span> 
     </span>
     <span class='ocr_line' id='line_1_16' title="bbox 370 3215 1602 3298; baseline 0 -18"><span class='ocrx_word' id='word_1_109' title='bbox 370 3218 484 3282; x_wconf 84' lang='lat' dir='ltr'>zaudo</span> <span class='ocrx_word' id='word_1_110' title='bbox 499 3218 569 3280; x_wconf 85' lang='lat' dir='ltr'>alla</span> <span class='ocrx_word' id='word_1_111' title='bbox 584 3216 642 3279; x_wconf 84' lang='lat' dir='ltr'>uia</span> <span class='ocrx_word' id='word_1_112' title='bbox 658 3215 749 3279; x_wconf 85' lang='lat' dir='ltr'>della</span> <span class='ocrx_word' id='word_1_113' title='bbox 766 3215 984 3295; x_wconf 87' lang='lat' dir='ltr'>persettione:</span> <span class='ocrx_word' id='word_1_114' title='bbox 1001 3216 1060 3279; x_wconf 92' lang='lat' dir='ltr'>chi</span> <span class='ocrx_word' id='word_1_115' title='bbox 1074 3216 1293 3297; x_wconf 88' lang='lat' dir='ltr'>disponendo</span> <span class='ocrx_word' id='word_1_116' title='bbox 1310 3228 1345 3281; x_wconf 93' lang='lat' dir='ltr'>et</span> <span class='ocrx_word' id='word_1_117' title='bbox 1357 3217 1551 3298; x_wconf 82' lang='lat' dir='ltr'>agiutando</span> <span class='ocrx_word' id='word_1_118' title='bbox 1565 3219 1602 3280; x_wconf 88' lang='lat' dir='ltr'>al</span> 
     </span>
     <span class='ocr_line' id='line_1_17' title="bbox 372 3322 1602 3404; baseline 0 -16"><span class='ocrx_word' id='word_1_119' title='bbox 372 3326 449 3388; x_wconf 89' lang='lat' dir='ltr'>ben’</span> <span class='ocrx_word' id='word_1_120' title='bbox 465 3325 595 3387; x_wconf 89' lang='lat' dir='ltr'>morire</span> <span class='ocrx_word' id='word_1_121' title='bbox 615 3339 678 3404; x_wconf 88' lang='lat' dir='ltr'>per</span> <span class='ocrx_word' id='word_1_122' title='bbox 693 3323 751 3386; x_wconf 85' lang='lat' dir='ltr'>uia</span> <span class='ocrx_word' id='word_1_123' title='bbox 777 3322 855 3386; x_wconf 90' lang='lat' dir='ltr'>dell’</span> <span class='ocrx_word' id='word_1_124' title='bbox 880 3323 1143 3402; x_wconf 85' lang='lat' dir='ltr'>esshortationi,</span> <span class='ocrx_word' id='word_1_125' title='bbox 1170 3325 1394 3402; x_wconf 84' lang='lat' dir='ltr'>confessioni,</span> <span class='ocrx_word' id='word_1_126' title='bbox 1422 3326 1602 3389; x_wconf 89' lang='lat' dir='ltr'>comunio-</span> 
     </span>
     <span class='ocr_line' id='line_1_18' title="bbox 372 3429 1604 3514; baseline 0 -20"><span class='ocrx_word' id='word_1_127' title='bbox 372 3431 421 3509; x_wconf 91' lang='lat' dir='ltr'>ni,</span> <span class='ocrx_word' id='word_1_128' title='bbox 437 3439 504 3494; x_wconf 90' lang='lat' dir='ltr'>etc.</span> <span class='ocrx_word' id='word_1_129' title='bbox 521 3429 548 3493; x_wconf 92' lang='lat' dir='ltr'>Il</span> <span class='ocrx_word' id='word_1_130' title='bbox 562 3429 754 3494; x_wconf 87' lang='lat' dir='ltr'>medesimo</span> <span class='ocrx_word' id='word_1_131' title='bbox 770 3429 952 3492; x_wconf 88' lang='lat' dir='ltr'>essercitio</span> <span class='ocrx_word' id='word_1_132' title='bbox 967 3431 1081 3510; x_wconf 88' lang='lat' dir='ltr'>questi</span> <span class='ocrx_word' id='word_1_133' title='bbox 1093 3439 1220 3510; x_wconf 88' lang='lat' dir='ltr'>quatro</span> <span class='ocrx_word' id='word_1_134' title='bbox 1234 3431 1322 3494; x_wconf 90' lang='lat' dir='ltr'>mesi</span> <span class='ocrx_word' id='word_1_135' title='bbox 1341 3429 1367 3494; x_wconf 92' lang='lat' dir='ltr'>s&#39;</span> <span class='ocrx_word' id='word_1_136' title='bbox 1382 3437 1402 3495; x_wconf 78' lang='lat' dir='ltr'>e</span> <span class='ocrx_word' id='word_1_137' title='bbox 1420 3439 1524 3495; x_wconf 82' lang='lat' dir='ltr'>usato</span> <span class='ocrx_word' id='word_1_138' title='bbox 1538 3449 1604 3514; x_wconf 87' lang='lat' dir='ltr'>per</span> 
     </span>
     <span class='ocr_line' id='line_1_19' title="bbox 372 3536 1602 3618; baseline 0 -17"><span class='ocrx_word' id='word_1_139' title='bbox 372 3541 407 3602; x_wconf 85' lang='lat' dir='ltr'>la</span> <span class='ocrx_word' id='word_1_140' title='bbox 421 3537 520 3601; x_wconf 88' lang='lat' dir='ltr'>iddio</span> <span class='ocrx_word' id='word_1_141' title='bbox 535 3537 664 3616; x_wconf 82' lang='lat' dir='ltr'>gratia,</span> <span class='ocrx_word' id='word_1_142' title='bbox 691 3546 726 3599; x_wconf 91' lang='lat' dir='ltr'>et</span> <span class='ocrx_word' id='word_1_143' title='bbox 750 3537 804 3600; x_wconf 86' lang='lat' dir='ltr'>ira</span> <span class='ocrx_word' id='word_1_144' title='bbox 817 3536 841 3598; x_wconf 91' lang='lat' dir='ltr'>l’</span> <span class='ocrx_word' id='word_1_145' title='bbox 856 3536 945 3598; x_wconf 84' lang='lat' dir='ltr'>altre</span> <span class='ocrx_word' id='word_1_146' title='bbox 963 3553 1081 3612; x_wconf 84' lang='lat' dir='ltr'>cuose,</span> <span class='ocrx_word' id='word_1_147' title='bbox 1108 3537 1234 3600; x_wconf 87' lang='lat' dir='ltr'>alcune</span> <span class='ocrx_word' id='word_1_148' title='bbox 1250 3555 1293 3600; x_wconf 90' lang='lat' dir='ltr'>ne</span> <span class='ocrx_word' id='word_1_149' title='bbox 1313 3538 1431 3600; x_wconf 87' lang='lat' dir='ltr'>scriuo</span> <span class='ocrx_word' id='word_1_150' title='bbox 1448 3537 1602 3618; x_wconf 84' lang='lat' dir='ltr'>partico-</span> 
     </span>
     <span class='ocr_line' id='line_1_20' title="bbox 371 3641 1602 3724; baseline 0 -17"><span class='ocrx_word' id='word_1_151' title='bbox 371 3646 556 3721; x_wconf 84' lang='lat' dir='ltr'>larmente,</span> <span class='ocrx_word' id='word_1_152' title='bbox 579 3643 786 3724; x_wconf 86' lang='lat' dir='ltr'>parendomi</span> <span class='ocrx_word' id='word_1_153' title='bbox 801 3643 915 3722; x_wconf 80' lang='lat' dir='ltr'>degne</span> <span class='ocrx_word' id='word_1_154' title='bbox 936 3641 969 3706; x_wconf 87' lang='lat' dir='ltr'>d’</span> <span class='ocrx_word' id='word_1_155' title='bbox 990 3659 1108 3705; x_wconf 84' lang='lat' dir='ltr'>essere</span> <span class='ocrx_word' id='word_1_156' title='bbox 1122 3641 1356 3713; x_wconf 78' lang='lat' dir='ltr'>,manifestate</span> <span class='ocrx_word' id='word_1_157' title='bbox 1377 3643 1476 3708; x_wconf 84' lang='lat' dir='ltr'>accio</span> <span class='ocrx_word' id='word_1_158' title='bbox 1500 3643 1602 3707; x_wconf 86' lang='lat' dir='ltr'>sidia</span> 
     </span>
     <span class='ocr_line' id='line_1_21' title="bbox 374 3747 1137 3830; baseline -0.004 -16"><span class='ocrx_word' id='word_1_159' title='bbox 374 3751 476 3816; x_wconf 88' lang='lat' dir='ltr'>laude</span> <span class='ocrx_word' id='word_1_160' title='bbox 489 3761 523 3814; x_wconf 94' lang='lat' dir='ltr'>et</span> <span class='ocrx_word' id='word_1_161' title='bbox 537 3751 653 3830; x_wconf 82' lang='lat' dir='ltr'>gloria</span> <span class='ocrx_word' id='word_1_162' title='bbox 669 3767 690 3812; x_wconf 86' lang='lat' dir='ltr'>a</span> <span class='ocrx_word' id='word_1_163' title='bbox 705 3749 726 3811; x_wconf 92' lang='lat' dir='ltr'>i’</span> <span class='ocrx_word' id='word_1_164' title='bbox 743 3750 891 3813; x_wconf 84' lang='lat' dir='ltr'>authore</span> <span class='ocrx_word' id='word_1_165' title='bbox 904 3748 939 3812; x_wconf 91' lang='lat' dir='ltr'>di</span> <span class='ocrx_word' id='word_1_166' title='bbox 950 3764 1028 3811; x_wconf 89' lang='lat' dir='ltr'>esse</span> <span class='ocrx_word' id='word_1_167' title='bbox 1043 3747 1086 3811; x_wconf 93' lang='lat' dir='ltr'>N.</span> <span class='ocrx_word' id='word_1_168' title='bbox 1103 3747 1137 3811; x_wconf 90' lang='lat' dir='ltr'>S.</span> 
     </span>
    </p>

    <p class='ocr_par' dir='ltr' id='par_1_8' title="bbox 433 3855 1601 3938">
     <span class='ocr_line' id='line_1_22' title="bbox 433 3855 1601 3938; baseline -0.001 -15"><span class='ocrx_word' id='word_1_169' title='bbox 433 3857 490 3923; x_wconf 92' lang='lat' dir='ltr'>Un</span> <span class='ocrx_word' id='word_1_170' title='bbox 505 3857 675 3921; x_wconf 86' lang='lat' dir='ltr'>cittadino</span> <span class='ocrx_word' id='word_1_171' title='bbox 690 3857 840 3936; x_wconf 86' lang='lat' dir='ltr'>giouene</span> <span class='ocrx_word' id='word_1_172' title='bbox 865 3855 896 3920; x_wconf 88' lang='lat' dir='ltr'>d&#39;</span> <span class='ocrx_word' id='word_1_173' title='bbox 913 3873 982 3918; x_wconf 87' lang='lat' dir='ltr'>una</span> <span class='ocrx_word' id='word_1_174' title='bbox 1004 3855 1119 3935; x_wconf 83' lang='lat' dir='ltr'>prima</span> <span class='ocrx_word' id='word_1_175' title='bbox 1143 3867 1265 3920; x_wconf 85' lang='lat' dir='ltr'>casata</span> <span class='ocrx_word' id='word_1_176' title='bbox 1288 3857 1323 3920; x_wconf 90' lang='lat' dir='ltr'>di</span> <span class='ocrx_word' id='word_1_177' title='bbox 1348 3869 1473 3938; x_wconf 85' lang='lat' dir='ltr'>questa</span> <span class='ocrx_word' id='word_1_178' title='bbox 1500 3861 1601 3938; x_wconf 70' lang='lat' dir='ltr'>citto,</span> 
     </span>
    </p>
   </div>
   <div class='ocr_carea' id='block_1_6' title="bbox 370 4095 1606 4658">
    <p class='ocr_par' dir='ltr' id='par_1_9' title="bbox 370 4095 1606 4658">
     <span class='ocr_line' id='line_1_23' title="bbox 414 4095 1602 4153; baseline 0 -10"><span class='ocrx_word' id='word_1_179' title='bbox 414 4099 422 4131; x_wconf 87' lang='lat'><strong>¹</strong></span> <span class='ocrx_word' id='word_1_180' title='bbox 452 4098 555 4153; x_wconf 80' lang='lat' dir='ltr'>Duplici</span> <span class='ocrx_word' id='word_1_181' title='bbox 566 4099 591 4142; x_wconf 87' lang='lat' dir='ltr'>in</span> <span class='ocrx_word' id='word_1_182' title='bbox 601 4097 669 4149; x_wconf 83' lang='lat' dir='ltr'>lolio,</span> <span class='ocrx_word' id='word_1_183' title='bbox 677 4097 760 4152; x_wconf 84' lang='lat' dir='ltr'>primo</span> <span class='ocrx_word' id='word_1_184' title='bbox 770 4107 794 4141; x_wconf 88' lang='lat' dir='ltr'>n.</span> <span class='ocrx_word' id='word_1_185' title='bbox 811 4095 858 4150; x_wconf 80' lang='grc'>103,</span> <span class='ocrx_word' id='word_1_186' title='bbox 868 4097 952 4141; x_wconf 80' lang='lat' dir='ltr'>altero</span> <span class='ocrx_word' id='word_1_187' title='bbox 968 4109 1018 4141; x_wconf 90' lang='lat' dir='ltr'>non</span> <span class='ocrx_word' id='word_1_188' title='bbox 1031 4097 1354 4143; x_wconf 75' lang='lat' dir='ltr'>numerato.-Decernere</span> <span class='ocrx_word' id='word_1_189' title='bbox 1368 4111 1418 4143; x_wconf 86' lang='lat' dir='ltr'>non</span> <span class='ocrx_word' id='word_1_190' title='bbox 1436 4100 1554 4144; x_wconf 83' lang='lat' dir='ltr'>valemus</span> <span class='ocrx_word' id='word_1_191' title='bbox 1569 4110 1602 4143; x_wconf 76' lang='lat' dir='ltr'>an</span> 
     </span>
     <span class='ocr_line' id='line_1_24' title="bbox 373 4168 1605 4226; baseline -0.001 -12"><span class='ocrx_word' id='word_1_192' title='bbox 373 4170 554 4226; x_wconf 65' lang='lat' dir='ltr'>autographae</span> <span class='ocrx_word' id='word_1_193' title='bbox 564 4170 734 4214; x_wconf 79' lang='lat' dir='ltr'>sintanvero</span> <span class='ocrx_word' id='word_1_194' title='bbox 750 4168 927 4224; x_wconf 65' lang='lat' dir='ltr'>apographus.</span> <span class='ocrx_word' id='word_1_195' title='bbox 940 4173 995 4212; x_wconf 79' lang='lat' dir='ltr'>tom</span> <span class='ocrx_word' id='word_1_196' title='bbox 1011 4168 1073 4224; x_wconf 82' lang='lat' dir='ltr'>quia</span> <span class='ocrx_word' id='word_1_197' title='bbox 1091 4171 1188 4214; x_wconf 76' lang='lat' dir='ltr'>nullam</span> <span class='ocrx_word' id='word_1_198' title='bbox 1206 4171 1284 4214; x_wconf 78' lang='lat' dir='ltr'>eliam</span> <span class='ocrx_word' id='word_1_199' title='bbox 1302 4171 1378 4226; x_wconf 72' lang='lat' dir='ltr'>huius</span> <span class='ocrx_word' id='word_1_200' title='bbox 1395 4171 1507 4226; x_wconf 83' lang='lat' dir='ltr'>Philippi</span> <span class='ocrx_word' id='word_1_201' title='bbox 1524 4169 1605 4215; x_wconf 69' lang='lat' dir='ltr'>Fabri</span> 
     </span>
     <span class='ocr_line' id='line_1_25' title="bbox 374 4240 1606 4298; baseline 0.002 -13"><span class='ocrx_word' id='word_1_202' title='bbox 374 4247 447 4286; x_wconf 90' lang='lat' dir='ltr'>certo</span> <span class='ocrx_word' id='word_1_203' title='bbox 458 4241 648 4296; x_wconf 69' lang='lat' dir='ltr'>autographum</span> <span class='ocrx_word' id='word_1_204' title='bbox 659 4240 826 4295; x_wconf 80' lang='lat' dir='ltr'>scriptionem</span> <span class='ocrx_word' id='word_1_205' title='bbox 836 4240 956 4292; x_wconf 81' lang='lat' dir='ltr'>vidimus.</span> <span class='ocrx_word' id='word_1_206' title='bbox 968 4247 1022 4285; x_wconf 83' lang='lat' dir='ltr'>turn</span> <span class='ocrx_word' id='word_1_207' title='bbox 1032 4241 1093 4296; x_wconf 82' lang='lat' dir='ltr'>qula</span> <span class='ocrx_word' id='word_1_208' title='bbox 1104 4243 1201 4287; x_wconf 83' lang='lat' dir='ltr'>nullom</span> <span class='ocrx_word' id='word_1_209' title='bbox 1212 4243 1237 4286; x_wconf 89' lang='lat' dir='ltr'>in</span> <span class='ocrx_word' id='word_1_210' title='bbox 1247 4243 1288 4286; x_wconf 87' lang='lat' dir='ltr'>his</span> <span class='ocrx_word' id='word_1_211' title='bbox 1303 4243 1400 4288; x_wconf 86' lang='lat' dir='ltr'>litteris</span> <span class='ocrx_word' id='word_1_212' title='bbox 1417 4242 1558 4298; x_wconf 72' lang='lat' dir='ltr'>vestigium</span> <span class='ocrx_word' id='word_1_213' title='bbox 1567 4243 1606 4288; x_wconf 91' lang='lat' dir='ltr'>oi·</span> 
     </span>
     <span class='ocr_line' id='line_1_26' title="bbox 372 4312 1605 4369; baseline 0.001 -11"><span class='ocrx_word' id='word_1_214' title='bbox 372 4315 507 4364; x_wconf 81' lang='lat' dir='ltr'>tendimus.</span> <span class='ocrx_word' id='word_1_215' title='bbox 518 4323 603 4364; x_wconf 80' lang='lat' dir='ltr'>cerae.</span> <span class='ocrx_word' id='word_1_216' title='bbox 614 4312 702 4366; x_wconf 70' lang='lat' dir='ltr'>sigilii.</span> <span class='ocrx_word' id='word_1_217' title='bbox 719 4320 778 4366; x_wconf 64' lang='lat' dir='ltr'>etc„</span> <span class='ocrx_word' id='word_1_218' title='bbox 794 4323 843 4367; x_wconf 82' lang='lat' dir='ltr'>qno</span> <span class='ocrx_word' id='word_1_219' title='bbox 859 4323 904 4355; x_wconf 78' lang='lat' dir='ltr'>ens</span> <span class='ocrx_word' id='word_1_220' title='bbox 919 4312 1100 4367; x_wconf 70' lang='lat' dir='ltr'>autographas</span> <span class='ocrx_word' id='word_1_221' title='bbox 1117 4314 1267 4358; x_wconf 72' lang='lat' dir='ltr'>existimare</span> <span class='ocrx_word' id='word_1_222' title='bbox 1286 4315 1425 4369; x_wconf 83' lang='lat' dir='ltr'>possimus.</span> <span class='ocrx_word' id='word_1_223' title='bbox 1446 4315 1521 4360; x_wconf 81' lang='lat' dir='ltr'>Adde</span> <span class='ocrx_word' id='word_1_224' title='bbox 1537 4315 1605 4359; x_wconf 84' lang='lat' dir='ltr'>hunc</span> 
     </span>
     <span class='ocr_line' id='line_1_27' title="bbox 373 4383 1606 4442; baseline 0.001 -12"><span class='ocrx_word' id='word_1_225' title='bbox 373 4384 519 4440; x_wconf 79' lang='lat' dir='ltr'>Philippum</span> <span class='ocrx_word' id='word_1_226' title='bbox 535 4384 640 4437; x_wconf 64' lang='lat' dir='ltr'>belcam</span> <span class='ocrx_word' id='word_1_227' title='bbox 656 4384 760 4427; x_wconf 68' lang='lat' dir='ltr'>notione</span> <span class='ocrx_word' id='word_1_228' title='bbox 777 4383 856 4428; x_wconf 79' lang='lat' dir='ltr'>inisse</span> <span class='ocrx_word' id='word_1_229' title='bbox 872 4383 949 4436; x_wconf 87' lang='lat' dir='ltr'>(Vide</span> <span class='ocrx_word' id='word_1_230' title='bbox 967 4383 1082 4428; x_wconf 71' lang='lat' dir='ltr'>Ponnrcl</span> <span class='ocrx_word' id='word_1_231' title='bbox 1099 4383 1253 4438; x_wconf 80' lang='lat' dir='ltr'>Chronicon,</span> <span class='ocrx_word' id='word_1_232' title='bbox 1270 4393 1288 4430; x_wconf 89' lang='lat' dir='ltr'>t.</span> <span class='ocrx_word' id='word_1_233' title='bbox 1304 4397 1332 4440; x_wconf 85' lang='lat' dir='ltr'>rr,</span> <span class='ocrx_word' id='word_1_234' title='bbox 1349 4399 1411 4442; x_wconf 75' lang='lat' dir='ltr'>pag.</span> <span class='ocrx_word' id='word_1_235' title='bbox 1425 4387 1474 4438; x_wconf 82' lang='lat'>512,</span> <span class='ocrx_word' id='word_1_236' title='bbox 1483 4399 1508 4430; x_wconf 90' lang='lat' dir='ltr'>n.</span> <span class='ocrx_word' id='word_1_237' title='bbox 1518 4386 1568 4438; x_wconf 76' lang='lat' dir='ltr'>tlt)</span> <span class='ocrx_word' id='word_1_238' title='bbox 1578 4396 1606 4432; x_wconf 84' lang='lat' dir='ltr'>et</span> 
     </span>
     <span class='ocr_line' id='line_1_28' title="bbox 372 4454 1605 4514; baseline 0.002 -14"><span class='ocrx_word' id='word_1_239' title='bbox 372 4456 521 4510; x_wconf 81' lang='lat' dir='ltr'>scriptionis</span> <span class='ocrx_word' id='word_1_240' title='bbox 531 4465 611 4508; x_wconf 75' lang='lat' dir='ltr'>genos</span> <span class='ocrx_word' id='word_1_241' title='bbox 622 4455 648 4498; x_wconf 87' lang='lat' dir='ltr'>in</span> <span class='ocrx_word' id='word_1_242' title='bbox 659 4454 699 4498; x_wconf 89' lang='lat' dir='ltr'>his</span> <span class='ocrx_word' id='word_1_243' title='bbox 709 4455 807 4498; x_wconf 84' lang='lat' dir='ltr'>litteris</span> <span class='ocrx_word' id='word_1_244' title='bbox 818 4455 894 4498; x_wconf 70' lang='lat' dir='ltr'>vaide</span> <span class='ocrx_word' id='word_1_245' title='bbox 904 4455 938 4498; x_wconf 75' lang='lat' dir='ltr'>ab</span> <span class='ocrx_word' id='word_1_246' title='bbox 948 4465 978 4497; x_wconf 93' lang='lat' dir='ltr'>eo</span> <span class='ocrx_word' id='word_1_247' title='bbox 989 4455 1100 4510; x_wconf 77' lang='lat' dir='ltr'>differre,</span> <span class='ocrx_word' id='word_1_248' title='bbox 1112 4457 1179 4510; x_wconf 85' lang='lat' dir='ltr'>quod</span> <span class='ocrx_word' id='word_1_249' title='bbox 1195 4457 1324 4502; x_wconf 78' lang='lat' dir='ltr'>iomiliore</span> <span class='ocrx_word' id='word_1_250' title='bbox 1341 4465 1400 4502; x_wconf 80' lang='lat' dir='ltr'>erat</span> <span class='ocrx_word' id='word_1_251' title='bbox 1415 4459 1545 4514; x_wconf 81' lang='lat' dir='ltr'>plerisque</span> <span class='ocrx_word' id='word_1_252' title='bbox 1560 4459 1605 4503; x_wconf 89' lang='lat' dir='ltr'>illo</span> 
     </span>
     <span class='ocr_line' id='line_1_29' title="bbox 371 4525 1605 4586; baseline 0.002 -14"><span class='ocrx_word' id='word_1_253' title='bbox 371 4535 486 4582; x_wconf 84' lang='lat' dir='ltr'>tempore</span> <span class='ocrx_word' id='word_1_254' title='bbox 497 4526 588 4580; x_wconf 78' lang='lat' dir='ltr'>belgis.</span> <span class='ocrx_word' id='word_1_255' title='bbox 597 4525 696 4570; x_wconf 80' lang='lat' dir='ltr'>Verum</span> <span class='ocrx_word' id='word_1_256' title='bbox 706 4536 753 4570; x_wconf 87' lang='lat' dir='ltr'>nec</span> <span class='ocrx_word' id='word_1_257' title='bbox 763 4527 930 4581; x_wconf 69' lang='lat' dir='ltr'>apographus</span> <span class='ocrx_word' id='word_1_258' title='bbox 945 4525 1094 4581; x_wconf 83' lang='lat' dir='ltr'>dixerimus,</span> <span class='ocrx_word' id='word_1_259' title='bbox 1106 4539 1165 4572; x_wconf 85' lang='lat' dir='ltr'>cum</span> <span class='ocrx_word' id='word_1_260' title='bbox 1180 4536 1283 4574; x_wconf 76' lang='lat' dir='ltr'>asserat</span> <span class='ocrx_word' id='word_1_261' title='bbox 1298 4530 1353 4585; x_wconf 83' lang='lat' dir='ltr'>ipse</span> <span class='ocrx_word' id='word_1_262' title='bbox 1369 4529 1506 4586; x_wconf 79' lang='lat' dir='ltr'>Philippos</span> <span class='ocrx_word' id='word_1_263' title='bbox 1523 4531 1605 4575; x_wconf 79' lang='lat' dir='ltr'>elium</span> 
     </span>
     <span class='ocr_line' id='line_1_30' title="bbox 370 4597 1606 4658; baseline 0.003 -16"><span class='ocrx_word' id='word_1_264' title='bbox 370 4605 475 4654; x_wconf 74' lang='lat' dir='ltr'>praeter</span> <span class='ocrx_word' id='word_1_265' title='bbox 486 4608 513 4640; x_wconf 84' lang='lat' dir='ltr'>se</span> <span class='ocrx_word' id='word_1_266' title='bbox 525 4597 550 4640; x_wconf 90' lang='lat' dir='ltr'>in</span> <span class='ocrx_word' id='word_1_267' title='bbox 560 4597 670 4652; x_wconf 72' lang='lat' dir='ltr'>collegio</span> <span class='ocrx_word' id='word_1_268' title='bbox 682 4608 731 4641; x_wconf 89' lang='lat' dir='ltr'>non</span> <span class='ocrx_word' id='word_1_269' title='bbox 741 4609 806 4650; x_wconf 80' lang='lat' dir='ltr'>esse,</span> <span class='ocrx_word' id='word_1_270' title='bbox 818 4598 861 4652; x_wconf 88' lang='lat' dir='ltr'>qui</span> <span class='ocrx_word' id='word_1_271' title='bbox 871 4597 976 4642; x_wconf 77' lang='lat' dir='ltr'>litteras</span> <span class='ocrx_word' id='word_1_272' title='bbox 985 4599 1068 4653; x_wconf 79' lang='lat' dir='ltr'>possit</span> <span class='ocrx_word' id='word_1_273' title='bbox 1083 4599 1339 4646; x_wconf 78' lang='lat' dir='ltr'>scribere-Habent</span> <span class='ocrx_word' id='word_1_274' title='bbox 1354 4603 1435 4646; x_wconf 81' lang='lat' dir='ltr'>etism</span> <span class='ocrx_word' id='word_1_275' title='bbox 1452 4603 1501 4646; x_wconf 88' lang='lat' dir='ltr'>hoc</span> <span class='ocrx_word' id='word_1_276' title='bbox 1515 4603 1606 4658; x_wconf 68' lang='lat' dir='ltr'>siopo-</span> 
     </span>
    </p>
   </div>
   <div class='ocr_carea' id='block_1_7' title="bbox 371 4669 1608 4795">
    <p class='ocr_par' dir='ltr' id='par_1_10' title="bbox 371 4669 1608 4795">
     <span class='ocr_line' id='line_1_31' title="bbox 371 4669 1604 4727; baseline 0.004 -12"><span class='ocrx_word' id='word_1_277' title='bbox 371 4673 435 4724; x_wconf 74' lang='lat' dir='ltr'>lare,</span> <span class='ocrx_word' id='word_1_278' title='bbox 443 4669 509 4724; x_wconf 83' lang='lat' dir='ltr'>qood</span> <span class='ocrx_word' id='word_1_279' title='bbox 520 4669 634 4722; x_wconf 78' lang='lat' dir='ltr'>scriptae</span> <span class='ocrx_word' id='word_1_280' title='bbox 645 4675 703 4712; x_wconf 86' lang='lat' dir='ltr'>sunt</span> <span class='ocrx_word' id='word_1_281' title='bbox 712 4669 737 4713; x_wconf 88' lang='lat' dir='ltr'>ln</span> <span class='ocrx_word' id='word_1_282' title='bbox 745 4669 829 4723; x_wconf 82' lang='lat' dir='ltr'>prima</span> <span class='ocrx_word' id='word_1_283' title='bbox 840 4676 866 4712; x_wconf 91' lang='lat' dir='ltr'>et</span> <span class='ocrx_word' id='word_1_284' title='bbox 877 4677 971 4724; x_wconf 76' lang='lat' dir='ltr'>quarta</span> <span class='ocrx_word' id='word_1_285' title='bbox 981 4669 1091 4725; x_wconf 87' lang='lat' dir='ltr'>duplicis</span> <span class='ocrx_word' id='word_1_286' title='bbox 1102 4669 1155 4714; x_wconf 84' lang='lat' dir='ltr'>lolii</span> <span class='ocrx_word' id='word_1_287' title='bbox 1165 4673 1269 4727; x_wconf 69' lang='lat' dir='ltr'>pagina,</span> <span class='ocrx_word' id='word_1_288' title='bbox 1279 4675 1365 4718; x_wconf 77' lang='lat' dir='ltr'>altera</span> <span class='ocrx_word' id='word_1_289' title='bbox 1375 4681 1401 4717; x_wconf 88' lang='lat' dir='ltr'>et</span> <span class='ocrx_word' id='word_1_290' title='bbox 1413 4673 1493 4718; x_wconf 79' lang='lat' dir='ltr'>tertis</span> <span class='ocrx_word' id='word_1_291' title='bbox 1505 4675 1604 4720; x_wconf 86' lang='lat' dir='ltr'>nitidis.</span> 
     </span>
     <span class='ocr_line' id='line_1_32' title="bbox 412 4739 1608 4795; baseline 0.002 -11"><span class='ocrx_word' id='word_1_292' title='bbox 412 4743 424 4775; x_wconf 70' lang='grc' dir='ltr'>Ι</span> <span class='ocrx_word' id='word_1_293' title='bbox 451 4741 517 4785; x_wconf 87' lang='lat' dir='ltr'>Vide</span> <span class='ocrx_word' id='word_1_294' title='bbox 527 4750 615 4794; x_wconf 78' lang='lat' dir='ltr'>snpra,</span> <span class='ocrx_word' id='word_1_295' title='bbox 626 4747 645 4783; x_wconf 86' lang='lat' dir='ltr'>t.</span> <span class='ocrx_word' id='word_1_296' title='bbox 657 4751 693 4794; x_wconf 85' lang='lat' dir='ltr'>m,</span> <span class='ocrx_word' id='word_1_297' title='bbox 704 4739 870 4795; x_wconf 59' lang='lat' dir='ltr'>panor-5⁹5.</span> <span class='ocrx_word' id='word_1_298' title='bbox 1605 4739 1608 4750; x_wconf 95' lang='lat'>&#39;</span> 
     </span>
    </p>
   </div>
   <div class='ocr_carea' id='block_1_8' title="bbox 0 0 1794 5534">
    <p class='ocr_par' dir='ltr' id='par_1_11' title="bbox 0 0 1794 5534">
     <span class='ocr_line' id='line_1_33' title="bbox 0 0 1794 5534; baseline 0 1"><span class='ocrx_word' id='word_1_299' title='bbox 0 0 1794 5534; x_wconf 95' lang='lat' dir='ltr'> </span> 
     </span>
    </p>
   </div>
  </div>
 </body>
</html>
