3368 5528
372 527 427 592 580
747 523 921 587 errnaan
938 538 1208 594 quanamnsruas

373 671 591 754 plorandum,
610 670 726 750 magis
752 685 859 750 quam
883 669 1113 734 excitandum
1138 669 1337 747 uidebatur)
1363 666 1577 743 uindr'eaium,

371 780 475 842 omni·
493 786 624 842 conatu
649 777 684 839 id
709 775 815 838 modo
840 784 978 855 spectat
1003 787 1037 839 et
1063 777 1170 844 rectis
1194 777 1320 841 studiis
1343 775 1527 852 contendit,
1546 785 1576 836 ut

370 894 469 952 tanto
484 902 578 948 nunc
594 884 715 962 uitam,
732 882 941 962 religionem
956 898 1165 963 omnemque
1180 899 1323 963 operam
1338 899 1438 946 suam
1452 880 1575 946 Christo

369 993 540 1058 assertori
564 991 794 1069 integriorem
816 990 1162 1070 constantioremque
1181 990 1346 1070 probent,
1367 987 1575 1070 quantocius

366 1099 613 1164 sanctissimos
627 1096 753 1160 ductus
768 1096 976 1176 improbiori
990 1095 1151 1160 desertos
1160 1096 1306 1176 perfidia
1318 1114 1362 1160 ac
1372 1094 1522 1176 nequitia
1532 1111 1575 1156 re·

366 1208 613 1289 pudiauerant.

423 1313 553 1379 lisdem
579 1329 665 1375 uero
690 1309 817 1375 studiis
841 1311 910 1374 illis
935 1321 1041 1392 atque
1066 1310 1238 1375 industria
1264 1308 1452 1374 societatis
1475 1307 1575 1372 Deum

365 1423 592 1487 uehementer
612 1418 679 1482 sibi
698 1417 850 1484 Esium.¹
876 1419 1057 1498 placatum
1081 1419 1190 1482 sensit
1214 1434 1257 1480 ac
1280 1417 1483 1497 propitium.
1507 1413 1575 1478 Duo

364 1545 517 1607 namque
532 1544 577 1590 ex
591 1524 724 1588 nostris
735 1525 878 1604 quidem
890 1526 973 1589 illuc
986 1534 1247 1602 concesserunt,
1261 1525 1319 1586 ubi
1330 1533 1472 1603 praeter
1480 1521 1576 1583 incre·

363 1634 503 1712 riibiles,
517 1649 608 1714 quos
623 1632 670 1694 ibi
686 1631 824 1696 fructus
838 1631 1059 1712 excitarunt,
1076 1634 1202 1712 ingens
1216 1633 1344 1712 populo
1361 1633 1417 1695 uel
1431 1646 1575 1711 perman·

363 1743 490 1822 sioniS,
514 1741 570 1803 uel
591 1748 751 1802 maturae
771 1749 805 1803 et
826 1740 1020 1821 frequentis
1038 1739 1252 1804 reuersionis
1272 1755 1358 1802 suae
1380 1737 1575 1802 desiderium

362 1851 591 1928 reliquerunt.
608 1845 648 1910 ld
663 1847 768 1926 enim,
791 1857 934 1927 praeter
949 1847 1104 1912 omnium
1127 1863 1226 1927 spem
1245 1863 1288 1909 ac
1306 1845 1574 1926 expectationem

361 1955 418 2034 (nt
436 1953 614 2032 funditus
633 1960 724 2032 perte
748 1953 1043 2035 labefactatum),
1061 1959 1096 2016 et
1114 1953 1184 2016 sibi
1199 1958 1233 2016 et
1247 1952 1384 2032 populo
1404 1952 1574 2032 integrum

359 2068 466 2142 atque
492 2059 668 2124 incolume
696 2061 839 2126 Christo
868 2063 1012 2125 iuuante
1041 2071 1146 2142 atque
1179 2061 1346 2141 Episcopi
1375 2061 1574 2126 authoritate

360 2167 590 2248 suffragante,
611 2169 876 2248 praestiterunt,
899 2170 1023 2249 inquo
1049 2167 1158 2232 cardo
1184 2167 1308 2232 salutis
1333 2169 1410 2232 eins
1433 2167 1575 2231 ciuitatis

360 2276 522 2354 uertitur;
544 2293 593 2336 ex
613 2275 738 2338 ordine
759 2276 933 2357 siquidem
956 2274 1175 2338 sacerdotali
1192 2274 1273 2355 (qui
1290 2283 1508 2356 magnopere
1517 2281 1575 2355 per

358 2388 506 2446 nostros
520 2388 574 2444 est
585 2383 813 2464 immutatus)
834 2385 957 2464 grauis
978 2386 1014 2447 in
1035 2401 1174 2448 omnem
1193 2385 1360 2464 populum
1383 2383 1574 2448 offensionis

358 2499 392 2554 et
407 2492 581 2554 scelerum
596 2491 763 2570 contagio
779 2492 959 2556 manabat.
977 2492 1078 2554 Idem
1085 2492 1170 2569 sere
1184 2491 1319 2570 Asculi,
1345 2490 1488 2570 Offidae,
1507 2489 1572 2554 Fir·

357 2598 429 2677 mii,
447 2599 483 2661 in
498 2597 617 2661 Monte
637 2597 796 2679 Lupone,
818 2599 940 2678 Morri,
962 2599 973 2629 ¹
995 2598 1175 2662 Monticuli
1196 2597 1218 2674 ³,
1240 2597 1413 2678 singulari
1430 2599 1574 2662 omniunt

356 2721 443 2784 erga
456 2703 669 2768 Societatem
682 2709 875 2785 uoluntate,
888 2707 1060 2785 effectum
1071 2712 1136 2769 est.
1151 2705 1291 2786 Vbique
1303 2717 1422 2770 autem
1431 2705 1574 2770 nefanda

355 2814 555 2892 complures
567 2813 863 2892 grauissimorum
877 2816 1051 2878 scelerum
1065 2815 1246 2892 ergastula
1266 2831 1288 2876 a
1311 2814 1359 2893 ta,
1382 2813 1432 2894 20,
1452 2812 1493 2876 30
1510 2825 1572 2875 eta

355 2919 408 2981 35
425 2921 526 2982 annis
541 2922 699 2985 nonnulli
713 2923 884 3002 perpessi,
913 2921 1053 2986 Christo
1076 2921 1216 2984 vindice
1235 2921 1351 3002 soluti,
1376 2922 1411 2984 in
1432 2920 1572 2984 filiorum

353 3026 421 3090 Dei
436 3027 632 3092 libertatem
647 3031 800 3094 restituti
814 3040 907 3094 sunt.

413 3133 482 3197 Sed
500 3135 589 3198 haec
610 3137 647 3199 in
667 3136 822 3202 finitimis
842 3147 876 3200 et
896 3138 1051 3201 externis
1072 3137 1418 3218 peregrinationibus
1433 3137 1572 3202 aestiuis

353 3253 433 3305 acta
449 3253 540 3306 sunt.
559 3243 662 3324 Quod
677 3246 851 3326 reliquum
867 3257 919 3309 est
932 3247 1114 3326 epistolae,
1131 3245 1176 3310 ad
1191 3246 1387 3310 domestica
1402 3257 1436 3311 et
1450 3247 1571 3310 Laure-

352 3360 435 3414 tana
451 3351 684 3418 conteremus.

409 3459 507 3522 Dum
522 3460 607 3524 haec
620 3462 743 3525 diuino
760 3479 907 3526 munere
914 3462 1018 3540 soris
1032 3468 1229 3544 geruntur,
1244 3464 1326 3528 lieet
1341 3465 1450 3528 multa
1464 3463 1571 3526 forent

349 3583 440 3647 quae
463 3569 607 3632 votiuae
633 3569 679 3632 ad
704 3569 835 3633 Beatae
863 3569 1025 3648 Virginis
1050 3571 1175 3634 aedem
1196 3571 1492 3651 peregrinationis
1511 3569 1571 3632 fre·

347 3676 527 3754 quentiam
552 3677 763 3757 inhiberent,
781 3679 938 3741 continui
965 3679 1135 3742 bellorum
1156 3681 1335 3758 tumultuS,
1359 3679 1570 3760 pestilentiae

345 3786 546 3862 grassantis
560 3785 712 3848 formido
729 3796 835 3866 atque
851 3786 1018 3865 suspicio,
1035 3787 1153 3866 inopia
1169 3788 1452 3864 ingrauescentis
1470 3801 1568 3849 anno·

345 3908 411 3954 nne
426 3903 460 3954 et
475 3892 672 3968 difficultas,
689 3893 832 3957 fuerunt
850 3905 968 3956 tamen
984 3911 1106 3957 omnes
1121 3895 1325 3958 sacerdotes
1341 3897 1455 3958 solitis
1473 3895 1569 3958 uehe-

343 4009 478 4063 menter
494 4001 811 4064 exercitationibus
834 4003 1010 4082 occupati.
1028 4001 1215 4080 Quoniam,
1232 4003 1298 4066 etsi
1312 4003 1568 4084 infrequentior

342 4115 534 4172 coricnrrat
550 4108 788 4188 peregrinus,
810 4126 876 4172 nec
901 4109 971 4171 nisi
995 4126 1109 4171 rarus
1133 4109 1343 4189 admodum,
1368 4111 1399 4174 si
1423 4107 1567 4190 superio·

340 4231 399 4278 res
427 4233 539 4279 annos
569 4228 780 4296 spectemuS,
811 4217 890 4280 sine
925 4217 1148 4280 accuratiore
1182 4227 1413 4297 peccatorum
1441 4217 1566 4281 conses-

339 4323 437 4386 sione
448 4333 578 4388 ‚tamen
598 4323 648 4402 (ut
663 4325 722 4403 qui
738 4322 784 4388 ad
799 4341 878 4386 eam
901 4323 1005 4387 modo
1019 4325 1180 4404 plerique
1195 4342 1240 4388 ex
1255 4325 1449 4407 longinquo
1465 4325 1566 4389 uenti-

339 4437 414 4492 tare
427 4434 673 4507 consuescant)
685 4431 791 4512 pauci
802 4430 984 4495 recedunt.
995 4431 1047 4495 Eo
1057 4441 1187 4513 autem,
1202 4444 1276 4497 tarn
1287 4434 1375 4497 bene
1384 4442 1567 4512 sancteque

339 4571 550 4581 -·-—-——.

376 4633 385 4666 ¹
412 4633 483 4690 Jesis
490 4635 566 4690 Juxta
577 4637 690 4692 fluidum,
701 4637 743 4692 qul
755 4648 820 4682 nunc
830 4637 1089 4694 Fiumesino,flunre
1101 4638 1193 4694 asino,
1204 4637 1307 4692 dicitur,
1318 4640 1379 4686 olim
1389 4641 1467 4686 latine
1479 4637 1561 4684 Aeria.

375 4705 387 4738 ¹
413 4705 503 4750 Morro
513 4708 543 4752 di
558 4709 640 4755 Valle.

378 4775 390 4810 ὅ
418 4777 585 4846 Moniecitioi
