3472 5528
627 519 690 582 Art.
713 519 783 585 1556
1261 521 1316 583 253

109 669 245 748 audiunt,
262 669 513 752 complurimos
533 677 761 750 aegrotantes
782 686 824 732 ac
841 669 1055 734 xenodochii
1077 685 1251 751 pauperes
1266 670 1314 732 in·

110 775 217 856 uisunt,
233 785 268 842 et
286 775 495 842 confitentes
515 776 673 854 audiunt,
696 776 801 840 morti
826 776 953 840 uicinis
968 787 1110 857 praesto
1126 785 1218 856 sunt,
1235 772 1316 840 illos

110 899 162 946 sua
183 900 287 964 opera
308 902 350 948 eo
373 895 530 976 tempore
556 883 760 948 necessaria
782 883 945 947 adiuturi.
973 883 1012 948 In
1036 883 1215 949 exercitiis
1230 901 1315 949 uero

109 989 304 1071 domesticis,
324 1001 397 1056 tam
411 990 593 1056 litterariis
609 989 717 1072 quam
742 989 995 1070 spiritualibus,
1017 990 1177 1054 eumdem
1197 1007 1314 1056 serua-

109 1113 173 1162 mus
185 1098 352 1175 ordinem,
369 1099 529 1164 eamdem
545 1098 753 1162 adhibemus
768 1097 999 1178 diligentiam
1017 1115 1220 1180 omnesque,
1238 1097 1315 1164 Deo

107 1205 216 1285 gloria,
236 1206 409 1286 valemus,
430 1206 554 1287 paucis
579 1205 749 1286 exceptis,
772 1205 808 1267 in
834 1204 959 1285 quibus
980 1205 1096 1270 adhuc
1111 1206 1315 1272 morborum

23 1385 24 1390 ἵ
108 1311 263 1390 quaedam
276 1313 430 1394 uestigia
449 1312 774 1394 deprehenduntur,
796 1312 1016 1392 postulantes
1035 1321 1198 1376 sanctam
1213 1323 1313 1377 tuam

22 1481 23 1500 χ
107 1429 343 1503 paternamque
369 1420 405 1484 in
431 1419 572 1486 Christo
603 1418 897 1484 benedictionem.
924 1417 1035 1498 Vale,
1068 1417 1172 1484 Pater
1196 1421 1325 1484 obser·.

22 1547 23 1566 1
107 1527 318 1592 uandissime.

155 1633 337 1717 compluti,
354 1634 525 1700 Kalendis
539 1635 623 1700 Mali
648 1633 735 1698 1556.
813 1691 817 1702 .

209 1741 302 1807 R.‘¹⁸⁸
323 1742 400 1808 pssls
421 1742 462 1808 T·

306 1867 433 1916 seruus
448 1851 615 1914 minimus
629 1867 672 1914 ac
688 1849 956 1930 indignissimus
971 1850 1007 1912 in
1019 1849 1174 1912 Christo.

349 1958 402 2022 Ex
417 1957 665 2032 commissione
681 1954 797 2020 Patris
809 1956 972 2034 Camillo,

1011 2171 1185 2236 Rumon.

667 2817 734 2900 DI

21 3241 22 3252 ἵ
146 3161 179 3220 P.
191 3161 339 3236 Joannes
352 3161 394 3221 de
409 3159 664 3222 Valderrabano

21 3275 23 3350 l
179 3260 269 3320 Patri
279 3258 410 3335 ignatio
424 3259 466 3319 de
478 3259 619 3333 Loyola.

211 3359 324 3420 Monte
338 3358 457 3434 Regali
468 3355 684 3430 (Monterey),
702 3357 713 3414 l
731 3357 809 3432 Maii
824 3357 892 3416 1556
904 3358 924 3414 ¹.

666 3593 741 3712 uis

153 3889 232 3974 Muy
247 3891 325 3956 R.‘¹⁰
343 3890 457 3956 Padre
472 3900 616 3954 nuestro
630 3907 674 3954 en
689 3889 779 3970 Xpo.

152 3997 270 4064 Gratia
285 4009 320 4064 et
335 4015 408 4080 pax
422 3996 553 4062 Christi
568 4006 635 4061 etc.

152 4103 307 4187 Despues
329 4123 397 4186 que
417 4121 482 4184 por
502 4103 679 4168 mandado
700 4103 742 4167 de
764 4105 798 4168 la
819 4103 1024 4167 obediencia
1045 4101 1089 4165 de
1112 4111 1255 4164 nuestro
1277 4099 1313 4162 P.

101 4207 279 4277 Francisco
294 4213 305 4244 '
321 4221 477 4276 estamos
491 4214 589 4292 aqui,
607 4227 674 4292 que
689 4215 777 4274 aura
791 4228 838 4274 vn
851 4227 926 4274 mes
941 4227 1009 4291 que
1024 4209 1139 4288 llegue
1159 4225 1205 4288 yo
1228 4227 1250 4287 y
1267 4224 1313 4270 uu

100 4315 254 4384 hermano
271 4325 293 4384 a
308 4328 382 4384 este
398 4318 547 4399 collegio
569 4334 684 4382 nuevo
706 4317 749 4381 de
765 4316 884 4380 Monte
898 4316 987 4396 Rey,
1008 4335 1032 4396 y
1052 4324 1149 4378 otros
1165 4314 1229 4377 dos
1250 4313 1312 4376 Pa·

108 4475 304 4492 Ἤ

132 4561 139 4592 ¹
165 4562 350 4618 Antographne
361 4561 456 4616 duplicl
467 4561 535 4614 lollo,
552 4561 635 4615 primo
645 4571 669 4604 n.
685 4559 734 4613 376,
749 4560 833 4604 altero
849 4569 898 4603 non
912 4563 1056 4602 numerato.
1073 4556 1154 4600 -Vere
1171 4556 1316 4610 quadrime-

99 4637 156 4674 stru
163 4632 556 4688 nonmamedqnlnnovlhujnn
564 4627 1314 4687 Colleclllnitlaenarradalntnmsqundrlmeatrlbusvlnm

101 4709 133 4745 ste
210 4734 217 4749 .

133 4711 362 4822 mmmmm
372 4777 402 4820 de
414 4775 501 4832 Barla.
