3472 5528
682 467 745 528 Au.
767 471 837 530 1556
1317 469 1371 528 247

146 615 296 680 aionem.
313 615 352 680 In
368 615 639 680 admirationem
653 615 876 682 adducuntur
891 617 951 699 qui
965 617 1062 680 illum
1082 624 1163 680 ante
1182 624 1367 694 nouerant,

146 732 217 788 tam
231 724 335 788 facile
350 724 606 804 contempsisse
620 731 738 788 tantos
753 724 917 800 honores,
935 725 1136 806 uoluptates
1152 741 1194 787 ac
1214 723 1367 804 diuitiaS,

145 831 270 912 quibus
284 829 418 911 perfrui
433 839 583 910 poterat,
597 830 628 894 si
639 830 826 894 uoluisset:
841 831 1057 896 oflerebatur
1068 832 1159 894 enim
1172 831 1243 894 iam
1255 832 1288 895 ei
1298 847 1369 894 non

145 939 276 1018 exigua
299 938 513 1001 ducatorum
532 953 687 1016 summa,
708 939 738 1001 si
762 938 1004 1003 curationibus
1025 939 1288 1017 aegrotantium
1310 955 1369 1002 ua·

145 1062 229 1110 care
243 1045 429 1110 uoluisset.

206 1154 484 1232 Percurrr'iam,
499 1153 556 1216 vel
566 1153 693 1234 potr'us
708 1162 800 1235 pena
814 1154 1002 1233 praeterii,
1022 1152 1105 1216 Rae
1126 1154 1255 1228 Pater,
1280 1170 1369 1234 quaa

135 1261 288 1340 suerum
298 1260 421 1342 primo
436 1259 511 1325 loco
522 1260 723 1340 pollicitus:
737 1277 849 1324 uuum
863 1260 901 1323 id
913 1259 1090 1341 reliquum
1101 1261 1302 1339 nudabatur,
1314 1266 1369 1334 ut,

143 1378 314 1450 quantum
330 1369 355 1434 ii
369 1387 434 1432 suo
450 1370 613 1449 exemplo
629 1369 886 1433 commouerint
901 1369 1002 1448 alios,
1019 1369 1280 1450 subiungerem.
1298 1368 1368 1431 Sed

144 1476 314 1557 quomam
328 1477 380 1555 td,
395 1475 494 1539 mulo
510 1477 667 1556 docente,
677 1476 813 1556 poterit
828 1477 976 1556 intelligi
991 1493 1036 1541 ex
1050 1476 1094 1539 iis
1113 1493 1204 1556 quae
1224 1475 1309 1555 dixi,
1330 1475 1368 1538 id

143 1601 281 1664 quoque
291 1583 494 1664 praeteribo
509 1583 651 1647 sr'lautr'o
660 1601 672 1646 .·
687 1583 750 1648 sed
764 1582 849 1648 illud
860 1584 938 1647 loco
949 1583 1054 1646 huius
1069 1583 1249 1647 adiiciam:
1263 1599 1367 1647 uoca-

142 1693 259 1756 tiones
273 1691 401 1756 horum
415 1691 564 1756 fratrum
581 1691 669 1755 adeo
683 1690 845 1754 efficaces
863 1692 1035 1768 extitisse,
1051 1700 1089 1755 ut
1110 1692 1210 1755 multi
1230 1708 1364 1769 eorum,

141 1799 352 1864 inconsultis
366 1799 537 1880 patribus,
553 1798 624 1862 imo
639 1808 828 1879 antequam
843 1807 939 1862 certo
958 1799 1090 1863 scirent
1105 1815 1143 1862 se
1157 1799 1192 1861 in
1213 1795 1367 1862 Societa-

142 1915 215 1970 tem
231 1915 392 1970 nostram
408 1905 640 1987 recipiendos,
657 1905 727 1968 iam
742 1905 923 1970 uouissent
935 1915 1140 1986 perpetuam
1153 1905 1365 1983 castitatem,

142 2023 389 2095 paupertatem
406 2031 448 2076 ac
465 2011 699 2077 obedientiam
714 2029 752 2076 se
767 2012 803 2075 in
818 2011 1005 2092 Societate,
1023 2013 1178 2094 quandiu
1193 2012 1365 2092 uiuerent,

141 2121 407 2186 obseruaturos.
426 2118 598 2200 Quodque
620 2137 685 2182 nos
706 2136 814 2200 supra
835 2136 941 2198 quam
960 2119 1030 2184 dici
1044 2119 1156 2200 possit
1178 2119 1365 2199 exhilarat,

140 2227 229 2292 illud
244 2237 308 2305 est,
325 2235 461 2292 tantam
476 2227 512 2290 in
526 2244 591 2290 sua
606 2226 792 2290 uocatione
799 2226 1066 2306 firmitudinem
1079 2243 1122 2289 ac
1130 2235 1367 2308 perseuerau-

140 2334 234 2397 tr'am
248 2334 413 2411 retinere,
430 2342 600 2414 tantaque
614 2349 695 2396 cum
716 2333 897 2414 diligentia
920 2329 966 2396 ad
987 2333 1240 2414 perlectionem
1260 2333 1366 2397 anhe-

141 2443 231 2519 lare,
247 2449 284 2504 ut
300 2427 371 2503 nou
385 2439 504 2503 solum
519 2441 562 2502 de
575 2457 614 2502 se
628 2441 870 2521 persuadeant
891 2440 997 2504 citius
1018 2459 1040 2502 a
1061 2446 1176 2504 morta
1197 2448 1366 2522 occupau-

140 2549 211 2612 dos
225 2565 332 2628 quum
346 2566 369 2610 a
383 2547 471 2610 bauo
487 2552 606 2627 coepto
622 2547 812 2621 desistant,
828 2565 954 2610 uerum
969 2553 1002 2609 11
1017 2547 1162 2610 talesia
1171 2549 1367 2628 praebeant

140 2655 176 2719 in
193 2654 405 2732 obedientia,
422 2653 691 2719 mortificatione
706 2663 740 2717 et
755 2653 880 2734 quouis
901 2654 1050 2718 aliarum
1072 2655 1241 2718 uirtutum
1262 2671 1366 2734 gene-

142 2781 195 2841 re,
212 2773 250 2825 ut
264 2762 427 2842 exemplo
441 2761 623 2842 quibusuis
638 2761 716 2824 aliis
731 2777 809 2823 esse
823 2762 969 2841 possint.
983 2760 1114 2825 Omnes
1126 2761 1275 2842 profecti
1286 2769 1368 2825 sunt

142 2869 230 2934 hinc
251 2852 474 2946 SimanchaS,
496 2865 556 2930 ubi
577 2868 705 2930 domus
726 2867 945 2948 probationis
969 2874 1036 2948 151,
1061 2869 1171 2932 tribus
1196 2869 1365 2948 exceptis,

141 2992 294 3058 quorum
311 2976 380 3040 duo
395 2975 494 3039 missi
509 2985 590 3038 sunt
605 2973 833 3052 Plazentiam,
850 2976 975 3039 tertius
990 2991 1074 3040 uero
1093 2976 1365 3040 Barchinonam.

202 3081 380 3164 Samniti,
398 3083 458 3164 qui
472 3084 590 3145 locum
605 3081 694 3145 inter
711 3091 853 3145 nostros
868 3083 947 3146 dari
960 3084 1149 3162 postulent,
1170 3101 1240 3147 non
1260 3083 1369 3147 mino·

141 3192 243 3256 ribus
257 3190 477 3255 ornamentis
491 3188 641 3269 praediti
657 3205 763 3269 quam
778 3189 812 3267 ii,
830 3188 1013 3269 dequibus
1034 3191 1178 3271 scripsi;
1199 3207 1279 3254 cum
1300 3191 1368 3273 pri·

139 3315 239 3362 mum
252 3297 387 3362 sactum
401 3296 506 3361 suerit
520 3297 808 3376 perseuerantiae
822 3313 946 3360 eorum
964 3297 1182 3378 aliorumque
1197 3296 1368 3363 donorum

139 3406 350 3486 periculum,
367 3405 541 3484 eligentur
557 3402 591 3480 ii,
610 3403 669 3484 qui
684 3413 807 3466 nostro
823 3402 982 3468 instituto
998 3405 1255 3469 commodiores
1275 3405 1370 3468 vide·

141 3513 285 3576 buntur.

210 3619 379 3697 laudern,
393 3618 523 3694 Pater,
539 3623 579 3680 ut
593 3618 641 3679 ad
656 3623 802 3681 nostros
812 3619 934 3696 (finem
941 3619 1118 3697 susurrus
1128 3617 1240 3699 r'llt'co)
1250 3636 1364 3681 rever·
1451 3696 1456 3712 Ι

142 3733 221 3804 tar,
235 3734 379 3807 praeter
393 3724 645 3804 confessiones,
667 3743 756 3806 quas
778 3725 873 3788 domi
891 3713 1148 3789 Patres'nostri
1169 3725 1370 3806 frequenter

143 3833 305 3911 audiunt,
322 3831 574 3912 complurimos
589 3840 817 3912 aegrotantes
831 3850 874 3894 ac
893 3832 1106 3896 xenodochii
1126 3849 1301 3912 pauperes
1320 3833 1369 3896 in·

144 3941 278 4018 uisunt,
294 3949 330 4002 et
345 3937 553 4002 confitentes
568 3939 726 4018 audiunt,
743 3939 849 4002 morti
864 3939 989 4003 uicinis
1011 3947 1153 4018 praesto
1176 3949 1268 4017 sunt,
1292 3939 1370 4002 illos

144 4063 213 4112 sua
229 4063 349 4127 opera,
367 4061 409 4108 eo
424 4053 582 4126 tempore
598 4046 811 4124 necessaria,
829 4045 993 4110 adiuturi.

204 4153 245 4218 In
261 4151 441 4216 exercitiis
456 4169 541 4215 uero
557 4151 774 4229 domesticis*
789 4161 859 4216 tam
875 4152 1040 4216 litorariis
1056 4171 1161 4232 quam
1180 4153 1369 4234 spirituali·

139 4260 403 4338 buseumdem
419 4272 604 4323 seruamus
623 4260 791 4338 ordinem,
814 4258 974 4324 camdem
996 4260 1203 4324 adhibemus
1224 4260 1369 4340 diligen·

140 4369 250 4448 tiam;
265 4383 467 4448 omnesque,
485 4365 562 4429 Deo
577 4367 702 4446 gloria,
721 4369 890 4443 valemus,
909 4369 1032 4446 paucis
1052 4367 1220 4447 exceptiS,
1238 4368 1273 4430 in
1296 4367 1369 4448 qui·

140 4477 211 4540 bus
224 4477 340 4540 adhuc
357 4474 560 4538 morborum
576 4475 749 4555 quaedam
765 4475 916 4554 uestigia
934 4474 1256 4554 deprehenduntur.

206 4580 307 4644 Nilu‘l
322 4581 424 4644 aliud
437 4598 515 4644 sese
536 4581 624 4643 milri
641 4582 770 4660 offert,
790 4584 883 4662 qaut
903 4581 1004 4645 Rst‘w
1027 4582 1253 4646 Pateruilatz'
1275 4582 1370 4646 Tuae

138 4689 281 4771 possim
296 4689 462 4766 scribae,
473 4693 728 4770 praeterquam
744 4690 838 4769 quod
853 4690 988 4754 Patres
1002 4706 1044 4752 ac
1052 4691 1194 4766 fratres
1206 4689 1372 4754 uniuersi
