3472 5528
793 528 963 590 errsaaa
982 542 1253 601 Quanamssraas

465 1567 614 1643 loannes
627 1567 772 1641 Xuarez,

501 1664 554 1726 Ex
566 1667 808 1726 commissione
822 1667 931 1728 Patris
945 1668 1142 1729 Gundisalvl
1155 1667 1335 1742 Gonzalez‚

538 1765 629 1826 Patri
643 1765 771 1841 Ignatio
784 1765 826 1827 de
838 1767 978 1842 Loyola.

572 1863 713 1938 Hispali,
726 1869 744 1924 b
758 1864 837 1940 Maji
851 1865 920 1924 1556
932 1866 953 1923 ¹.

989 2101 1064 2221 n'ls

382 2473 386 2482 ¹
473 2401 547 2465 Pax
562 2401 643 2482 Xpi.
659 2400 745 2485 Jesu
759 2401 804 2464 sit
819 2418 958 2483 semper
974 2402 1168 2466 nobiscum.
1186 2401 1314 2466 Amen.

471 2507 566 2572 Dum
580 2507 639 2572 illa
651 2558 657 2588 ‚
674 2525 765 2590 quae
780 2509 826 2573 ad
840 2517 875 2571 te
890 2508 1139 2589 quadrimestri
1150 2509 1378 2591 praecedenti
1392 2509 1604 2590 scripsimus
1618 2508 1643 2586 ¹,

411 2615 601 2680 admodum
617 2614 658 2680 R.
677 2617 710 2681 in
727 2615 789 2680 X.⁰
805 2615 922 2696 Pater,
938 2623 1140 2697 agerentur,
1155 2616 1298 2680 aduenit
1312 2615 1485 2697 Hispalim
1500 2615 1646 2697 religio·

411 2741 473 2789 sus
488 2724 630 2806 quidam
652 2722 787 2788 ordinis
808 2723 1109 2804 praedicatorum,
1130 2723 1342 2804 hispalensis
1364 2724 1421 2788 ille
1441 2722 1587 2805 quidem
1609 2735 1645 2789 et

411 2831 518 2895 claris
533 2830 738 2912 parentibus
753 2840 862 2908 ortus,
879 2849 950 2894 nou
971 2830 1140 2895 mediocri
1162 2831 1296 2912 ingenii
1317 2831 1479 2894 acumine
1500 2833 1644 2912 praedi·

411 2947 478 3018 tus,
494 2939 650 3020 satisque
665 2939 700 3002 in
715 2939 828 3002 sacris
841 2938 952 3001 literis
967 2947 1147 3018 versatus
1164 2939 1201 3002 in
1216 2938 1466 3019 dignoscendis
1481 2939 1647 3006 moribus

410 3045 569 3126 callidus
587 3047 671 3109 etin
687 3045 907 3127 explicandis
921 3045 1148 3126 conceptibus
1164 3045 1327 3126 copiosus
1342 3043 1365 3125 ⁸3
1382 3045 1451 3125 hic,
1468 3045 1534 3109 etsi
1549 3048 1646 3110 alias

409 3152 624 3218 Societatem
636 3153 721 3236 Jesu
739 3152 859 3216 verbis
879 3153 1113 3234 operibusque
1133 3151 1278 3232 iuverit,
1304 3161 1378 3216 tum
1399 3153 1482 3234 quia
1502 3152 1648 3218 institu-

410 3270 485 3324 tum
499 3261 637 3325 abunde
652 3261 808 3325 animum
823 3260 1041 3340 expleuerat,
1059 3269 1133 3323 turn
1148 3277 1234 3324 vero
1250 3260 1333 3341 quia
1349 3261 1648 3340 consanguineus

411 3368 554 3448 quidam
569 3385 653 3431 suus
669 3365 883 3432 Societatem
897 3368 1011 3447 ipsam
1025 3366 1142 3432 iuerat
1161 3367 1360 3448 ingressus,
1377 3377 1569 3449 postquam
1593 3378 1648 3432 ta·

412 3492 492 3539 men
507 3476 597 3540 alter
611 3492 721 3555 nepos
736 3493 781 3539 ex
796 3491 920 3539 sorore
940 3475 1072 3555 absque
1092 3474 1168 3538 eius
1182 3471 1195 3504 ⁴
1209 3490 1385 3538 consensu
1400 3474 1563 3539 eamdem
1579 3473 1648 3541 So·

412 3581 575 3646 cietatem
590 3583 773 3662 ingressus
788 3589 859 3661 est,
877 3599 942 3645 nec
965 3580 1123 3644 decreuit
1146 3580 1266 3644 statim
1286 3581 1564 3661 consanguineis
1586 3583 1647 3663 (ut

411 3689 479 3768 ipsi
493 3688 669 3769 petebant)
685 3699 870 3769 paternam
883 3687 1138 3752 haereditatem
1149 3688 1292 3766 donare;
1306 3687 1388 3752 hinc
1400 3689 1515 3770 coepit
1527 3692 1645 3754 multo

411 3796 513 3860 aliter
528 3813 633 3878 quam
648 3796 725 3860 heri
741 3807 775 3860 et
789 3795 1043 3860 nudiustertius
1056 3794 1153 3876 loqui
1167 3805 1202 3860 et
1217 3812 1324 3875 agere
1340 3795 1383 3860 de
1395 3796 1525 3859 nostris
1538 3815 1546 3860 ε
1561 3814 1648 3862 coe·

410 3904 462 3986 pit
476 3904 519 3968 de
534 3912 705 3984 suggestu
720 3903 900 3968 miseriam
913 3905 1050 3984 patriae
1065 3920 1151 3966 suae
1167 3903 1369 3983 deplorare,
1387 3911 1508 3983 vtpote
1531 3921 1647 3984 quam

411 4010 628 4090 excipiendis
649 4010 860 4091 quibuslibet
878 4009 1085 4074 haeresibus
1105 4009 1157 4074 sic
1173 4018 1254 4090 apte
1276 4008 1481 4090 dispositam
1504 4010 1649 4077 inueni·

413 4127 477 4196 ret;
494 4118 656 4181 execrari
671 4137 715 4182 cx
731 4119 849 4182 animo
865 4119 1052 4199 quosdam,
1068 4117 1144 4198 qui,
1161 4134 1241 4181 cum
1263 4117 1419 4182 exterius
1438 4117 1651 4199 spirituales

411 4233 446 4288 et
470 4226 546 4288 zelo
567 4225 692 4289 domus
712 4223 855 4290 Domini
879 4225 1058 4289 feruentes
1083 4235 1311 4306 apparerent,
1339 4225 1521 4290 tumebant
1547 4225 1650 4292 intus

454 4505 461 4535 ⁸
493 4503 679 4558 autographae
690 4501 784 4558 duplici
795 4501 864 4558 sollo,
875 4512 917 4545 nn.
928 4501 969 4546 tas
979 4508 1004 4546 et
1014 4501 1063 4546 tat.

452 4577 464 4609 ⁸
492 4575 557 4620 Vide
567 4587 654 4630 supra.
665 4586 726 4630 pag.
736 4571 771 4629 st,
784 4586 808 4618 n.
818 4585 931 4620 cntxxu.

454 4649 466 4681 ³
494 4647 521 4692 Ρ.
536 4646 685 4692 Ludovlcus
699 4647 730 4690 de
745 4645 859 4698 Lunata.
876 4645 905 4691 0.
921 4643 947 4690 S.
962 4645 993 4693 D.
1012 4647 1146 4692 Pouucus
1156 4645 1182 4690 in
1198 4647 1333 4702 Chronico,
1348 4654 1368 4694 t.
1384 4657 1419 4704 vt,
1430 4647 1472 4694 ubl
1483 4648 1515 4694 de
1526 4648 1652 4710 collegio

413 4717 565 4774 Hispalensi
576 4719 640 4772 agit.

453 4793 466 4826 ὁ
493 4788 727 4837 Patrlsbudorlcl.
