3578 5534
360 519 398 580 58
746 523 919 582 errunns
938 538 1208 618 puguatunsrnns

362 683 442 729 rum
455 668 523 732 hae
537 686 594 732 res
609 669 663 732 bis
678 678 780 732 actae
795 679 876 734 sunt
891 679 990 734 tanta
1012 679 1046 732 et
1066 669 1250 732 maiestate
1272 681 1306 732 et
1326 669 1529 744 honestate,
1554 679 1593 732 ut

362 775 584 838 excusserint
598 775 803 855 lachrymas
821 786 856 839 et
876 777 1091 840 doctissimis
1111 787 1147 838 et
1166 776 1390 856 grauissimis
1409 775 1506 853 uiriS,
1530 775 1593 856 qui

361 879 418 943 his
432 880 569 944 actibus
584 881 830 962 interfuerunt,
847 894 882 946 et
896 883 1143 963 praedicarent
1154 899 1328 963 nusquam
1340 899 1378 944 se
1390 883 1590 946 huiusmodi

363 1003 421 1050 res
440 1005 506 1050 nec
525 989 658 1052 uidisse
677 1006 790 1070 neque
814 992 1008 1071 accepisse.
1035 988 1272 1052 iuterfuerunt
1297 992 1399 1055 multi
1424 1006 1591 1070 proceres

363 1093 471 1170 urbiS,
498 1096 717 1175 professores
731 1097 978 1176 humanitatis,
1005 1097 1188 1175 doctores,
1212 1098 1458 1176 iureconsulti,
1486 1114 1590 1160 cano·

363 1199 445 1280 nici,
473 1203 691 1282 scholastici,
708 1204 929 1282 sacerdotes,
951 1205 1132 1276 monachi,
1154 1214 1189 1268 et
1209 1204 1340 1268 ciuium
1361 1203 1510 1284 denique
1533 1220 1590 1266 co-

362 1307 433 1386 pia:
450 1317 484 1372 et
499 1311 656 1374 vniuersi
671 1321 891 1391 spectatores
905 1328 975 1374 uno
991 1329 1052 1375 ore
1071 1312 1174 1375 ualde
1195 1309 1486 1374 commendarunt
1502 1311 1592 1374 haec

364 1413 556 1479 iuuentutis
570 1416 697 1496 studia,
715 1427 749 1480 et
764 1435 827 1498 per
842 1427 954 1481 totam
969 1419 1092 1481 urbem
1103 1434 1174 1481 non
1185 1426 1372 1482 cessarunt
1383 1429 1417 1480 et
1430 1417 1590 1480 carmina

363 1531 398 1583 et
412 1523 533 1586 ludum
547 1523 711 1588 laudibus
725 1526 921 1604 iilustrare,
945 1535 980 1588 et
999 1525 1146 1589 summis
1165 1525 1292 1588 studiis
1311 1525 1509 1604 complecti.
1534 1522 1595 1586 Di·

363 1630 489 1710 scipuli
503 1648 611 1710 porro
630 1632 686 1694 his
706 1633 963 1697 honestissimis
983 1632 1107 1696 studiis
1127 1643 1201 1696 tum
1222 1651 1243 1694 a
1265 1633 1359 1695 uitiis
1380 1641 1592 1708 auocantur,

364 1745 438 1799 tum
452 1740 673 1817 excoluntur,
690 1750 725 1802 et
739 1739 785 1802 ad
799 1741 936 1802 maiora
951 1741 1145 1803 redduntur
1161 1741 1294 1820 parati,
1312 1751 1386 1802 tum
1407 1755 1521 1819 aequo
1542 1738 1594 1800 hi·

363 1844 499 1924 larique
520 1846 637 1910 animo
661 1857 822 1910 nostram
840 1847 1081 1927 disciplinam,
1098 1849 1155 1910 uel
1170 1863 1350 1920 seueram,
1369 1847 1533 1924 subeunt,
1557 1855 1591 1908 et

363 1951 483 2014 ludum
499 1953 681 2016 literarum
702 1957 773 2033 (qui
788 1955 844 2018 his
864 1953 1083 2018 infoelicibus
1104 1955 1321 2034 temporibus
1340 1953 1515 2034 plerisque
1538 1961 1591 2015 est

363 2059 488 2135 grauis
502 2060 751 2140 molestusque)
766 2061 991 2142 frequentant
1007 2069 1206 2140 amantque.

425 2167 464 2230 ln
480 2167 611 2231 Christi
625 2167 709 2250 Jesu
724 2169 901 2231 natalibus
915 2185 1003 2248 puer
1014 2167 1155 2248 quidam
1167 2168 1343 2248 patritius
1356 2177 1477 2230 noster
1488 2167 1593 2229 disci·

365 2275 480 2354 puluS,
497 2275 620 2338 habuit
634 2275 671 2337 in
685 2291 816 2354 magna
832 2276 990 2338 uirorum
1005 2275 1204 2355 frequentia
1219 2275 1418 2337 orationem
1433 2274 1475 2337 de
1491 2275 1592 2352 pueri

364 2383 448 2464 Jesu
473 2382 645 2461 laudibuS,
673 2399 821 2462 eamque
849 2383 1031 2462 perorauit
1060 2390 1160 2444 tanta
1187 2381 1359 2461 dignitate
1384 2393 1417 2443 et
1442 2381 1593 2444 actionis

365 2491 561 2566 maiestate,
589 2499 626 2552 ut
651 2490 903 2568 grauissimum
924 2499 958 2552 et
980 2488 1258 2552 eruditissimum
1282 2505 1455 2568 quemque
1477 2489 1593 2551 uirum

365 2607 604 2658 commoneret
620 2597 665 2660 ad
679 2596 896 2675 lachrymas,
913 2606 948 2659 et
963 2595 1099 2659 cunctis
1115 2595 1265 2674 denique
1280 2604 1460 2674 stuporem
1476 2595 1593 2658 iniice-

365 2711 430 2766 ret.
447 2701 538 2767 Huic
553 2704 707 2766 orationi
727 2703 898 2766 successit
918 2701 1084 2766 Caesaris
1103 2702 1259 2781 Augusti
1279 2702 1487 2780 descriptio,
1504 2703 1592 2764 nati·

365 2811 458 2873 uitas
472 2807 686 2888 SeruatoriS,
702 2809 886 2873 veneratio
902 2819 1103 2889 pastorum,
1119 2808 1292 2872 aduentus
1308 2807 1446 2887 Regum
1461 2809 1496 2871 in
1512 2807 1594 2871 Hie·

365 2918 582 2997 rosolymam
602 2926 636 2980 et
657 2917 757 2998 pueri
777 2917 861 2998 Jesu
884 2917 1046 2980 adoratio
1071 2925 1105 2978 et
1130 2917 1250 2980 nescio
1276 2932 1367 2995 quae
1392 2917 1472 2979 alia.
1493 2915 1593 2978 Haec

366 3025 475 3103 igitur
490 3024 660 3104 mysteria
675 3024 831 3087 carmine
847 3026 1054 3103 complexus
1070 3033 1147 3086 erat
1162 3023 1256 3086 idem
1270 3023 1381 3086 frater
1397 3033 1517 3086 noster
1532 3020 1590 3087 Se·

365 3131 558 3194 bastianus.
573 3130 672 3210 Quae
685 3131 826 3211 quidem
837 3131 1007 3210 opuscula
1020 3129 1236 3192 christianae
1247 3137 1396 3210 poeseos
1409 3147 1430 3192 a
1443 3129 1591 3209 discipu·

365 3240 408 3301 lis
422 3237 565 3302 fuerunt
581 3249 661 3301 acta
677 3247 751 3302 tam
766 3238 940 3316 singulari
954 3238 1095 3300 actione
1111 3247 1145 3300 et
1161 3239 1280 3300 vultus
1295 3237 1467 3315 dignitate
1483 3237 1591 3316 pieta-

364 3358 479 3425 teque,
498 3355 535 3408 ut
549 3346 736 3408 uniuersos
757 3355 976 3423 spectatores
996 3354 1244 3407 conuerterent
1263 3345 1299 3407 in
1322 3343 1593 3406 admirationem

365 3462 398 3516 ct
413 3451 554 3530 collegii
569 3451 681 3515 nostri
696 3451 829 3530 laudes
846 3469 889 3513 ac
905 3451 974 3514 viri
989 3451 1139 3514 studiosi
1154 3451 1246 3513 inter
1260 3467 1299 3512 se
1314 3449 1484 3542 dicerent:
1499 3448 1593 3512 “Vti-

365 3577 447 3622 nam
462 3569 497 3621 et
512 3575 578 3622 nos
597 3558 698 3639 pueri
720 3559 851 3622 exculti
871 3558 1058 3621 fuissemus
1081 3558 1137 3620 his
1159 3557 1297 3620 eximiis
1318 3557 1500 3619 literarum
1521 3566 1592 3619 stu·

366 3667 444 3730 diis!
460 3668 680 3730 venissemus
694 3666 855 3746 profecto
871 3665 916 3728 ad
931 3667 1067 3729 maiora
1078 3664 1309 3745 paratiores,
1323 3661 1517 3743 Stupebant
1528 3663 1592 3742 igi-

365 3785 423 3836 tur
438 3783 472 3838 et
486 3774 681 3837 haerebant
697 3790 818 3835 ornnes
839 3789 919 3835 cum
934 3773 1154 3834 intuerentur
1170 3788 1315 3852 puerOS,
1337 3788 1464 3834 nouem
1485 3779 1520 3833 et
1535 3770 1592 3834 dc·

365 3897 442 3944 cem
467 3897 580 3943 annos
605 3889 719 3957 natos
748 3880 892 3959 egregie
918 3879 1161 3957 pronuntiare,
1187 3879 1370 3958 praeclare
1395 3887 1533 3955 gestum
1558 3887 1593 3941 et

366 3988 501 4052 vultum
521 4005 602 4050 cum
622 3987 795 4066 singulari
820 3995 1005 4049 uenustate
1031 3985 1221 4063 moderari,
1249 3993 1282 4048 et
1308 3977 1436 4048 cuncta
1462 3985 1596 4048 rectius

366 4103 549 4174 praestare
564 4111 670 4174 quam
687 4094 716 4156 si
731 4093 880 4156 fuissent
896 4092 974 4154 uiri.

426 4199 508 4266 Fuit
524 4203 559 4264 in
574 4202 641 4264 hac
657 4200 862 4263 celebritate
881 4209 980 4264 tanta
1003 4201 1186 4263 hominum
1207 4199 1417 4280 frequentia,
1439 4208 1477 4262 ut
1492 4216 1596 4278 opor·

365 4309 471 4372 tuerit
489 4308 671 4387 satellites,
688 4317 749 4371 aut
769 4307 897 4370 milites
919 4305 1087 4386 praesidii
1106 4307 1350 4383 Bononiensis,
1373 4323 1438 4386 pro
1461 4305 1597 4369 foribus

365 4415 506 4494 collegii
531 4424 661 4492 astare,
687 4432 732 4477 ne
758 4415 947 4495 quisquam
968 4415 1035 4478 nisi
1056 4413 1213 4476 eruditus
1234 4415 1406 4477 introiret.
1435 4411 1472 4475 Si
1494 4415 1599 4476 locus

366 4539 452 4586 sane
476 4522 601 4585 fuisset
625 4523 794 4601 amplior,
822 4521 993 4585 adfuisset
1020 4523 1197 4584 maximus
1227 4522 1386 4584 uirorum
1413 4537 1594 4584 numerus:

366 4629 515 4709 proinde
534 4629 690 4709 oportuit
709 4629 823 4692 tribus
842 4629 924 4706 (sic)
941 4629 1029 4690 hacc
1052 4627 1176 4690 eadem
1199 4628 1270 4706 agi.
1288 4627 1525 4690 interfuerunt
1539 4626 1597 4689 his

366 4735 490 4800 diebus
514 4734 645 4800 Rector
671 4737 929 4812 uniuersitatiS,
957 4735 1251 4798 scholasticorum
1268 4735 1410 4810 agmine
1431 4734 1595 4814 stipatuS,
