3504 5532
726 505 798 566 vAu.
821 506 892 566 1556
1376 509 1429 572 111

194 651 289 716 alios
313 651 504 730 omittam),
531 652 590 732 qui
615 653 741 716 iisdem
773 668 851 716 sese
885 651 1117 731 dediderunt,¹
1141 656 1178 719 in
1209 655 1431 735 spiritalibus

194 759 379 822 exercitiis
393 759 673 824 uersantur.llla
689 776 774 822 uero
795 758 935 838 omitto,
955 759 1080 824 Patres
1098 759 1304 841 frequenter
1324 779 1431 828 occu·

195 867 278 945 pari
292 865 575 930 confessionibus
589 875 624 930 et
638 865 732 931 domi
747 876 781 929 et
797 865 883 930 foris
899 866 1093 946 audiendis,
1110 877 1336 933 sacramento
1359 869 1430 934 Eu·

195 971 393 1036 charistiae
405 972 653 1049 ministrando,
676 971 905 1037 concionibus
925 972 1114 1054 habendis,
1130 975 1287 1040 uisendis
1302 991 1429 1056 aegro·

195 1079 256 1157 tis,
273 1077 432 1142 uisendis
445 1078 607 1158 uinculis,
624 1080 890 1144 commonendis
905 1079 994 1158 aliis,
1008 1081 1318 1162 reprehendendis,
1331 1092 1366 1147 et
1380 1083 1429 1148 ad

196 1186 295 1250 uitae
309 1185 553 1265 integritatem
567 1186 777 1252 excitandis.
793 1185 886 1266 Quin
899 1187 1066 1268 Episcopi
1077 1186 1246 1253 Vicarius
1261 1189 1307 1253 ad
1318 1190 1431 1254 multa

195 1300 404 1357 nostrorum
419 1309 528 1373 opera
543 1293 664 1356 utitur.
682 1292 750 1373 Qui
765 1309 836 1356 una
852 1311 932 1357 cum
948 1293 1027 1357 aliis
1046 1295 1291 1376 optimatibus,
1308 1314 1331 1360 a
1345 1297 1432 1360 ciui·

197 1400 285 1462 tatis
301 1398 549 1464 Gubernatore
562 1399 768 1479 postulauit,
785 1409 822 1464 ut
837 1409 999 1464 nostrum
1014 1401 1076 1464 uni
1088 1401 1260 1480 legendae
1282 1403 1429 1467 rhetori·

197 1523 261 1570 ces
274 1505 463 1587 prouincia
482 1506 519 1569 in
541 1506 697 1570 ciuitatis
720 1505 860 1588 publica
881 1506 1093 1586 Academia,
1118 1507 1291 1588 adquam
1312 1524 1358 1572 ex
1379 1509 1432 1574 di·

198 1614 317 1678 uersis
330 1613 420 1677 locis
434 1612 574 1693 plurimi
590 1624 816 1691 concurrunt,
833 1613 1118 1678 demandaretur.
1132 1615 1269 1680 Placuit
1280 1615 1348 1679 hoc
1359 1616 1431 1680 Gu-

198 1721 395 1784 bernatori.
417 1718 487 1800 Qui
503 1727 690 1800 praeterea
710 1720 822 1783 uoluit
840 1730 878 1782 ut
899 1719 1004 1800 idem,
1025 1720 1085 1801 qui
1103 1728 1217 1784 artem
1235 1722 1431 1788 oratoriam
1530 1722 1531 1726 ’

199 1827 430 1910 professurus
443 1836 549 1902 esset,
565 1826 665 1890 initio
680 1826 876 1891 studiorum
891 1827 945 1905 (ut
960 1843 1037 1891 mos
1055 1827 1120 1906 est)
1141 1828 1177 1891 in
1197 1828 1284 1892 aede
1303 1829 1433 1893 maiori

198 1935 402 1998 orationem
415 1933 575 1997 haberet.
599 1933 729 1996 Habita
748 1943 802 1997 est
822 1951 944 1997 coram
961 1932 1224 2013 Gubernatore,
1246 1943 1281 1998 et
1300 1935 1432 1999 artium

199 2041 377 2104 bonarum
393 2038 731 2120 disciplinarumque
750 2038 1023 2120 professoribus,
1048 2049 1082 2103 et
1103 2041 1288 2119 permultis
1306 2041 1431 2106 nobili·

199 2149 280 2226 buS,
311 2154 346 2210 et
370 2146 508 2210 infinita
532 2146 786 2227 discipulorum
810 2146 1046 2226 multitudine,
1073 2157 1215 2227 praeter
1240 2149 1431 2212 multorum

199 2253 406 2336 opinionem
431 2253 556 2318 oratio.
584 2253 641 2317 Ad
666 2271 771 2334 quam
796 2253 960 2332 dialogus
978 2253 1121 2334 quidam
1142 2255 1294 2318 accessit
1319 2263 1434 2319 metro

199 2361 441 2441 conscriptus,
458 2371 492 2424 et
506 2377 644 2424 summo
659 2377 740 2423 curn
755 2361 912 2424 omnium
931 2363 1104 2441 applausu
1119 2379 1140 2423 a
1160 2362 1279 2442 pueris
1299 2363 1433 2426 nostris

203 2470 390 2545 recitatus,
406 2468 466 2532 ubi
480 2467 721 2544 Gubernator,
739 2468 984 2547 magistratus,
1001 2477 1035 2531 et
1054 2485 1136 2532 cum
1158 2469 1373 2549 primoribus
1386 2470 1434 2532 ci·

200 2575 327 2640 uitatis
352 2575 562 2639 nobilissimi
583 2576 710 2656 quique
729 2574 933 2638 scholastici
952 2573 1110 2638 aderant.
1131 2574 1250 2656 Atque
1269 2575 1434 2656 proximo

200 2683 262 2747 die
276 2681 397 2746 Natali
410 2681 456 2746 D.
472 2681 515 2745 N.
530 2682 614 2765 Jesu
629 2679 685 2746 X.¹
705 2682 899 2746 recitarunt
914 2681 1013 2762 pueri
1024 2681 1215 2762 quamdam
1230 2684 1432 2762 aeglogam,

200 2790 256 2854 illi
269 2789 340 2852 diei
354 2790 677 2867 accommodatam,
698 2789 735 2851 in
748 2787 1007 2852 Gubernatoris
1022 2797 1214 2868 conspectu
1229 2797 1263 2851 et
1282 2789 1433 2853 aliorum

200 2896 376 2961 nobilium
401 2907 435 2960 et
461 2896 677 2960 scholarium
701 2897 858 2958 maxima
874 2893 1082 2974 frequentia.
1103 2894 1226 2958 Lectio
1251 2912 1349 2974 uero,
1376 2912 1434 2960 cu·

201 3005 261 3068 ius
280 3004 388 3068 modo
408 3003 563 3082 memini,
584 3020 692 3084 quam
710 3011 852 3084 praeter
871 3002 1022 3064 aliorum
1041 3001 1324 3083 expectationem
1343 3002 1433 3067 bene

200 3113 430 3189 successerit,
457 3112 612 3175 ostendit
636 3110 807 3190 plurimus
832 3109 1085 3190 discipulorum
1110 3126 1318 3173 concursus:
1340 3111 1435 3174 inter

200 3237 296 3302 quos
310 3237 381 3283 non
396 3219 552 3282 ciuitatis
574 3218 696 3296 modo,
719 3233 843 3280 uerum
863 3217 970 3280 etiam
989 3217 1127 3280 externi
1145 3219 1273 3297 quique
1293 3217 1434 3281 nobilis·

199 3326 285 3390 simi
301 3325 442 3389 adsunt.
463 3324 626 3388 Aliorum
647 3324 754 3388 etiam
773 3323 1025 3404 discipulorum
1046 3341 1231 3387 numerum
1245 3325 1281 3387 in
1304 3325 1436 3388 nostris

198 3433 409 3497 domesticis
434 3431 566 3495 scholis
591 3431 723 3494 indies
743 3430 868 3509 augeri
889 3429 1005 3508 uideo,
1031 3430 1125 3510 quod
1145 3431 1316 3494 maiorem
1340 3449 1435 3497 nunc

200 3541 376 3620 temporis
390 3539 495 3603 fidem
511 3539 608 3602 ciues
623 3538 725 3600 nobis
740 3537 941 3601 adhibeant.

266 3645 337 3711 Sed
353 3647 486 3710 diutius
497 3647 533 3710 in
545 3646 601 3709 his
618 3645 835 3723 immoratus,
859 3645 895 3707 in
916 3645 1071 3708 ciuitatis
1086 3645 1366 3708 beneuolentiam
1377 3664 1434 3710 me

202 3752 437 3830 transferam,
454 3769 561 3834 quarn
576 3752 638 3814 tibi
654 3752 760 3814 etiam
775 3761 998 3832 perspectam
1013 3751 1148 3830 opinor.
1163 3750 1252 3814 Nam
1264 3752 1436 3816 miserunt

202 3877 321 3940 nuper
336 3869 370 3922 et
385 3859 619 3938 magistratus
633 3869 668 3922 et
681 3858 839 3938 plerique
855 3858 1010 3920 ciuitatis
1028 3858 1203 3938 primores
1224 3859 1269 3921 ad
1290 3860 1437 3923 nonnul-

201 3968 260 4029 los
272 3966 493 4045 Cardinales,
510 3973 545 4028 et
559 3965 605 4028 ad
619 3965 735 4045 ipsum
749 3963 955 4028 Pontificem
970 3963 1114 4029 Maxim.
1131 3965 1269 4043 literas,
1295 3975 1332 4028 ut
1353 3965 1437 4030 huic

201 4083 329 4136 nostro
351 4072 511 4152 Collegio
531 4072 775 4151 subuenirent,
797 4071 938 4152 quando
959 4071 1086 4135 ciuitas
1107 4088 1170 4151 per
1189 4088 1228 4133 se
1249 4071 1326 4151 ipsa
1348 4071 1437 4135 nihil

199 4189 334 4261 potest.

264 4285 357 4352 Nolo
372 4287 441 4350 hac
457 4285 500 4349 de
516 4304 553 4349 re
569 4288 670 4366 plura
684 4286 814 4363 dicere,
835 4286 897 4349 sed
913 4285 1018 4350 finem
1037 4286 1215 4352 scribendi
1234 4286 1380 4367 faciam,
1404 4292 1435 4354 si

201 4394 292 4458 illud
306 4395 415 4457 etiarn
437 4393 605 4456 addidero
619 4394 684 4457 4.ΟΓ
700 4392 775 4456 fere
799 4393 913 4456 bonae
932 4393 1060 4456 indolis
1080 4393 1323 4458 adolescentes
1344 4398 1436 4462 uelle

199 4509 351 4565 nostrae
363 4497 550 4564 Societatis
561 4499 759 4562 institutum
771 4501 881 4579 sequi;
895 4517 937 4562 ac
949 4516 1052 4579 spero
1064 4500 1206 4563 tandem
1219 4501 1254 4564 id
1266 4502 1439 4568 facturos

203 4607 279 4672 Sed
294 4609 463 4688 quoniam
482 4624 604 4670 eorum
626 4607 825 4670 uoluntates
844 4607 941 4686 prius
964 4607 1118 4686 experiri
1138 4610 1316 4688 uolumus,
1338 4611 1436 4673 nolui

202 4716 369 4798 pluribus
383 4715 453 4777 hac
468 4714 512 4778 de
527 4731 565 4777 re
580 4731 698 4795 agere,
717 4731 823 4794 quam
839 4713 884 4777 ad
899 4714 1081 4778 literarum
1097 4717 1231 4778 calcem
1248 4716 1380 4780 distuli.
