3472 5528
414 494 466 554 216
824 495 996 557 errnnnu
1014 511 1284 566 quoxrunsrnes

415 659 546 722 graeca
571 651 698 723 coepta
723 627 806 706 sunt
833 643 1118 708 extraordinario
1146 653 1305 724 tempore
1333 639 1527 725 explicari:
1557 659 1638 706 nam

416 767 506 831 quae
540 750 576 813 in
609 750 742 814 scholis
775 751 1071 830 declarabantur,
1106 769 1127 813 a
1156 751 1304 832 singulis
1332 759 1470 824 tanturn
1502 751 1539 814 in
1567 751 1640 813 suis

416 857 613 938 gymnasiis
626 858 923 939 percipiebantur.
940 857 988 922 At
1002 875 1096 922 nunc
1116 858 1303 934 dialectici,
1327 858 1499 937 theologi,
1522 857 1638 938 physi·

417 964 460 1044 ci,
483 965 689 1028 coenobitae
709 963 755 1028 ad
775 964 945 1029 discenda
964 966 1217 1045 grammatices
1242 965 1440 1029 rudimenta
1460 973 1494 1027 et
1514 963 1640 1027 Home·
1709 981 1710 1028 l

417 1087 494 1138 rum
520 1072 744 1135 conueniunt.
770 1070 951 1136 Rhetorici
975 1072 1154 1136 orationes
1180 1073 1316 1153 publice
1346 1071 1582 1153 pronunciant
1607 1083 1640 1131 et

417 1180 576 1244 carmina
591 1179 627 1242 in
641 1179 813 1242 honorem
833 1177 1009 1243 Diuorum
1028 1188 1062 1243 et
1083 1197 1201 1243 rerum
1222 1180 1451 1244 honestarum
1470 1177 1640 1241 laudatio·
1709 1213 1710 1250 r

417 1303 497 1352 nem
522 1295 622 1350 tanta
648 1288 804 1350 omnimn
829 1286 1077 1365 admiratione,
1104 1297 1142 1351 ut
1162 1287 1319 1350 nonnulli
1342 1286 1408 1350 sibi
1427 1284 1642 1366 persuadere

417 1411 488 1456 non
503 1395 638 1475 possint
653 1394 849 1475 composita
864 1411 885 1456 a
906 1394 1098 1474 discipulis.

479 1500 612 1566 Censor
627 1499 843 1564 Academiae
858 1519 879 1564 a
894 1500 992 1581 Rege
1008 1502 1152 1580 missuS,
1169 1512 1357 1565 comesset
1378 1509 1523 1585 nostras,
1542 1477 1643 1563 scho'·
1709 1541 1710 1588 ,

382 1597 385 1606 ’
418 1610 471 1672 las
484 1608 676 1688 invisuruS,
693 1609 807 1671 nullos
821 1625 941 1672 secum
956 1617 1099 1690 praeter
1118 1609 1333 1673 domesticos
1352 1607 1516 1686 adduxit,
1537 1617 1579 1669 vt
1602 1607 1643 1668 si·
1709 1633 1710 1694 l

417 1715 602 1794 gnificaret
616 1732 655 1779 se
668 1715 802 1778 nullam
817 1715 853 1778 in
864 1732 929 1778 nos
942 1715 1072 1780 habere
1084 1725 1304 1796 potestatem.
1318 1715 1357 1778 In
1370 1716 1483 1796 primo
1494 1731 1643 1794 gymno·

417 1825 484 1904 sin,
499 1821 547 1887 2.⁰
562 1830 596 1886 et
609 1822 679 1904 39,
701 1823 818 1886 soluta
838 1823 998 1886 oratione
1019 1824 1129 1887 latina
1150 1832 1183 1887 et
1203 1839 1336 1903 graeca
1355 1831 1388 1886 et
1409 1821 1584 1899 carmine,
1609 1821 1643 1884 in

418 1932 498 1996 aliis
517 1948 602 1995 vero
622 1931 815 2011 superioris
833 1931 984 2011 graduS,
1011 1930 1307 2011 disputationibus
1333 1929 1424 1993 inter
1450 1928 1645 2009 discipulos
1709 2005 1710 2022 .

418 2038 547 2102 habitis
562 2038 636 2102 eius
651 2038 824 2102 aduentus
838 2037 904 2101 fuit
918 2039 1124 2102 celebratus.
1150 2037 1261 2101 Biduo
1281 2037 1414 2100 audiuit
1435 2046 1644 2116 praecepto·
1709 2095 1710 2110 ,

417 2163 487 2223 reS,
503 2145 560 2208 cui
574 2153 711 2208 tantum
726 2145 935 2226 placuerunt
950 2154 984 2208 et
999 2145 1174 2225 discipuli,
1191 2153 1229 2207 ut
1244 2142 1340 2208 Patri
1354 2142 1497 2228 Rectori
1513 2143 1644 2206 dixerit
1709 2209 1710 2212 ,

418 2251 642 2316 scribendum
657 2251 723 2316 sibi
739 2250 784 2314 ad
799 2250 933 2330 Regem
950 2268 1039 2330 esse,
1056 2251 1138 2332 quia
1154 2267 1244 2331 quae
1260 2249 1414 2314 vidimus
1436 2267 1507 2312 non
1522 2267 1644 2330 possu·
1709 2327 1710 2340 ἵ

418 2375 497 2423 mus
511 2376 582 2422 non
596 2359 703 2439 loqui,
719 2368 754 2422 et
768 2359 859 2422 sicut
874 2357 1074 2422 audiuimus
1089 2358 1140 2421 sic
1155 2357 1318 2422 vidimus.
1335 2355 1571 2420 Desiderubut
1589 2357 1645 2419 ille

417 2483 462 2529 ne
477 2466 590 2530 nostri
605 2466 799 2545 auditores,
816 2465 862 2530 ad
877 2466 1096 2546 superiorem
1117 2463 1349 2529 Academiam
1371 2465 1468 2542 ituri,
1493 2464 1643 2527 aliorum
1709 2475 1710 2540 ζ

418 2573 671 2637 consuetudine
687 2572 921 2636 inficerentur.
938 2570 1048 2636 Nobis
1062 2590 1101 2635 se
1117 2572 1369 2635 amicissimum
1390 2571 1554 2634 ostendit.
1571 2571 1645 2634 Nec
1709 2595 1710 2660 j

418 2689 452 2743 te
478 2679 594 2758 etiam,
621 2677 827 2743 Reuerende
853 2677 972 2757 Pater,¹
995 2679 1147 2759 ignorat,
1174 2679 1268 2759 quod
1294 2677 1483 2758 aliquando
1508 2678 1644 2742 Romae
1709 2699 1710 2776 }

417 2787 532 2852 suerit.
548 2787 635 2851 Eius
650 2803 778 2850 nomen
793 2795 845 2849 est
860 2785 1049 2850 Balthasar
1064 2787 1107 2850 de
1121 2785 1150 2848 F
1154 2787 1242 2849 aria.

477 2893 516 2958 In
530 2895 601 2957 alio
616 2893 699 2957 item
715 2893 895 2956 hominum
909 2909 1040 2974 genere
1060 2892 1228 2973 dignatus
1250 2902 1303 2956 est
1323 2889 1422 2956 Deus
1442 2891 1523 2973 Opt.
1545 2891 1643 2956 Max.
1709 2899 1710 2904 ’

417 3010 539 3065 nostra
555 3017 664 3081 opera
680 3001 732 3064 uti
746 2999 781 3063 in
797 2999 851 3078 iis,
868 3016 958 3079 quae
972 2999 1019 3063 ad
1034 3017 1136 3064 suum
1147 3000 1317 3063 honorem
1329 3009 1543 3079 spectarent,
1561 3018 1645 3081 quo·

417 3126 493 3174 rum
509 3108 595 3172 illud
610 3125 719 3172 vnum
734 3117 798 3187 est,
816 3107 909 3189 quod
925 3125 1005 3171 cum
1020 3108 1090 3170 duo
1105 3107 1327 3172 diuersarum
1342 3107 1571 3172 scientiarum
1586 3108 1645 3171 do·

418 3227 546 3296 ctores,
563 3233 651 3298 quos
665 3217 775 3295 vulgo
789 3218 939 3279 lectores
954 3215 997 3278 de
1016 3216 1130 3296 prima
1150 3215 1314 3290 dicimuS,
1337 3215 1372 3278 in
1392 3215 1568 3293 claustro,
1586 3215 1646 3295 qui
1688 3296 1694 3310 .

418 3334 472 3390 est
486 3324 580 3405 apud
594 3340 657 3387 eos
671 3323 809 3387 consilii
823 3322 984 3404 capiendi
998 3325 1109 3403 lOCUS,
1126 3340 1206 3386 cum
1221 3322 1371 3387 Rectore
1386 3332 1420 3385 et
1435 3321 1646 3402 quibusdam

419 3431 622 3495 doctoribus
637 3430 680 3493 de
695 3431 852 3494 sessione
872 3430 1150 3507 contendissent,
1167 3447 1208 3494 eo
1228 3429 1438 3494 iniuriarum
1463 3439 1647 3503 venerunt,

418 3549 457 3602 ut
472 3538 578 3602 etiam
592 3537 730 3618 publice
745 3555 816 3600 non
830 3547 967 3601 tanturn
983 3537 1247 3601 contumeliosis
1263 3536 1381 3601 verbis
1401 3553 1439 3599 se
1461 3537 1648 3599 lacessiue-
1709 3547 1710 3626 j

419 3646 500 3725 rint;
517 3645 611 3726 quod
632 3645 794 3708 omnibus
815 3646 927 3727 patuit
950 3653 1092 3726 propter
1115 3644 1323 3724 dignitatem
1347 3659 1591 3724 personarum,
1615 3654 1648 3706 et

420 3753 666 3818 excellentiam
680 3752 874 3832 doctrinae;
890 3761 924 3816 et
940 3752 1139 3833 pertinaces
1154 3752 1188 3814 in
1205 3751 1284 3814 odio
1301 3768 1411 3834 usque
1424 3749 1511 3813 adeo
1523 3751 1648 3830 persti-
1709 3811 1710 3830 ,

420 3861 537 3939 teriut,
559 3869 597 3924 ut
616 3877 708 3924 vnus
728 3859 990 3924 confirmauerit
1011 3877 1049 3924 se
1069 3877 1115 3923 ex
1133 3859 1201 3922 hac
1227 3860 1373 3940 regione
1395 3860 1646 3934 discessurum,
1709 3865 1710 3870 ’

420 3969 487 4033 nisi
502 3970 653 4032 alterum
668 3966 817 4032 docendi
832 3985 976 4032 munere
991 3967 1194 4033 abdicatum
1206 3968 1353 4031 videret:
1367 3983 1519 4047 quorum
1529 3965 1649 4028 simul·
1709 3951 1710 4002 ³

421 4085 513 4140 tates
527 4076 643 4140 Patris
657 4075 819 4141 Rectoris
834 4076 962 4154 studi0,
978 4076 1110 4141 Christi
1122 4076 1347 4153 adminiculo,
1361 4083 1442 4138 sunt
1457 4073 1647 4136 extinctae.
1709 4077 1710 4152 ζ

422 4183 512 4247 Nam
528 4183 632 4248 modo
649 4201 767 4261 vnum,
784 4183 889 4247 modo
904 4184 1054 4246 alterum
1075 4183 1324 4270 conueniente,
1342 4191 1376 4246 et
1391 4181 1524 4245 crebris
1544 4182 1649 4244 collo·
1709 4165 1710 4192 ³

423 4293 515 4373 quiis
530 4291 575 4354 ad
590 4290 820 4354 concordiam
835 4291 1023 4370 excitante,
1040 4308 1081 4354 eo
1097 4291 1164 4355 loci
1180 4299 1364 4368 venerunt,
1380 4299 1417 4352 ut
1433 4307 1473 4352 eo
1489 4286 1544 4350 die
1557 4305 1710 4367 quo

423 4401 565 4466 iubilaei
576 4399 794 4482 indulgentia
807 4399 991 4462 fruendum
1003 4408 1107 4476 esset,
1121 4399 1224 4461 ambo
1237 4397 1281 4460 ad
1290 4409 1451 4462 nostrum
1463 4397 1651 4475 collegium

425 4509 597 4573 matutino
626 4517 784 4589 tempore
813 4506 1001 4572 confitendi
1028 4506 1145 4587 gratia
1180 4503 1405 4570 accesserint.
1442 4497 1710 4568 Habuerunt

425 4615 463 4680 P.
479 4615 678 4694 Rectorem,
696 4615 815 4697 quod
805 4624 855 4678 ita
870 4623 1056 4695 cuperent,
1077 4614 1293 4677 reuersionis
1312 4612 1458 4676 socium.
1480 4609 1561 4674 Fuit
1583 4591 1710 4672 hoc

426 4724 562 4794 ciuibus
577 4738 798 4810 summopere
813 4731 966 4803 gratum,
985 4721 1207 4807 maximeque
1221 4721 1404 4791 literarum
1419 4718 1599 4788 studiosis
