3578 5534
727 571 792 630 ΑΝ.
819 569 888 628 1556
1405 567 1423 625 7

196 733 306 780 vnum
319 715 541 796 Valentiam,
558 726 630 781 tres
645 715 882 796 Placentiam,
905 713 996 778 duos
1015 713 1279 778 Conimbricam
1300 711 1308 744 ¹
1330 714 1423 778 misi·

199 841 289 888 mus.
304 822 423 905 Atque
438 825 481 888 de
494 824 551 888 his
565 825 654 888 haec
669 842 691 887 a
705 823 807 887 nobis
821 823 1019 904 generatim
1034 822 1130 886 dicta
1145 821 1226 884 sint.
1304 843 1307 853 ·

256 931 427 995 Caeterae
442 949 527 996 uero
544 941 688 995 nostrae
703 931 967 1012 occupationes,
984 930 1155 993 exercitia
1169 939 1276 1010 atque
1288 930 1416 1009 studia,

195 1039 322 1118 quibus
349 1055 417 1102 nos
445 1038 604 1102 distineri
630 1039 773 1118 saepius
798 1037 989 1118 accepisti,
1017 1036 1116 1100 etde
1139 1053 1289 1117 quorum
1314 1037 1422 1100 etiam

194 1145 385 1209 uberrimis
398 1146 570 1210 fructibus
584 1147 622 1209 in
634 1146 691 1210 his
706 1145 838 1208 referre
853 1145 898 1208 ad
919 1153 954 1206 te
969 1143 1185 1222 solebamus,
1201 1144 1237 1207 in
1252 1143 1347 1206 aliud
1363 1161 1421 1223 ge·

193 1269 264 1315 nus
278 1271 300 1316 a
314 1252 436 1316 diuina
451 1253 673 1333 prouidentia
689 1259 904 1316 commutata
920 1260 1017 1329 sunt,
1034 1253 1234 1330 multosque
1248 1251 1338 1313 alios
1352 1250 1422 1314 fru-

194 1369 274 1422 ctus
296 1360 399 1423 nobis
418 1370 645 1440 pepererunt;
668 1368 768 1423 tanta
788 1359 881 1422 enim
899 1358 1103 1422 morborum
1122 1358 1177 1420 uis
1196 1365 1332 1421 aestate
1352 1357 1420 1421 ista

192 1466 358 1546 proxima
373 1466 569 1546 Collegium
584 1466 651 1530 hoc
666 1477 825 1530 nostrum
843 1466 992 1544 inuasit,
1013 1473 1052 1528 vt
1067 1465 1103 1528 in
1117 1481 1226 1528 vnam
1247 1482 1326 1528 eam
1344 1481 1421 1528 rem

193 1589 319 1636 omnes
331 1584 474 1637 nostras
489 1574 657 1651 actioneS,
674 1584 823 1636 conatus
838 1581 873 1636 et
887 1571 1003 1636 studia
1019 1581 1228 1635 conuertere
1242 1571 1348 1635 luerit
1363 1589 1420 1634 ne·

192 1696 307 1754 cesse,
322 1690 362 1742 ut
377 1681 493 1759 aliquo
515 1680 621 1743 modo
642 1689 741 1744 tanto
761 1680 853 1742 malo
873 1679 1072 1742 imminenti
1091 1695 1279 1742 occurrere
1300 1695 1419 1756 posse-

192 1803 286 1864 mus;
302 1788 392 1850 adeo
407 1788 499 1850 mole
520 1788 596 1868 ipsa
617 1797 652 1850 et
673 1785 896 1850 multitudine
916 1786 1017 1866 quasi
1038 1785 1284 1849 obruebamnr.
1304 1784 1419 1849 Fuere

191 1894 288 1956 enirn
304 1911 349 1956 ex
363 1894 506 1968 nostris,
523 1894 697 1974 quinario
710 1893 859 1957 febrium
871 1893 1144 1972 morborumque
1152 1908 1284 1971 genere
1298 1901 1333 1956 et
1347 1900 1418 1956 ten·

190 1999 260 2062 tati
281 2009 315 2062 et
335 2001 496 2079 grauiter
517 1999 635 2064 affecti
659 1999 800 2078 luerint,
828 2003 1013 2081 plusquam
1039 1999 1286 2080 quadraginta,
1314 2008 1353 2063 vt
1374 2017 1421 2063 ne

191 2107 434 2186 unusquidem
446 2107 601 2188 reliquus
612 2106 802 2186 uideretur,
815 2109 873 2188 qui
882 2107 1078 2172 domestica
1090 2107 1285 2170 ministeria
1293 2123 1419 2170 curare

191 2222 331 2293 posset:
348 2213 403 2276 illi
423 2214 530 2277 etiarn
552 2214 634 2294 ipsi,
651 2215 709 2294 qui
732 2231 753 2276 a
774 2212 948 2278 Simancis
963 2222 997 2276 et
1018 2213 1163 2277 Concha
1178 2229 1243 2276 nos
1266 2210 1420 2276 adiutori

189 2329 378 2394 uenerant,
395 2321 501 2400 paulo
516 2330 595 2399 post
609 2321 645 2384 in
659 2321 845 2400 grauiores
857 2321 997 2383 morbos
1009 2320 1216 2383 inciderunt:
1230 2329 1306 2383 erat
1319 2337 1416 2400 prae·

187 2437 292 2489 terea
304 2443 419 2506 genus
429 2428 545 2507 ipsum
556 2427 670 2491 morbi
680 2443 803 2506 graue,
816 2426 1052 2505 periculosum
1063 2435 1097 2489 et
1109 2426 1323 2506 diuturnum,
1337 2438 1372 2490 et
1383 2427 1419 2490 in

189 2533 300 2612 quod,
317 2544 547 2613 posteaquam
562 2535 669 2598 leuati
689 2534 908 2611 uiderentur,
929 2551 1052 2597 rursus
1072 2534 1116 2597 de
1137 2534 1276 2613 integro
1296 2535 1420 2598 reinci-

190 2641 319 2704 derent
333 2641 487 2721 saepius,
504 2657 618 2721 neque
632 2658 787 2722 unquam
799 2642 905 2705 saluti
917 2641 1088 2720 pristinae
1103 2641 1239 2704 restitui
1253 2658 1357 2720 posse
1371 2641 1420 2704 ui·

190 2747 381 2824 debantur;
397 2765 509 2829 eoque
525 2747 737 2826 factumest,
754 2759 792 2812 ut
814 2747 944 2811 diutius
959 2747 1142 2812 intermitti
1165 2757 1287 2811 nostra
1302 2749 1420 2811 omnia

190 2853 313 2916 studia
326 2853 433 2917 fuerit
450 2851 612 2931 necesse,
629 2855 723 2934 quod
743 2854 1072 2934 ingrauescentibus
1091 2855 1127 2918 in
1147 2853 1222 2917 dies
1239 2855 1355 2934 magis
1378 2872 1420 2918 ac

192 2960 312 3039 magis
326 2961 470 3036 morbiS,
488 2961 637 3041 unisque
657 2979 702 3024 ex
721 2961 799 3024 aliis
823 2961 937 3024 denuo
957 2962 1059 3041 quasi
1080 2962 1361 3040 renascentibuS,
1386 2973 1421 3026 et

192 3065 354 3130 nondum
378 3068 528 3132 aliorum
552 3068 760 3131 confirmata
786 3068 1006 3142 ualetudine,
1033 3069 1079 3130 ad
1103 3069 1338 3148 paucissimos
1362 3086 1421 3132 res

192 3191 319 3236 omnes
341 3174 507 3238 redactae
527 3175 667 3251 fuerint,
689 3173 748 3254 qui
768 3177 917 3254 negocia
939 3174 1070 3254 omnia,
1091 3185 1165 3238 tum
1185 3176 1326 3256 priuata
1347 3186 1421 3238 tum

194 3280 339 3358 publica
359 3297 485 3344 curare
504 3289 658 3360 possent.
1077 3357 1079 3364 Ι

258 3386 379 3466 Neque
390 3404 475 3450 uero
490 3389 575 3451 solis
589 3388 691 3450 nobis
705 3386 879 3451 familiare
894 3389 961 3452 hoc
976 3389 1051 3460 fuit.
1069 3389 1131 3452 sed
1147 3389 1278 3451 malum
1292 3390 1419 3469 ipsum,

196 3505 235 3556 ut
247 3495 358 3573 pestis
370 3494 542 3574 quaedam
556 3495 662 3573 longe
681 3496 822 3575 lateque
840 3496 1016 3573 saeuiens,
1034 3513 1105 3558 non
1119 3495 1234 3558 solum
1249 3497 1284 3559 in
1299 3496 1424 3560 urbem

197 3601 312 3676 hanc,
339 3599 402 3663 sed
426 3600 700 3682 circumquaque
719 3603 755 3664 in
775 3601 941 3665 finitimos
960 3618 1118 3681 quosque
1137 3602 1287 3681 populos
1309 3604 1422 3676 irruit,

197 3705 378 3786 multoque
389 3723 469 3769 curn
481 3708 637 3785 periculo
650 3717 685 3770 et
698 3717 818 3787 strage
830 3718 1035 3788 grassatum
1046 3719 1110 3771 est.
1129 3708 1159 3772 E
1173 3709 1306 3772 nostris
1325 3727 1423 3790 uero,

196 3813 364 3892 quamuis
382 3813 608 3876 uehementer
628 3815 816 3894 plerosque
834 3823 869 3877 et
889 3830 1002 3894 usque
1021 3814 1067 3878 ad
1086 3814 1311 3894 desperatam
1334 3818 1424 3880 salu·

197 3928 272 3982 tem
287 3917 463 3994 afflixerit,
479 3919 549 3982 duo
564 3928 701 3982 tantum
715 3919 906 3984 desiderati
923 3930 1016 3984 sunt.
1033 3920 1134 3984 Alter
1150 3922 1233 3983 dum
1249 3939 1271 3982 a
1289 3919 1424 3986 Siman-

198 4025 253 4088 cis
268 4024 313 4087 ad
327 4041 393 4088 nos
408 4026 523 4104 uenit,
540 4025 663 4088 morbo
678 4025 715 4088 in
729 4026 855 4090 itinere
879 4035 1080 4105 contracto,
1097 4043 1231 4106 paucos
1250 4037 1330 4106 post
1350 4027 1426 4092 dies

196 4140 378 4193 mortuus:
395 4133 484 4194 alter
499 4131 592 4211 apud
606 4148 672 4194 nos
687 4143 792 4196 acuta
814 4133 904 4196 febri
920 4141 954 4196 et
969 4132 1101 4197 difficili
1115 4133 1270 4212 quadam
1284 4137 1423 4216 apople-

196 4237 271 4312 xia,
292 4235 391 4298 breui
415 4247 572 4316 tempore
592 4239 768 4302 extinctus
789 4249 854 4302 est:
876 4249 1023 4320 uterque
1043 4241 1079 4302 in
1100 4241 1177 4319 ipso
1200 4238 1288 4304 flore
1310 4242 1424 4306 adole-

195 4343 368 4418 scentiae,
381 4342 493 4422 iisque
506 4343 673 4422 moribuS,
686 4347 848 4425 exemplo
864 4347 960 4408 uitae
977 4354 1080 4425 atque
1096 4346 1300 4426 sanctitate,
1318 4366 1425 4429 quam

195 4447 374 4528 usquead
391 4459 607 4528 postremum
622 4451 717 4514 uitae
736 4452 896 4531 spiritum
920 4451 1107 4515 retinuisse
1123 4469 1185 4514 eos
1200 4453 1369 4530 uidimuS,
1388 4467 1425 4520 ut

194 4555 304 4618 lacile
319 4554 364 4618 de
378 4554 498 4618 diuina
515 4557 759 4620 misericordia
774 4557 874 4620 nobis
889 4557 1119 4638 polliceamur
1135 4576 1179 4622 ex
1195 4559 1250 4622 bis
1264 4563 1426 4640 corporis

238 4796 248 4828 ¹
277 4793 346 4839 Vlde
357 4793 469 4840 Pourcr
479 4795 633 4846 chronicon,
642 4803 660 4842 t.
670 4807 695 4850 v,
706 4807 764 4851 pag.
773 4797 820 4848 453,
831 4807 919 4842 annot.
931 4801 950 4842 l.
