3436 5526
375 518 439 575 b08
770 518 941 576 Ltrreaaa
961 535 1230 585 ouatiaiuasraes

380 665 478 727 salus
494 681 565 726 non
580 664 706 726 minori
721 681 827 726 curae
842 665 889 726 illi
905 681 982 726 esse
1000 665 1161 728 videatur
1176 675 1280 744 atque
1296 668 1449 746 propria.
1468 667 1584 728 Verun-

383 781 501 832 tamen
518 771 617 850 (quia
632 780 670 833 ut
685 771 742 834 ille
758 773 824 844 ait)
835 770 978 850 publica
994 772 1146 834 virtutis
1159 780 1224 852 per
1239 772 1335 835 malo
1349 775 1448 849 sacto
1461 773 1514 835 vrb
1526 777 1582 868 est,

382 895 452 940 non
467 877 593 940 desunt
609 877 667 957 qui
683 875 852 941 Societati
868 878 1055 942 detrahere
1075 890 1263 958 conentur;
1280 892 1363 943 sunt
1382 883 1440 959 qui
1459 881 1586 944 moliun-

382 994 438 1047 tur
452 985 610 1062 insidias,
628 993 662 1047 et
677 985 773 1048 faces
788 987 890 1047 nobis
903 996 1072 1066 perpetuo
1083 988 1268 1060 intentant;
1282 989 1423 1066 quando
1435 997 1541 1051 autem
1555 1003 1585 1047 re

383 1091 469 1154 nihil
489 1091 627 1154 efficere
652 1093 788 1170 valent,
816 1093 1013 1157 maledictis
1034 1105 1152 1156 tamen
1172 1103 1206 1156 et
1226 1095 1392 1158 convitiis
1411 1113 1472 1157 nos
1495 1082 1595 1156 laces'

382 1209 478 1278 sunt,
500 1209 701 1280 quantoque
722 1199 943 1262 manifestius
968 1202 1083 1264 oleum
1103 1213 1137 1263 et
1159 1218 1304 1281 operam
1324 1217 1361 1263 se
1382 1201 1522 1281 perdere
1541 1218 1586 1262 co·

373 1315 569 1384 gnoscunt,
597 1314 694 1369 tanto
721 1307 904 1369 acerbiore
931 1307 1085 1370 invidiae
1108 1309 1206 1370 rabie
1227 1309 1485 1372 excruciantur.
1504 1307 1588 1372 Unde

377 1427 415 1476 et
430 1413 572 1496 quidam
587 1411 796 1493 Presbyter,
814 1414 1065 1492 grammatices
1087 1415 1280 1494 professor,
1298 1415 1504 1496 quibusdam
1526 1431 1587 1476 car·

381 1521 545 1598 minibus,
554 1537 645 1599 quae
657 1521 800 1583 scholae
813 1521 928 1583 valuis
941 1520 1047 1584 affixa
1060 1523 1205 1584 inventa
1218 1531 1310 1598 sunt,
1324 1523 1532 1601 gravissima
1542 1537 1588 1582 no·

381 1629 435 1690 bis
449 1628 544 1690 mala
559 1626 779 1689 interminari
799 1644 867 1689 non
889 1637 942 1690 est
960 1628 1114 1706 verituS,
1133 1637 1166 1690 et
1179 1629 1254 1710 ¹nisi
1278 1646 1363 1691 mox
1385 1630 1466 1692 hinc
1485 1629 1588 1708 fugam

383 1733 653 1814 arripuerimuS,
680 1733 773 1812 fore,
797 1733 924 1814 inquit,
947 1745 984 1796 ut
1003 1735 1103 1797 brevi
1124 1751 1261 1798 summo
1281 1752 1363 1798 cum
1381 1736 1546 1799 dedecore
1564 1743 1589 1796 et

381 1842 528 1904 forsitan
543 1841 638 1903 vitae
654 1839 836 1920 dispendio
852 1840 1091 1904 detrudamur.
1105 1841 1138 1904 Is
1147 1851 1275 1918 autem,
1290 1844 1454 1922 quamvis
1468 1843 1538 1905 eius
1549 1840 1588 1902 rei

378 1959 562 2010 auctorem
582 1964 620 2009 se
640 1946 750 2010 fuisse
765 1947 1017 2026 dissimularet,
1039 1957 1157 2011 tamen
1178 1948 1237 2011 diu
1257 1950 1367 2012 latere
1391 1967 1461 2012 non
1483 1947 1588 2028 potuit.

380 2056 469 2119 Cum
485 2056 578 2118 enim
593 2055 735 2134 saepius
750 2065 875 2118 contra
890 2066 1140 2136 praeceptores
1156 2054 1321 2135 Collegii,
1339 2074 1380 2119 ac
1397 2055 1589 2137 praesertin

375 2163 578 2225 ¹studiorum
602 2170 805 2224 exactorem
829 2163 1044 2240 mussitaret,
1069 2181 1111 2225 eo
1136 2163 1230 2242 quod
1249 2163 1284 2225 in
1305 2164 1476 2239 oratione,
1499 2176 1590 2242 quam

375 2287 444 2348 pro
456 2269 581 2332 studiis
592 2268 807 2331 renovandis
820 2270 856 2332 in
868 2270 1001 2333 scholis
1013 2287 1134 2334 coram
1147 2269 1325 2350 Episcopo
1341 2289 1384 2333 ac
1400 2269 1590 2351 primatibus

374 2376 537 2440 civitatis
551 2375 684 2468 habuit,
697 2375 808 2438 verba
821 2377 991 2439 nonnulla
1001 2375 1183 2440 Laurentii
1195 2375 1333 2453 Vallae,
1348 2393 1438 2458 quae
1451 2377 1494 2440 ad
1504 2391 1590 2456 grae-

381 2501 444 2544 cae
456 2483 598 2561 linguae
609 2481 762 2545 dedecus
773 2481 964 2558 faciebant,
980 2483 1229 2561 improbasset,
1243 2484 1342 2560 haec,
1356 2484 1508 2564 inquam,
1522 2495 1590 2544 cum

382 2589 522 2668 saepius
537 2589 593 2650 ille
609 2597 734 2651 contra
755 2587 950 2668 Collegium
968 2607 1037 2651 una
1058 2607 1140 2652 cum
1155 2590 1229 2652 suis
1244 2588 1477 2652 familiaribus
1496 2590 1589 2651 iacta·

380 2705 443 2774 ret,
467 2695 570 2758 facile
591 2696 756 2774 cognitus
780 2706 833 2756 est
857 2695 967 2757 fuisse
987 2711 1166 2774 versuum,
1190 2712 1340 2776 quorum
1360 2696 1431 2758 iam
1453 2693 1592 2758 memini·

381 2819 467 2876 mus,
485 2810 620 2880 auct0r;
645 2811 862 2881 quapropter
876 2802 1074 2882 Episcopus
1089 2820 1168 2865 eum
1183 2801 1218 2864 in
1234 2802 1376 2865 vincula
1393 2801 1515 2865 coniici
1535 2801 1594 2863 ius·

372 2911 434 2986 sit,
452 2907 513 2970 sed
528 2908 632 2988 paulo
647 2917 725 2987 post
741 2908 856 2970 Patris
872 2906 1022 2989 Philippi
1037 2909 1199 2988 precibus
1216 2909 1377 2971 eumdem
1393 2907 1528 2972 dimisit.
1544 2905 1592 2969 Ex

379 3015 433 3078 his
449 3014 607 3095 profecto
623 3032 729 3095 quarn
745 3015 892 3078 charum
907 3015 952 3078 sit
967 3016 1109 3095 optimis
1124 3015 1318 3094 quibusque
1335 3015 1403 3077 hoc
1417 3012 1592 3078 Societatis

380 3123 574 3202 Collegium
590 3120 685 3184 haud
699 3121 883 3186 difficulter
899 3123 1018 3203 colligi
1034 3132 1158 3202 potest.

437 3229 524 3293 lllud
544 3219 649 3292 eliam
666 3228 805 3306 addam,
828 3229 921 3309 quod
935 3230 1210 3310 torpescentium
1231 3240 1375 3310 pectora
1398 3233 1442 3294 ad
1464 3229 1593 3310 pietatis

371 3335 532 3400 studium
547 3353 616 3398 non
632 3335 860 3398 mediocriter
881 3336 1062 3414 diligentia
1091 3336 1221 3399 aeditui
1246 3337 1358 3400 nostri
1380 3349 1415 3400 et
1433 3337 1543 3400 studio
1562 3335 1593 3397 in

377 3442 593 3524 apparandis
605 3443 786 3520 altaribuS,
802 3452 907 3522 atque
920 3443 1008 3506 adeo
1021 3461 1085 3524 pro
1095 3454 1293 3524 temporum
1305 3445 1594 3508 vicissitudinibus

378 3549 561 3614 variandis
576 3550 695 3628 templi
712 3549 940 3625 ornamentis
958 3551 1169 3628 excitantur3
1186 3562 1220 3613 et
1236 3552 1417 3630 paulatim,
1435 3551 1594 3614 suadente

372 3657 519 3736 eodem,
543 3666 796 3735 promoventur
810 3664 844 3717 et
861 3657 1006 3719 inrecte
1022 3668 1213 3736 sancteque
1234 3657 1379 3720 vivendi
1395 3676 1547 3721 amorem
1560 3657 1593 3719 il·

375 3765 553 3827 liciuntur:
571 3763 621 3825 sic
639 3759 647 3792 ¹
663 3762 838 3825 bonorum
853 3779 1019 3828 numerus
1034 3765 1123 3826 mire
1143 3764 1380 3843 locupletatur
1395 3776 1429 3828 et
1445 3773 1591 3828 ornatur.

372 3869 445 3950 Qui
460 3881 589 3933 octavo
605 3886 744 3950 quoque
759 3870 815 3932 die
835 3869 880 3932 ad
904 3870 1136 3933 confessionis
1156 3879 1191 3933 et
1212 3869 1343 3934 Christi
1365 3873 1523 3953 corporis
1546 3889 1591 3934 sa·

378 3986 596 4040 crementum
622 3973 791 4039 accedere
816 3977 940 4054 solent,
964 3978 1035 4039 iam
1061 3986 1201 4040 centum
1226 3981 1523 4058 enumeravimus;
1544 3996 1593 4041 so·

376 4083 603 4147 lemnioribus
618 4101 704 4145 vero
718 4081 819 4144 festis
838 4085 916 4162 plus
937 4083 1053 4146 minus
1072 4085 1259 4164 ducentos,
1286 4104 1352 4150 nec
1370 4103 1454 4150 raro
1475 4083 1592 4150 accidit

374 4200 414 4255 ut
429 4191 668 4254 nobilissimae
684 4190 838 4252 civitatis
851 4201 1034 4254 matronae
1044 4189 1177 4256 Christi
1189 4193 1362 4257 charitate
1376 4211 1545 4258 accensae
1557 4207 1593 4254 ac

290 4363 294 4372 ,
375 4299 626 4374 inflammatae,
643 4297 820 4377 despectis
841 4298 1016 4361 maiorum
1038 4301 1294 4378 stemmatibuS,
1317 4302 1479 4382 corporis
1500 4317 1594 4364 orna·

374 4417 413 4470 tu
428 4416 462 4470 et
477 4404 567 4469 fucis
582 4406 739 4484 abiectis,
757 4406 996 4485 voluptatibus
1010 4407 1115 4486 longe
1130 4406 1273 4486 fugatis,
1296 4427 1333 4472 se
1351 4409 1475 4489 pietati
1497 4409 1591 4473 devo·

376 4525 494 4593 veant,
511 4524 545 4578 et
560 4514 814 4578 conscientiam
829 4531 930 4578 suam
946 4513 1100 4593 perfecte
1115 4515 1159 4578 ab
1176 4517 1270 4579 omni
1287 4519 1390 4597 culpa
1403 4520 1458 4582 vel
1474 4521 1508 4582 in
1521 4533 1592 4600 pue·

374 4673 588 4688 0————-

416 4761 424 4792 ¹
464 4759 553 4804 arasa.
609 4735 611 4744 '
