3504 5532
680 1193 834 1318 o'nxo

195 1585 356 1649 Nicolaus
370 1587 547 1660 Belletille‚
697 1635 702 1654 ,

232 1683 288 1744 Ea
300 1683 542 1746 comnussione
555 1685 666 1746 Patris
679 1685 849 1746 Paschasil
862 1684 974 1760 Brott,

271 1784 362 1845 Patri
373 1783 503 1860 ignatio
515 1784 557 1846 de
569 1759 710 1864 Loyota',

305 1883 454 1957 Parisiis,
469 1883 504 1942 ul
519 1882 648 1958 Aprilis
663 1881 733 1944 1556
747 1884 768 1942 ¹.

629 2144 743 2227 Jesus
764 2144 888 2210 Maria.

204 2412 332 2480 Gratia
345 2423 381 2479 et
396 2432 468 2496 pax
482 2413 556 2479 Dat
575 2413 687 2478 nostri
700 2413 784 2497 Jesu
798 2412 880 2494 Xpi.
896 2412 1053 2494 perfecta
1069 2429 1134 2477 nos
1145 2413 1252 2478 donet
1264 2413 1365 2478 liber·

138 2529 230 2586 tate.

203 2627 313 2713 Juxta
328 2637 581 2694 sacrosanctae
592 2627 813 2692 obedientiae
824 2635 967 2707 statuta,
981 2626 1058 2692 Rue
1074 2635 1110 2692 et
1124 2627 1369 2693 obseruandis-

137 2737 236 2802 sime
261 2733 379 2815 Pater,
402 2733 627 2817 negotiorum
647 2735 877 2815 laborumque
898 2734 1209 2817 quadrimestrium
1233 2745 1369 2800 nostro-

138 2860 226 2908 rum
250 2859 439 2908 successus
459 2841 671 2923 scripturus,
694 2849 925 2924 posteaquam
945 2841 1185 2922 perfunctorie
1204 2842 1373 2907 breuiter·

137 2967 216 3032 que
230 2950 515 3016 recensuerimus
528 2966 581 3027 ea,
598 2965 689 3032 quae
704 2948 799 3014 domi
813 2957 978 3029 aguntur,
995 2965 1086 3029 quae
1104 2948 1148 3013 de
1167 2949 1256 3014 foris
1277 2961 1370 3029 sunt,

138 3073 255 3139 quam
282 3056 507 3138 paucissimis
527 3056 634 3119 etiam
655 3053 732 3120 fieri
752 3055 892 3136 poterit,
916 3056 1207 3137 perstringemus,
1231 3057 1372 3122 silentio

138 3165 295 3241 interca,
311 3180 403 3246 quae
418 3162 567 3228 minoris
578 3179 657 3226 esse
667 3161 835 3227 momenti
847 3161 1023 3242 videntur,
1036 3173 1314 3243 praetereuntes
1328 3182 1371 3228 ue

137 3283 245 3337 tuam
260 3271 393 3336 diutius
407 3269 511 3334 ΒΜ
530 3269 784 3334 Paternitatem
800 3269 919 3334 verbis
937 3270 1094 3335 detinere
1116 3271 1312 3351 videamur,
1333 3272 1370 3336 in

136 3395 326 3444 vanumue
348 3387 534 3444 conterere
553 3387 702 3458 tempus.
726 3375 783 3441 Ad
806 3376 1001 3442 domestica
1021 3377 1130 3457 igitur
1150 3379 1248 3459 prius
1269 3379 1372 3444 deue-

135 3488 299 3551 niemus.

211 3591 312 3658 Adeo
325 3601 425 3656 certa
439 3601 522 3657 sunt
536 3592 693 3657 omnium
707 3593 858 3658 fratrum
873 3593 1058 3673 compositi
1072 3609 1201 3672 mores,
1223 3592 1372 3658 honesta

139 3701 389 3780 conuersatio,
409 3699 649 3781 promptitudo
669 3699 901 3778 obedientiae,
921 3708 1062 3764 mutuus
1084 3717 1195 3781 amor,
1219 3709 1371 3764 caetero-

136 3824 309 3890 rumque,
326 3823 419 3889 quae
433 3807 470 3870 in
485 3806 636 3872 instituti
648 3807 835 3888 tyronibus
849 3805 1086 3889 requiruntur,
1103 3816 1203 3870 tanta
1222 3807 1372 3890 denique

135 3913 330 4000 perfectio,
346 3922 387 3978 vt
397 3914 541 3979 vocatio
552 3931 677 3979 eorum
687 3913 791 3978 facile
802 3913 965 3978 omnibus
976 3915 1166 3993 elucescat,
1178 3931 1244 3978 nec
1256 3932 1373 3996 quem·

136 4039 254 4108 quam
270 4023 381 4087 latere
400 4021 514 4102 possit
535 4021 720 4086 cuiusnam
743 4021 813 4086 sint
837 4020 1010 4102 discipuli,
1034 4020 1136 4102 juxta
1161 4021 1247 4084 illud
1265 4020 1372 4098 domi·

135 4132 270 4197 uicum
301 4128 546 4211 proloquium:
581 4127 629 4191 In
659 4128 725 4193 hoc
751 4133 968 4209 cognoscant
996 4129 1079 4209 quia
1107 4127 1281 4209 dasctpub'
1304 4129 1376 4194 mei

136 4237 239 4304 estis
252 4242 316 4302 etc.
335 4235 347 4268 ¹

185 4516 196 4550 Ι
225 4513 417 4570 autographae
432 4511 528 4570 duplici
542 4512 612 4566 folio,
622 4525 664 4558 un.
678 4513 719 4558 250
728 4521 754 4558 et
768 4514 816 4559 lbi.
827 4512 876 4559 Tot
891 4514 974 4560 lineae
988 4520 1048 4560 eunt
1063 4514 1174 4562 deletae.
1188 4521 1277 4572 totque
1292 4519 1374 4564 verbe

135 4593 295 4642 munte,
304 4583 706 4631 utennoutioneeconfueiooem
714 4587 802 4643 potine
811 4597 887 4643 quam
902 4587 1115 4644 perspicuitatem
1128 4587 1294 4634 adducerent.
1308 4589 1374 4636 Hinc

135 4659 239 4708 melles
248 4657 334 4704 vlam
344 4663 384 4702 eet
394 4656 477 4712 prino
487 4657 618 4713 integrum
628 4663 727 4703 textum
737 4657 839 4710 efferre,
848 4665 938 4712 postea
948 4670 1012 4704 vero
1022 4659 1127 4706 litterae
1136 4670 1153 4705 ι
1163 4659 1276 4706 Poleaco
1286 4661 1375 4709 decur-

135 4730 429 4780 camerinorum.

183 4803 199 4838 ⁸
225 4799 381 4860 joun-1111,
392 4813 417 4846 v.
427 4799 463 4846 ὅ.
