3472 5528
632 489 697 549 All.
719 489 788 548 lato
1271 491 1325 550 215

158 631 312 702 Audiunt
331 634 389 702 hic
410 637 616 702 coenobitae
636 635 858 701 diuersarum
880 635 1091 716 religionum
1110 635 1251 700 circiter
1270 635 1321 716 30,

109 741 220 822 quibus
234 753 270 806 et
282 752 533 824 praeceptores
548 754 630 807 sunt
644 743 745 807 chari
759 753 794 805 et
809 741 958 824 accepti,
974 753 1009 805 et
1024 742 1059 806 in
1075 742 1235 806 docendo
1250 743 1321 806 ido·

107 849 155 910 nei
168 848 244 912 visi.
259 847 370 914 Nobis
383 849 433 914 illi
454 867 493 914 se
506 849 708 932 significant
723 847 827 913 valde
847 849 1048 913 beneuolos:
1072 859 1323 930 praeceptores

106 955 218 1020 leniter
232 973 292 1020 eos
308 966 344 1020 et
357 957 558 1022 humaniter
573 957 609 1020 in
623 956 784 1021 omnibus
804 965 971 1020 tractant.
992 955 1114 1037 Itaque
1129 956 1233 1020 valde
1254 957 1322 1022 illis

106 1071 136 1124 et
148 1064 325 1142 placemus
340 1073 375 1128 et
387 1065 588 1144 probamur.

157 1168 221 1250 Qui
234 1173 351 1251 legere
367 1170 517 1250 discunt,
535 1172 660 1236 horum
675 1169 776 1234 nobis
791 1178 844 1233 est
859 1185 990 1249 magna
1003 1167 1146 1234 virtutis
1158 1182 1320 1252 expecta·

105 1276 156 1355 tio,
170 1279 336 1358 quoniam
351 1279 554 1344 dulcissimo
569 1279 705 1344 timoris
717 1276 784 1342 Dei
795 1278 886 1341 lacte
898 1276 1104 1354 educantur,
1122 1277 1319 1342 doctrinam

103 1385 283 1448 memoriae
310 1395 384 1450 tam
413 1395 581 1450 accurate
608 1384 836 1463 mandantes,
864 1394 903 1447 vt
931 1401 1009 1447 eam
1034 1382 1127 1446 domi
1157 1384 1318 1450 doceant:

102 1499 173 1556 sunt
187 1501 306 1556 autem
322 1509 468 1557 numero
483 1493 529 1555 ad
541 1491 612 1556 300.
636 1491 715 1556 Huc
735 1492 908 1556 accedunt
922 1507 1176 1572 nonnunquam
1195 1508 1317 1572 paren·

101 1607 147 1660 tes
159 1599 362 1680 lachrymis
379 1617 471 1680 quac
485 1616 609 1664 eorum
624 1597 782 1662 indicant
797 1597 979 1675 laetitiam,
996 1597 1160 1678 profusis
1178 1600 1271 1679 quod
1282 1602 1318 1663 li·

101 1703 193 1768 beros
208 1715 282 1770 tam
303 1715 427 1777 sancte
442 1705 586 1770 videant
600 1705 746 1769 institui.
767 1703 927 1768 iurantes
949 1705 1223 1785 reprehendunt,
1245 1715 1315 1771 tam

101 1811 185 1875 domi
199 1829 306 1894 quam
318 1813 417 1893 ioris,
431 1812 654 1895 quodetiam,
668 1829 747 1878 cum
760 1820 841 1875 sunt
852 1810 1075 1891 verberandi,
1089 1814 1203 1876 solent
1214 1813 1250 1876 in
1262 1814 1316 1877 sui

102 1917 331 1984 defensionem
346 1920 534 2000 adducere,
551 1937 596 1983 ne
610 1917 804 1983 caedantur
824 1918 1075 1999 supplicantes,
1093 1919 1186 2000 quod
1201 1919 1315 1984 iuran-

102 2033 147 2088 tes
161 2027 392 2108 obiurgarint.

151 2131 263 2197 Huius
277 2133 456 2216 gymnasii
475 2135 592 2198 nullae
612 2134 702 2198 aliae
722 2144 805 2198 sunt
826 2135 971 2214 regulae
991 2151 1096 2216 quam
1120 2130 1157 2196 lo
1175 2133 1316 2198 diuinae

98 2239 178 2319 legis
192 2250 396 2323 praecepta,
412 2258 563 2322 quorum
578 2250 678 2305 arcta
690 2241 814 2322 quouis
826 2241 881 2304 die
894 2241 1029 2304 saturni
1041 2241 1132 2304 ratio
1147 2240 1312 2321 exigitur,

96 2357 127 2408 ut
140 2365 177 2410 se
191 2351 229 2413 in
244 2349 314 2412 illis
328 2349 515 2414 seruandis
530 2349 718 2429 gesserint:
734 2349 834 2430 pueri
850 2358 968 2412 autem
984 2347 1132 2412 testibus
1154 2347 1314 2412 nituntur

95 2455 295 2520 confirmare
314 2472 353 2520 se
372 2473 437 2519 nec
453 2455 601 2534 iurasse,
617 2473 681 2520 nec
702 2471 893 2536 pugnasse,
915 2455 1120 2535 parentibus
1139 2456 1310 2536 paruisse,

93 2563 200 2626 omnia
215 2562 367 2644 denique
382 2562 568 2642 diligenter
588 2572 766 2626 executos.
790 2561 891 2641 Quod
911 2562 941 2624 si
956 2561 1131 2642 quispiam
1153 2579 1310 2644 compre·

94 2666 216 2734 hensus
236 2679 289 2734 est
311 2670 488 2750 inculpa,
512 2670 543 2734 is
566 2668 611 2734 ad
633 2678 898 2756 praeceptorem
917 2669 1115 2748 adducitur,
1138 2687 1159 2732 a
1182 2688 1251 2751 quo
1273 2681 1308 2734 et

91 2773 259 2841 Christum
281 2777 424 2841 veniam
444 2795 573 2857 rogare
591 2778 741 2856 iubetur,
762 2777 887 2841 deinde
906 2777 1104 2856 verberari,
1130 2786 1308 2858 postremo

91 2884 256 2948 sacerdoti
272 2884 443 2950 confiteri.
462 2883 527 2948 His
542 2901 648 2964 saepe
664 2882 701 2946 P.
716 2883 846 2978 Rector
856 2884 1027 2948 interesse
1039 2885 1139 2947 solet.
1153 2883 1306 2949 Plurima

89 2987 246 3054 intereos
261 2993 430 3056 eueniunt
444 2992 599 3056 maxime
614 2990 944 3070 animaduertenda,
966 2990 1060 3054 etad
1075 2990 1233 3055 diuinum
1248 2992 1307 3054 ho·

90 3111 201 3162 norem
217 3099 429 3180 spectantia,
446 3116 548 3179 quae,
565 3116 609 3162 ne
624 3101 769 3178 longum
784 3098 925 3172 faciam,
942 3099 1078 3162 tacebo.
1095 3099 1218 3180 Itaque
1233 3101 1306 3162 vni·

87 3205 170 3266 uersi
191 3206 228 3270 in
252 3207 445 3286 magistros
469 3215 552 3270 sunt
572 3207 704 3286 optime
723 3207 881 3270 animati.
905 3205 1091 3269 Proiectus
1117 3206 1305 3285 aliquando

86 3310 221 3388 quidam
242 3312 287 3376 ad
313 3313 581 3378 coenobitarum
606 3314 717 3376 vitam
731 3313 927 3390 colendam,
945 3329 966 3375 a
988 3329 1052 3375 suo
1072 3312 1217 3377 doctore
1238 3314 1304 3377 dis-

87 3419 193 3496 cessit,
219 3437 355 3484 summa
378 3419 645 3502 lachrymarum
670 3421 773 3501 copia
795 3429 930 3483 testans
955 3437 993 3483 se
1017 3430 1156 3483 tantum
1179 3419 1304 3484 benefi-

86 3523 182 3604 cium,
199 3527 291 3606 quod
308 3527 415 3590 vellet
431 3527 596 3608 religiose
613 3528 746 3606 viuere,
763 3536 948 3607 acceptum
967 3526 1028 3601 illi,
1050 3536 1198 3607 excepto
1213 3526 1301 3607 Deo,

85 3631 297 3708 potissimum
310 3624 456 3698 referre.
473 3634 562 3699 Illud
576 3635 683 3698 etiam
698 3633 832 3697 addidit
847 3651 896 3714 se,
914 3633 1082 3714 quoniam
1104 3633 1179 3697 eius
1193 3651 1302 3698 causa

84 3747 169 3804 esset
198 3739 435 3818 christianuS,
466 3740 679 3806 monendum
704 3757 783 3804 esse
807 3749 841 3804 et
870 3741 1096 3807 excitandum
1121 3740 1241 3804 verbis
1269 3751 1303 3805 et

84 3848 246 3928 exemplis
264 3849 311 3913 ad
335 3847 507 3912 maiorem
529 3849 624 3912 vitae
648 3847 911 3929 perfectionem.
939 3847 1073 3911 Similia
1099 3857 1133 3911 et
1159 3847 1303 3929 reliquis

84 3955 299 4034 usuueniunt,
324 3955 407 4036 quia
423 3973 467 4018 ex
483 3955 646 4017 omnibus
665 3955 864 4036 gymnasiis
884 3955 1041 4035 plerique
1062 3955 1098 4018 in
1113 3955 1302 4036 religiones

83 4055 334 4140 ingrediuntur.
357 4061 476 4144 Atque
499 4080 543 4126 ex
565 4080 608 4126 eo
629 4061 732 4126 facile
754 4063 833 4144 quis
852 4079 975 4128 eorum
995 4063 1032 4126 in
1052 4071 1300 4144 praeceptores

83 4165 240 4242 pietatem
255 4169 459 4251 perspicere
475 4169 597 4249 possit,
615 4169 707 4252 quod
722 4170 882 4233 absentia
903 4170 1066 4249 magistri
1081 4171 1300 4250 aegrotantis

82 4275 228 4340 maxime
244 4276 431 4353 doluerint,
448 4286 542 4355 etex
559 4276 626 4340 illis
648 4295 738 4340 unus
753 4277 948 4341 orationem
964 4277 1154 4342 confecerit
1174 4277 1219 4341 ad
1240 4296 1298 4360 pu·

83 4377 164 4445 blice
180 4381 435 4464 deplorandam
451 4383 505 4447 sui
520 4385 762 4464 praeceptoris
777 4385 984 4450 absentiam.

132 4485 220 4555 Sunt
235 4507 383 4555 numero
399 4490 444 4554 ad
458 4489 519 4554 900
538 4491 719 4572 (puerulos
739 4492 906 4573 excipio),
924 4511 989 4556 nec
1011 4501 1128 4556 tamen
1149 4493 1298 4574 exignus

82 4603 126 4655 est
137 4613 307 4662 numerus
319 4597 351 4662 si
361 4597 546 4662 caritatem
558 4612 718 4662 annonae
733 4600 915 4680 respicias,
929 4617 998 4680 qua
1010 4597 1183 4680 pauperes
1196 4579 1303 4668 ualde

81 4714 290 4778 premuntur.
308 4703 458 4784 Magnos
473 4705 508 4774 in
523 4705 634 4780 literis
649 4705 783 4778 iaciunt
797 4723 1018 4795 progressus.
1033 4707 1133 4779 Nunc
1145 4709 1297 4796 primum
