3436 5526
353 1351 782 1460 APPEme
805 1393 1080 1458 PRmA

164 2260 206 2325 ln
220 2271 316 2323 tomo
331 2260 456 2340 primo.

169 2359 268 2438 Png.
289 2358 354 2437 12,
364 2364 451 2438 post
465 2359 732 2421 annotationem
744 2359 784 2421 2.·
795 2374 836 2418 Ex
845 2371 1011 2430 sequentibus
1021 2373 1172 2429 Hieronymi
1183 2371 1333 2416 Domenecit

112 2455 195 2499 verbis
207 2455 281 2499 educi
292 2455 404 2509 videtur,
419 2461 525 2510 praeter
541 2453 708 2499 Franciscum
720 2461 745 2497 et
756 2454 924 2498 Benedictum
935 2452 1069 2506 Palatium,
1080 2453 1187 2496 tertiam
1197 2451 1334 2506 quemdam

110 2547 195 2580 eoram
207 2535 317 2580 tratrem
328 2534 487 2581 Societatem
504 2535 601 2580 Romae
618 2535 717 2590 ingredi
735 2536 856 2590 voluisse,
867 2535 912 2578 sed
927 2540 1088 2580 constantem
1103 2535 1129 2578 in
1139 2545 1185 2578 tuo
1202 2533 1335 2587 proposito

112 2617 259 2662 nontaiase.

167 2697 269 2778 Pag.
291 2697 388 2776 105,
398 2703 485 2778 post
507 2697 650 2761 litteras
671 2698 802 2762 Patris
821 2699 962 2778 Elpidii
978 2699 1156 2778 Ugotetti,
1175 2699 1336 2760 addatur

111 2794 193 2858 haec
212 2802 337 2859 annot.
368 2796 409 2859 1.·
433 2810 481 2856 His
497 2814 620 2868 compleri
637 2820 722 2867 potest
739 2814 846 2862 notitia.
860 2825 937 2868 quam
955 2815 1031 2870 hujus
1048 2813 1119 2858 Petri
1130 2814 1160 2858 de
1173 2811 1244 2858 Smer
1260 2811 1337 2856 affert

110 2890 137 2933 P.
148 2891 298 2947 Danaen,
307 2893 325 2937 1.
336 2904 366 2942 c..
375 2894 417 2937 ubi
432 2893 508 2946 diem,
519 2905 568 2948 quo
579 2894 622 2938 iiie
633 2893 704 2948 obiit,
715 2904 765 2937 aon
780 2894 906 2947 assignat.
922 2893 981 2938 Fuit
991 2901 1079 2938 autem
1094 2894 1150 2938 dies
1167 2893 1214 2937 tor
1228 2893 1336 2948 Aprilis.

111 2971 174 3018 Nam
183 2973 219 3018 2·
229 2973 329 3030 Aprilis
337 2973 490 3019 Extremam
498 2975 651 3019 Unctioaem
664 2973 774 3029 accepia
789 2975 905 3031 sequenti
921 2974 1066 3029 Domitia,
1082 2985 1147 3030 quae
1162 2975 1211 3018 tuit
1222 2974 1278 3018 dies
1291 2973 1337 3026 8.·‚

112 3051 192 3099 Sacra
201 3054 373 3099 Eucharistia
382 3055 496 3099 retectus
510 3062 551 3098 est
561 3061 586 3098 et
597 3055 701 3098 tandem
711 3057 775 3099 obiit
785 3057 801 3098 ct
811 3055 874 3100 ocito
883 3055 964 3098 noras
973 3057 1007 3100 de
1018 3055 1098 3100 noent
1108 3054 1152 3098 dei
1162 3055 1252 3106 tanes,
1260 3055 1337 3109 qood.

109 3134 183 3184 iuxta
193 3134 347 3179 hodiernam
357 3135 408 3179 diei
418 3135 496 3178 horas
506 3136 671 3190 computandi
680 3147 786 3191 morem,
797 3136 845 3180 tuit
855 3137 895 3180 die
907 3135 997 3180 Martis
1005 3137 1070 3180 hora
1078 3135 1190 3179 secunda
1199 3135 1339 3179 matutina.

169 3206 271 3286 Pag.
292 3207 386 3286 152,
400 3209 665 3273 annotationi]
682 3211 903 3273 addendum:
917 3226 959 3270 ax
981 3227 1068 3270 stateo
1085 3225 1178 3270 aarum
1192 3227 1338 3270 attentum

109 3306 236 3358 exemplo,
248 3305 384 3358 quodcum
400 3304 459 3349 aliis
475 3305 563 3350 Patris
576 3305 679 3350 Natalis
695 3307 791 3351 litteris
807 3307 923 3360 edemus,
940 3311 1100 3360 compertum
1113 3312 1152 3351 est
1169 3307 1217 3350 has
1236 3306 1341 3350 litteras

110 3383 186 3428 datas
196 3385 278 3429 tuisse
288 3385 325 3429 7.·
335 3384 410 3440 Maii:

170 3457 274 3537 Pag·
291 3457 346 3520 27
350 3456 375 3521 8
377 3507 388 3536 ,
399 3459 663 3523 annotationi?
674 3461 846 3523 addatur?
860 3476 917 3520 Duo
927 3477 1004 3521 etiam
1018 3482 1076 3520 sont
1087 3476 1240 3531 apographa
1254 3487 1341 3520 exem-

109 3556 153 3606 pia
163 3555 272 3598 uetula
283 3563 329 3597 xvr
339 3555 466 3600 coniecta:
476 3556 587 3610 primum
597 3557 622 3601 in
632 3558 684 3602 vol.
694 3555 780 3609 Quod.
791 3555 944 3607 15471552,
954 3555 998 3600 iol.
1009 3557 1069 3600 oiim
1080 3555 1133 3610 too,
1145 3567 1211 3599 nunc
1220 3556 1247 3598 si
1256 3569 1262 3609 ;
1278 3557 1342 3600 aite-

110 3635 166 3668 rum
177 3626 205 3670 in
218 3625 447 3678 Coa.1551,tot.5.

170 3698 274 3778 Pag.
294 3698 394 3777 302,
409 3701 638 3764 annotationi
652 3702 673 3765 Ι
690 3704 801 3766 adde:
815 3718 863 3762 Est
879 3723 906 3761 et
921 3717 992 3762 atiud
1003 3717 1149 3771 exemptum
1160 3715 1341 3770 apograpaun

110 3795 134 3837 a
146 3795 208 3838 coa.
218 3795 294 3848 1551,
306 3795 349 3840 rot.
359 3795 396 3840 57.

170 3867 275 3946 Pag.
304 3867 387 3932 328
396 3918 407 3947 ,
431 3871 699 3935 annotationi]
716 3873 825 3936 adde:
840 3889 967 3942 Quartum
984 3887 1053 3932 aliud
1069 3887 1214 3940 exemplum
1232 3895 1342 3940 apogra-

110 3965 203 4019 phem,
220 3964 259 4009 iiii
275 3965 374 4020 simile,
392 3967 458 4020 quod
470 3973 623 4012 asservatur
639 3970 665 4012 ia
680 3969 803 4013 Historia
819 3971 910 4022 varia,
924 3969 1054 4023 reperitur
1070 3968 1097 4012 in
1115 3968 1167 4011 voi.
1182 3965 1343 4018 Quadrima·

109 4044 213 4088 sirium
223 4043 355 4095 1555,r01.
366 4045 413 4100 115,
424 4045 481 4091 ideo
494 4047 529 4092 ibi
542 4049 668 4102 positam,
684 4049 744 4104 quia
760 4061 855 4094 annum
868 4060 933 4105 prae
947 4061 974 4093 se
989 4047 1041 4093 ie'rt
1054 4049 1114 4100 1555,
1124 4048 1192 4092 diem
1201 4058 1265 4092 vero
1276 4047 1345 4092 tam

111 4123 212 4170 Verum
228 4125 360 4169 indubiam
371 4133 410 4171 est
420 4126 468 4172 hat
479 4127 583 4173 litteras
593 4129 669 4174 datas
683 4141 739 4174 esse
757 4142 823 4174 aaao
841 4131 901 4184 1551,
918 4137 974 4175 tum
991 4130 1051 4184 quia
1067 4129 1135 4173 hone
1153 4139 1248 4172 anuum
1265 4128 1346 4174 habet

109 4207 251 4262 perspicae
262 4207 453 4261 autographum
463 4207 586 4254 Caesaris
599 4210 693 4266 Helori,
705 4217 761 4258 tum
774 4214 834 4268 quia
843 4224 910 4257 anno
926 4213 976 4256 1551
992 4211 1118 4263 venetiis.
1136 4221 1203 4255 anno
1216 4220 1281 4254 vero
1294 4210 1350 4255 1555

108 4286 212 4332 Romae
221 4287 381 4332 versabatur
390 4287 506 4334 Frusino.

171 4359 277 4439 Pag.
307 4359 402 4440 341,
423 4365 652 4429 annotationi
677 4367 696 4430 Ι
724 4367 940 4430 addendum:
968 4383 1242 4438 amputaremus
1254 4383 1348 4428 aarum

109 4457 268 4501 litterarum
278 4460 397 4511 exempla
406 4463 567 4516 apooeraphn
578 4463 721 4518 primumtn
731 4466 781 4508 vol.
791 4465 892 4517 Quadr.
903 4465 1115 4516 1547·1552,1οι.
1128 4465 1191 4510 oiim
1203 4463 1245 4510 400
1254 4475 1290 4519 v..
1304 4462 1345 4508 aot

109 4544 135 4579 et
150 4534 205 4588 402,
217 4545 287 4579 nune
296 4535 324 4580 et
334 4548 369 4588 v..
378 4537 406 4581 85
416 4545 442 4583 et
451 4539 486 4593 ⁸⁶3
494 4543 607 4588 aiterum
617 4544 642 4588 io
654 4543 713 4589 Coti.
721 4545 795 4604 1551,
804 4545 839 4589 foi
848 4545 862 4589 5
871 4558 898 4590 v.
910 4552 936 4590 et
947 4545 961 4588 5
971 4556 992 4589 r.
1003 4551 1029 4589 et
1040 4557 1066 4590 v.

174 4608 246 4672 Ex
281 4607 328 4671 iis
362 4614 590 4694 apographis
624 4617 825 4680 exscribere
860 4634 954 4681 nunc
987 4617 1067 4682 licet
1099 4619 1220 4697 verba,
1257 4634 1349 4698 quae

109 4727 205 4796 pag.
227 4714 405 4794 315111.
426 4719 476 4783 19
495 4729 528 4786 et
549 4723 621 4802 20,
641 4731 681 4788 nt
701 4726 739 4787 in
760 4725 975 4806 apographo
1000 4725 1185 4790 Historiae
1206 4728 1333 4791 variae

279 4827 317 4889 Τ.
335 4849 378 4892 tv.
957 4873 960 4882 ·
1172 4859 1204 4912 41
