3368 5528
347 530 401 590 540
737 529 908 591 erranas
927 547 1199 600 ouanntrrssrass

348 675 444 740 dium
472 674 478 706 ¹
505 686 678 758 penetrat,
707 679 913 759 pertingens
935 693 1048 758 vsque
1071 677 1117 740 ad
1142 676 1353 741 diuisionem
1380 676 1511 740 animae
1534 687 1564 740 et

347 783 505 863 spiritus.
1133 841 1137 847 .

408 889 507 970 Quae
523 891 737 955 Academiae
753 903 895 957 nostrae
910 892 1153 956 oeconomiam
1172 901 1346 972 spectant,
1372 909 1415 954 ea
1437 891 1567 971 quidem

347 996 487 1061 diuinae
502 996 750 1062 prouidentiae
765 999 1017 1078 benignitatem
1040 1015 1133 1062 noua
1156 1000 1233 1062 luce
1255 996 1447 1061 illustrant
1468 997 1568 1060 omm'·

346 1105 478 1184 busque
489 1105 500 1134 ¹
512 1104 661 1169 reddunt
673 1107 913 1187 conspicuam.
927 1106 998 1170 Sub
1010 1105 1116 1170 serias
1128 1105 1335 1169 Natiuitatis
1349 1105 1496 1186 Joannis
1509 1105 1569 1169 Ba·

347 1211 484 1291 ptistae,
501 1209 607 1275 Pater
622 1225 756 1291 noster,
774 1213 933 1294 Baptista
949 1213 1129 1292 Violaeus,
1143 1229 1225 1276 cum
1242 1211 1395 1276 fratrum
1411 1212 1569 1276 comitatu

347 1317 531 1382 Biliomum
548 1321 718 1399 peruenit.
736 1320 841 1384 Ciues
853 1321 899 1384 ad
910 1319 1090 1400 gymnasii
1103 1319 1139 1383 in
1151 1320 1335 1400 proximas
1347 1319 1569 1398 Magdalenes

346 1423 453 1488 ferias
468 1428 776 1506 praeparationem
791 1445 830 1491 se
844 1427 1035 1506 accingunt
1055 1427 1129 1490 suis
1143 1426 1347 1506 impendiis
1364 1443 1571 1508 quamquam

347 1534 454 1607 locuS,
472 1533 615 1597 scholae
629 1534 809 1598 exercitiis
824 1533 929 1598 modo
947 1533 1157 1612 destinatus,
1176 1531 1221 1595 ad
1237 1542 1376 1614 tempus
1396 1533 1572 1598 dumtaxat

347 1639 427 1703 huic
442 1641 520 1702 vsui
535 1640 679 1704 seruiat.
695 1640 746 1704 Re
761 1641 856 1705 omni
868 1642 975 1720 probe
991 1639 1163 1718 confecta,
1189 1638 1334 1703 confiuit
1354 1649 1454 1704 tanta
1478 1640 1571 1703 disci·

346 1747 509 1826 pulorum
525 1739 638 1826 tur'ba,
656 1757 694 1810 vt
707 1748 935 1828 gymnasium
951 1763 1059 1827 aegre
1074 1763 1190 1828 capax
1206 1747 1262 1810 sit.
1280 1745 1371 1810 Nam
1388 1746 1463 1812 lere
1482 1747 1572 1828 quin·

345 1853 442 1931 genti
458 1853 627 1916 classicos
648 1865 897 1935 praeceptores
916 1853 928 1884 ³
950 1853 1026 1934 (qui
1051 1853 1204 1934 quinque
1225 1865 1305 1917 sunt
1328 1859 1493 1919 numero)
1512 1853 1572 1917 fre·

347 1969 526 2040 quentant,
544 1961 701 2042 exceptis
716 1961 782 2039 his,
799 1963 859 2042 qui
875 1961 1116 2040 theologicam
1133 1961 1322 2024 lectionem
1337 1963 1524 2038 accedunt,
1541 1970 1571 2024 et

347 2067 620 2146 AlphabetariiS,
638 2069 697 2148 qui
713 2069 804 2132 intra
821 2068 980 2148 priuatos
995 2068 1165 2148 parietes,
1181 2067 1383 2148 paedagogi
1399 2069 1455 2132 sui
1471 2085 1572 2150 opera

346 2183 503 2237 vtuntur.
519 2173 693 2238 Numerus
708 2175 879 2238 accrescit
894 2175 930 2238 in
946 2175 1021 2238 dies
1036 2175 1151 2252 magis
1166 2190 1208 2237 ac
1225 2175 1350 2253 magis,
1376 2191 1567 2255 speramus·

346 2297 413 2360 que
425 2291 506 2344 ante
518 2281 608 2344 festa
621 2281 788 2345 Natalitia
801 2281 1075 2362 frequentiorem
1087 2291 1280 2344 cateruam.
1294 2280 1459 2345 Delectat
1471 2283 1570 2358 ciues,

347 2397 452 2468 atque
470 2379 566 2450 adeo'
579 2388 832 2452 canonicorum
850 2387 1059 2468 Collegium,
1081 2387 1335 2468 discipulorum
1354 2397 1454 2453 tanta
1475 2389 1571 2452 turba

346 2495 469 2560 diebus
483 2495 632 2574 singulis
652 2503 921 2558 sacrosanctum
941 2493 1072 2559 Missae
1094 2493 1308 2559 sacrificium
1330 2495 1473 2559 insolita
1495 2513 1572 2576 qua·

346 2601 428 2666 darn
443 2601 615 2666 modestia
630 2601 868 2684 frequentans,
885 2603 942 2665 cui
955 2602 1121 2682 frequens
1141 2603 1321 2666 hominum
1343 2611 1469 2666 coetus
1491 2601 1568 2666 assi·

346 2711 406 2774 stit
421 2709 508 2773 hora
528 2710 676 2790 septima
698 2709 881 2774 matutina.
903 2708 1039 2789 Singuli
1061 2709 1280 2790 professores
1300 2709 1442 2774 classici
1466 2710 1570 2774 horas

347 2826 431 2894 treS,
449 2816 576 2896 partim
592 2828 777 2880 auctorum
791 2817 1020 2894 enarrationi,
1037 2816 1167 2896 partim
1181 2815 1436 2896 discipulorum
1451 2817 1488 2880 in
1504 2833 1570 2880 mu·

346 2924 416 2987 tuis
431 2924 755 2988 concertationibus
769 2923 1027 3000 exercitationi,
1050 2932 1131 2986 ante
1150 2923 1345 3000 meridiem,
1367 2941 1410 2986 ac
1431 2923 1571 2987 totidem

346 3041 425 3112 post
454 3031 641 3112 prandium
665 3031 881 3111 impendunt.
919 3029 1113 3094 Primariae
1147 3029 1253 3094 classi
1287 3027 1490 3110 praefectus
1522 3039 1570 3092 est

346 3138 578 3202 Leonhardus
591 3137 796 3215 Masserius,
810 3137 881 3219 qui,
895 3137 1008 3218 pridie
1022 3137 1258 3201 inchoationis
1273 3136 1484 3214 studiorum,
1499 3151 1569 3199 ora·

347 3247 477 3310 tionem
493 3245 528 3308 in
543 3246 716 3309 bonarum
731 3246 861 3308 artium
876 3245 1090 3320 encomium,
1105 3261 1186 3307 cum
1198 3261 1334 3308 summa
1347 3243 1580 3308 circumstan·'

349 3353 393 3416 tis
405 3370 558 3418 coronae
572 3353 702 3432 gratia,
719 3353 754 3415 in
769 3368 906 3416 summo
924 3353 1054 3432 templo
1069 3351 1203 3414 habuit.
1221 3349 1336 3414 Alteri
1350 3361 1493 3430 praeest
1508 3349 1570 3413 Do·

350 3461 464 3526 minus
478 3459 646 3524 Nicolaus
666 3459 931 3538 Lotharingius.
953 3459 1110 3523 Tertiam
1131 3456 1355 3522 administrat
1376 3455 1571 3522 Lodouicus

350 3567 580 3633 Gerardinus.
601 3567 734 3646 Quarto
755 3569 869 3632 ordini
885 3566 1062 3646 praesidet
1076 3564 1230 3648 Jacobus
1245 3563 1424 3629 Morellius
1452 3563 1569 3630 Extre-

294 3697 297 3703 ·
347 3693 442 3740 mum
457 3677 574 3738 locum
589 3684 740 3755 occupat
755 3673 932 3737 Oliuerius
947 3672 969 3750 ⁴,
989 3673 1132 3736 natione
1146 3670 1329 3748 Picardus,
1353 3671 1412 3752 qui
1434 3689 1453 3735 e
1475 3672 1568 3735 colle·

339 3771 406 3864 'gio
422 3782 434 3814 ⁸
450 3781 642 3846 Parisiensi
658 3783 692 3845 in
708 3783 921 3846 Aruerniam
937 3779 1198 3860 commigrauit.
1214 3777 1261 3842 Hi
1283 3779 1392 3859 probe
1414 3795 1480 3844 suo
1500 3777 1569 3841 lun·

347 3900 478 3971 guntur
493 3907 649 3968 munere,
666 3887 800 3972 quom,
820 3898 857 3951 vt
874 3889 977 3968 longe
993 3889 1133 3967 lateque
1147 3884 1335 3950 Societatis
1352 3902 1476 3950 rumor
1494 3898 1568 3946 cum

348 4000 473 4062 illustri
490 3998 620 4062 Christi
636 3998 749 4076 gloria
761 4001 992 4077 propagetur
1007 3991 1030 4058 ⁸.
1046 3995 1124 4074 Ego
1139 3994 1279 4074 quidem
1292 3991 1327 4057 S.
1341 3993 1460 4070 Lucae
1472 4005 1567 4063 euan-

347 4106 478 4184 gelium
503 4123 547 4168 ex
572 4104 731 4184 professo
758 4120 927 4167 enarrare
951 4118 1063 4183 pergo
1088 4118 1169 4164 rum
1198 4099 1399 4164 auditorum
1424 4099 1567 4177 benigno

349 4215 533 4294 applausu.
551 4212 654 4276 Certe
670 4211 969 4274 cumulatissimus
985 4209 1019 4272 in
1036 4207 1167 4272 Christi
1182 4207 1349 4271 horreum
1369 4205 1567 4293 nostrissu·

389 4421 396 4451 l
425 4425 476 4475 per
487 4421 576 4476 ipsius
585 4419 704 4472 gratiam
716 4417 816 4462 addidit
831 4415 968 4462 Polancus.

388 4495 399 4526 2
428 4491 598 4537 omnibus.ln

387 4567 398 4599 ³
424 4574 607 4620 praeceptores
617 4567 728 4608 nostros.
736 4565 773 4610 lo.

388 4641 400 4674 ὁ
427 4635 1100 4702 OliueriusHameleus.Videstuprat.ru,pag.5tl.
1127 4701 1129 4706 Ι
1178 4703 1182 4712 ι

388 4711 400 4742 ⁵
427 4711 538 4765 collegio
548 4713 646 4753 nostro.
658 4708 797 4752 Patareus.
1313 4755 1315 4760 ,
1411 4741 1418 4774 Ι,

386 4779 398 4814 ⁸
426 4783 595 4838 propagetur
605 4783 746 4836 scripserat
755 4779 931 4838 Clayssonins;
942 4777 987 4822 sed
998 4778 1061 4826 illud
1071 4777 1168 4826 delevit
1180 4775 1307 4823 Polancus
1318 4781 1344 4820 et
1355 4775 1478 4823 restituit.
