3472 5528
369 469 423 530 230
594 514 599 528 .
752 469 924 530 errrnau
943 483 1214 538 ouaorurusrnus

371 616 612 692 transiuimu5‚
638 617 677 679 in
702 633 772 697 qua
795 615 1000 680 factumest
1022 617 1199 697 quoddam
1218 619 1400 696 sacellum,
1422 618 1482 681 ubi
1503 633 1600 681 com·

374 724 476 787 mode
491 724 605 804 possit
620 723 803 802 celebrari,
820 734 964 788 seruata
979 733 1182 788 nostrorum
1196 727 1374 790 clausura.

433 831 569 910 Quarto
593 831 672 894 idus
693 830 828 911 Aprilis
846 831 1026 912 profectus
1046 841 1099 896 est
1118 831 1157 895 P.
1183 832 1416 897 Prouincialis
1436 833 1481 896 ad
1502 823 1624 913 oppi·‘
1729 843 1730 932 j

375 939 457 1002 dum
472 939 677 1018 Marchena,
694 937 754 1001 ubi
768 937 944 1019 quoddam
959 940 1060 1002 nobis
1074 941 1291 1004 construitur
1303 942 1503 1020 collegium:
1517 939 1602 1003 inde

376 1045 577 1110 Cordubam
592 1043 827 1126 proiecturus,
845 1054 884 1107 vt
898 1063 971 1122 eos¹
988 1047 1047 1126 qui
1062 1056 1144 1109 sunt
1159 1048 1194 1110 in
1210 1047 1429 1128 probatione,
1447 1047 1602 1111 adhunc

374 1153 499 1216 vrbem
514 1151 733 1230 transferret,
750 1161 825 1215 tum
846 1151 924 1232 quia
949 1153 1182 1232 eleemosinis,
1205 1172 1296 1234 quae
1317 1154 1374 1217 hic
1394 1153 1601 1230 offerentur,

375 1269 539 1340 poterunt
554 1259 764 1323 sufficienter
778 1258 905 1338 fulciri,
922 1268 997 1322 turn
1009 1260 1115 1323 etiam
1127 1269 1270 1341 propter
1282 1260 1385 1325 huius
1398 1261 1496 1324 urbis
1507 1275 1604 1322 com·

376 1367 573 1430 moditates.

426 1453 513 1537 'Hac
537 1473 759 1538 hebdomada
785 1474 892 1537 alium
918 1476 1081 1538 iuuenem
1106 1475 1310 1553 theologum
1335 1475 1448 1538 bonae
1472 1473 1606 1538 indolis

375 1581 588 1644 admisimus
603 1581 648 1644 ad
663 1581 845 1658 exercitia,
862 1580 1007 1644 ductum
1021 1580 1291 1662 Archiepiscopi
1306 1581 1464 1645 consilio

436 1688 533 1751 Haec
549 1697 642 1766 sunt,
658 1705 749 1768 quae
764 1689 806 1750 de
820 1688 888 1751 hoc
904 1688 1153 1768 quadrimestri
1168 1690 1269 1752 nobis
1284 1689 1470 1752 scribenda
1481 1705 1604 1751 occur-

378 1803 475 1859 runt.
494 1795 679 1878 Reliquum
695 1803 747 1858 est
762 1805 800 1858 ut
814 1795 880 1859 hos
896 1805 975 1859 tuos
989 1795 1116 1860 filiolos
1132 1797 1167 1860 in
1182 1797 1367 1860 sacrificiis
1381 1805 1416 1859 et
1430 1783 1605 1860 'orationi-

377 1903 443 1967 bus
457 1901 611 1967 Domino
627 1903 864 1980 commendes
882 1911 920 1966 vt
935 1903 1010 1984 ipse
1025 1920 1126 1966 suam
1138 1903 1238 1966 nobis
1250 1901 1403 1982 gratiam
1415 1903 1604 1982 largiatur,

380 2025 417 2074 vt
434 2012 469 2075 in
483 2011 605 2073 fauore
621 2027 701 2073 cum
716 2011 913 2074 humilitate
928 2011 1107 2089 confundi,
1124 2020 1158 2074 et
1173 2011 1209 2073 in
1221 2019 1423 2090 contemptu
1434 2010 1606 2090 afflictab-

382 2119 565 2198 nrbusque,
581 2118 757 2197 possimus
772 2117 807 2180 in
822 2117 975 2180 Domino
990 2117 1158 2196 gaudere,
1176 2126 1213 2179 vt
1232 2117 1281 2180 ita
1296 2134 1397 2180 suam
1409 2118 1609 2180 sentiamus

380 2226 643 2291 sanctissimam
658 2225 887 2304 voluntatem,
910 2233 945 2286 et
965 2225 1000 2286 in
1019 2224 1182 2288 omnibus
1203 2225 1299 2288 illam
1321 2223 1475 2304 perfecte
1495 2224 1607 2288 adim·

380 2333 550 2413 pleamus.

437 2439 629 2517 Granatae‚
646 2439 758 2520 pridie
773 2439 949 2503 Calendas
964 2438 1060 2518 Maii,
1078 2457 1171 2502 anno
1186 2439 1491 2521 sesquimillesimo
1506 2439 1609 2519 quiu-

283 2543 284 2552 ’
378 2547 585 2628 quagesimo
601 2555 714 2610 sexto,

438 2653 493 2716 Ex
508 2653 756 2717 commissione
771 2652 888 2716 Patris
902 2653 1034 2716 Basilii.

627 2759 725 2824 Tuus
739 2760 905 2824 minimus
918 2759 1011 2824 filius
1026 2759 1061 2824 in
1076 2759 1243 2838 Domino,

1213 2971 1354 3048 †Ru1z.
1377 2975 1398 3048 i
