3504 5532
379 529 435 589 l52
756 530 928 590 erraaae
946 543 1216 598 ouanarussrnes

380 691 455 739 nes.
471 673 509 737 Ρ.
525 673 680 757 Jacobus
694 674 899 739 Gusmanus
909 675 1113 739 doctrinam
1128 673 1359 737 christianam
1379 672 1534 752 exponit,
1552 671 1607 736 di·

382 791 520 846 ctorum
535 800 557 844 a
570 783 703 846 nostris
715 783 900 863 discipulis
912 782 1062 861 exigens
1082 782 1267 858 rationem,
1291 798 1361 861 quo
1381 779 1449 844 uiri
1469 797 1514 843 ac
1533 797 1608 843 rnu-

382 889 487 951 lieres
502 907 544 952 ea
560 887 734 953 audiendo
749 887 1045 969 retractaadoque
1058 888 1276 968 perdiscant.
1290 887 1386 951 Idem
1400 885 1508 950 Pater
1521 886 1608 951 duo·

381 995 448 1058 bus
463 996 638 1058 nobilibus
652 996 812 1077 hispanis
827 995 1025 1077 spiritualia
1047 995 1217 1058 exercitia
1236 994 1430 1074 proposuit,
1452 1010 1606 1074 quorum

383 1103 473 1165 alter
494 1103 746 1183 ingrediendae
766 1101 955 1167 Societatis
974 1119 1105 1182 magno
1127 1111 1265 1165 tenetur
1285 1101 1482 1164 desiderio:
1503 1102 1605 1178 alter,

379 1209 439 1290 qui
454 1209 570 1273 adbuc
584 1209 652 1292 piis
666 1219 852 1274 exercetur
864 1209 1163 1286 meditationibus,
1181 1210 1227 1273 ad
1241 1225 1320 1271 earn
1334 1225 1511 1289 propenso
1531 1207 1606 1272 ani·

378 1331 437 1378 mo
452 1315 580 1380 fertur:
597 1334 662 1380 nos
678 1317 818 1398 quidem
833 1317 876 1380 de
892 1327 1040 1396 utroque
1054 1317 1224 1396 optimam
1244 1333 1342 1396 spem
1365 1315 1606 1395 concepimus,

379 1421 491 1486 Porro
505 1431 648 1504 praeter
663 1423 805 1502 generis
818 1423 1036 1486 nobilitatem
1056 1431 1136 1486 sunt
1157 1422 1193 1485 in
1215 1420 1327 1485 literis
1348 1422 1435 1485 satis
1459 1422 1604 1499 uersati,

380 1529 551 1592 modestia
567 1546 653 1593 uero
668 1539 702 1592 et
716 1530 838 1610 probis
852 1531 1009 1592 moribus
1023 1529 1193 1592 decorati.

439 1635 532 1699 R.d⁸²s
550 1635 654 1700 Pater
671 1635 885 1714 Ludouicus,
902 1637 961 1717 qui
980 1645 1062 1698 ante
1081 1637 1211 1698 multos
1231 1635 1306 1698 dies
1328 1634 1508 1716 proiectus
1526 1645 1606 1699 erat

380 1741 552 1820 Aretium,
570 1743 664 1823 quod
679 1744 715 1806 in
730 1760 773 1805 ea
788 1744 875 1806 urbe
890 1761 909 1804 e
923 1741 1100 1806 Societate
1116 1741 1243 1822 aliquis
1254 1741 1526 1820 desideraretur,
1543 1742 1604 1806 diu

380 1858 523 1928 optatus
539 1849 653 1913 rediit.
675 1849 767 1929 Quid
789 1851 902 1928 egerit
921 1849 1014 1926 boni,
1038 1848 1166 1928 quidue
1188 1849 1295 1912 luturi
1316 1848 1362 1910 sit
1382 1849 1469 1928 spei,
1493 1849 1605 1929 ipsius

379 1955 503 2019 literae
518 1956 759 2020 declarabunt.
780 1956 867 2021 Illud
890 1967 1027 2020 tantum
1050 1956 1177 2034 dicam,
1201 1956 1390 2018 multorum
1411 1955 1602 2034 deuotioni,

378 2063 611 2141 plurimarum
627 2063 731 2126 saluti
747 2064 957 2134 animarum,
974 2061 1161 2125 Societatis
1172 2078 1311 2140 quoque
1324 2062 1457 2140 optimo
1468 2063 1603 2125 nomini

378 2169 484 2232 latius
499 2168 726 2233 diffundendo
742 2180 802 2232 aut
817 2169 1068 2246 confirmando,
1082 2169 1158 2231 eius
1169 2166 1387 2248 proiectione
1398 2168 1506 2230 luisse
1521 2185 1603 2231 eon-

377 2277 518 2340 sultum.

437 2381 618 2446 Hactenus
634 2383 677 2446 de
692 2384 854 2446 omnibus
869 2384 1099 2462 generaliter:
1122 2400 1216 2445 nunc
1236 2383 1403 2462 priuatim
1428 2382 1471 2445 de
1491 2399 1603 2446 uxore

376 2489 498 2568 DuciS,
517 2507 607 2571 quae
622 2489 762 2570 quidem
778 2490 872 2552 bono
887 2507 930 2552 ac
945 2489 1081 2552 liberali
1099 2504 1186 2568 erga
1212 2506 1278 2551 nos
1303 2499 1356 2551 est
1381 2488 1512 2568 animo,
1537 2489 1602 2552 Pa-

377 2604 466 2660 trem
481 2607 599 2659 tamen
613 2597 756 2676 Laynez
772 2596 944 2677 imprimis
960 2607 1072 2674 amat;
1089 2596 1168 2659 ideo
1184 2613 1254 2658 non
1279 2613 1406 2675 parurn
1425 2596 1602 2660 laborauit

376 2715 414 2764 ut
429 2720 508 2766 eum
525 2702 589 2765 sibi
606 2721 625 2766 a
641 2702 810 2766 Pontifice
826 2702 1042 2783 impetraret.
1061 2701 1150 2781 Quia
1167 2719 1251 2764 uero
1268 2703 1341 2765 uoti
1361 2719 1507 2782 compos
1524 2701 1602 2766 fieri

376 2827 446 2872 non
462 2810 588 2890 potuit,
605 2827 646 2871 eo
661 2811 809 2889 grauius
825 2810 913 2886 tulit,
930 2828 999 2889 quo
1020 2810 1134 2888 magis
1154 2809 1354 2872 ualetudine
1375 2809 1535 2888 corporis
1555 2826 1601 2872 ac

377 2917 503 2980 mortis
527 2915 715 2979 formidine
740 2917 955 2979 terrebatur:
979 2918 1046 2980 hac
1068 2918 1162 2980 enirn
1183 2916 1406 2996 potissimum
1428 2915 1471 2976 de
1489 2932 1599 2978 causa

374 3020 517 3085 Patrem
533 3023 676 3102 Laynez
691 3034 913 3102 praesentem
930 3024 1086 3103 optabat,
1104 3031 1141 3084 ut
1156 3023 1206 3085 illi
1221 3022 1458 3098 confiteretur,
1480 3031 1599 3102 atque,

373 3130 479 3192 rebus
504 3129 666 3192 omnibus
691 3147 735 3191 ex
760 3130 872 3208 ipsius
896 3131 1069 3192 sententia
1097 3130 1312 3210 compositis
1336 3127 1474 3207 placide
1499 3127 1600 3192 dece-

372 3235 483 3298 deret.

433 3341 531 3404 Haec
547 3353 627 3404 sunt
643 3341 685 3406 de
702 3343 828 3422 quibus
842 3343 883 3406 T.
904 3343 945 3406 R.
968 3343 1221 3406 Paternitatem
1241 3342 1497 3405 admonendam
1519 3357 1600 3404 cen·

372 3447 518 3512 suimus
546 3448 624 3511 Non
646 3464 698 3512 est
724 3451 817 3530 quod
832 3467 897 3512 nos
918 3449 1073 3512 desidiae
1089 3466 1309 3526 accusemus;
1327 3449 1404 3528 ipsa
1419 3465 1476 3510 res
1496 3447 1600 3510 docet

371 3565 542 3634 quantum
558 3556 682 3618 alienis
697 3556 916 3619 orationibus
932 3557 1164 3635 indigeamus
1182 3555 1284 3634 Roga
1300 3556 1419 3635 igitur,
1437 3552 1512 3618 R.‘¹e
1534 3553 1601 3618 Pa·

370 3671 436 3740 ter,
460 3679 525 3740 pro
552 3662 654 3725 nobis
673 3662 864 3726 Dominum
884 3663 1017 3745 Jesum,
1041 3673 1078 3724 ut
1103 3679 1194 3743 quae
1220 3663 1295 3724 eius
1319 3671 1400 3724 sunt
1426 3662 1598 3726 uoluntati

372 3778 625 3844 consentanea,
642 3769 845 3849 diligentius
860 3771 895 3833 in
910 3779 1090 3850 posterum
1106 3768 1342 3848 perficiamus

434 3874 649 3953 Florentiae,
666 3875 686 3938 8
701 3875 844 3940 Calend.
862 3876 979 3939 Martii
998 3875 1084 3938 1556.

431 3981 472 4045 T.
489 3979 531 4042 R.
548 3981 585 4044 P.
603 3999 729 4046 seruus
743 3982 920 4062 indignuS,

1210 4200 1284 4262 Leo
1307 4198 1436 4262 L1t1us.

433 4516 701 4597 Superscrr'ptio
716 4517 754 4580 in
769 4524 901 4598 quarta
911 4519 1073 4599 pagina:
1088 4519 1110 4587 †
1125 4518 1326 4582 Admodum
1341 4518 1419 4582 R.‘¹⁰
1440 4519 1476 4581 in
1497 4517 1599 4582 Chri·

376 4633 432 4686 sto
446 4622 544 4686 Patri
559 4622 697 4702 ignatio
711 4625 917 4706 Praeposito
937 4626 1101 4690 Generali
1122 4625 1310 4690 Societatis
1329 4625 1425 4708 Jesu,
1449 4622 1596 4688 Rotae.

433 4729 518 4792 Alr'a
542 4747 666 4794 manu:
694 4731 781 4796 1556.
798 4731 989 4796 Florentia.
1007 4732 1291 4812 Quadrimestres
1305 4731 1345 4794 23
1356 4731 1555 4794 Februarii.
