3504 5532
360 496 411 556 172
739 495 911 558 Ltrrnxan
930 512 1200 566 ouxnxmnsrnas

358 655 463 710 antea
478 643 685 726 caprialr‘ori
698 641 705 675 ¹
723 645 816 722 odio,
832 644 900 709 hoc
915 644 1167 710 incredibiliori
1178 663 1300 710 amore
1312 663 1377 710 nos
1388 645 1493 710 modo
1506 661 1584 726 pro·

358 761 566 834 sequuntur:
581 753 641 834 qui
654 753 757 816 nobis
771 753 869 834 prius
880 751 1123 828 detrahebant,
1137 770 1230 818 nunc
1246 761 1407 817 nostrum
1419 753 1585 816 acerrimi

358 869 442 924 sunt
465 859 684 937 defensores3
711 860 840 943 quique
865 860 1045 940 negabant
1069 859 1325 942 frequentanda
1346 869 1583 936 sacramenta,

359 975 444 1048 puta
461 964 719 1031 consessionem
739 975 773 1030 et
793 968 1092 1046 communionem,
1115 984 1209 1032 nunc
1229 966 1383 1031 maximo
1405 966 1514 1030 animi
1528 983 1584 1030 ar·

358 1073 444 1139 dore
459 1091 529 1137 non
545 1075 660 1137 solum
675 1074 734 1137 illa
756 1074 833 1154 ipsa
851 1072 1093 1155 frequentant,
1114 1074 1176 1138 sed
1196 1075 1285 1137 alios
1305 1073 1411 1137 etiam
1430 1073 1476 1137 ad
1490 1071 1586 1136 idem

359 1180 603 1244 cohortantur.
620 1179 755 1245 Verum
768 1199 813 1244 ne
834 1180 926 1262 quod
946 1182 1061 1261 primo
1080 1181 1197 1245 luerat
1216 1179 1403 1245 dicendum
1422 1179 1587 1244 omisisse

358 1287 554 1366 videamur,
570 1289 675 1368 quale
688 1288 851 1352 habuerit
866 1289 933 1352 hoc
948 1289 1136 1367 collegium
1155 1287 1356 1364 exordium,
1380 1288 1505 1368 paucis
1526 1305 1587 1350 ac·

358 1396 448 1476 cipe.

416 1503 594 1584 Principio
609 1504 702 1567 enim
716 1501 809 1566 Rau·
819 1502 857 1566 Ρ.
877 1503 1056 1584 Philippus
1072 1502 1254 1582 Cassinus,
1271 1519 1358 1566 cura
1370 1511 1405 1567 et
1417 1503 1585 1583 precibus

356 1609 505 1674 illustris
519 1613 530 1640 ¹
546 1607 648 1674 Sueri
662 1610 706 1673 de
720 1609 823 1690 Vega
838 1610 911 1691 (qui
925 1611 1029 1675 huius
1043 1610 1200 1675 ciuitatis
1211 1619 1265 1674 est
1276 1610 1446 1690 praeses),
1462 1626 1586 1674 mense

358 1715 478 1780 Martii
494 1716 581 1796 1555,
598 1723 638 1780 vt
651 1715 782 1781 Rector
797 1717 900 1781 huius
914 1718 998 1781 noui
1012 1717 1152 1796 collegii
1167 1726 1271 1794 esset,
1288 1716 1418 1781 missus
1433 1727 1507 1781 est:
1523 1717 1586 1780 hic

357 1823 476 1888 statim
490 1823 527 1888 in
537 1840 675 1888 summo
687 1824 818 1904 templo
829 1824 982 1904 incoepit
994 1823 1210 1901 concionari,
1224 1833 1263 1887 vt
1273 1839 1364 1904 opus
1375 1821 1442 1887 hoc
1453 1823 1587 1886 condu-

357 1929 456 1993 cibile
469 1928 481 1961 ⁸
495 1930 603 1995 luturi
619 1931 759 2010 collegii
774 1932 935 1995 omnibus
951 1931 1197 2010 innotesceret,
1214 1937 1249 1994 et
1263 1947 1332 2012 quo
1344 1930 1449 1994 simul
1460 1947 1588 1994 omnes

357 2037 461 2101 huius
471 2039 569 2102 vrbis
580 2038 717 2102 incolae
730 2040 861 2118 omnia,
874 2055 964 2118 quae
976 2057 997 2101 a
1009 2038 1111 2102 nobis
1122 2039 1158 2101 in
1170 2054 1231 2101 eos
1243 2047 1361 2101 essent
1374 2037 1586 2101 collocanda

358 2161 504 2208 munera
528 2145 669 2225 pietatis
693 2155 940 2226 agnoscerent.
968 2145 1070 2225 Quod
1095 2153 1216 2210 noster
1238 2143 1276 2207 P.
1297 2142 1429 2208 Rector
1450 2159 1587 2224 magno

358 2253 513 2316 omnium
529 2254 704 2334 applausu
713 2251 963 2333 praestaur'sse
977 2250 1176 2316 ‘neminem
1188 2253 1284 2316 latet.
1302 2251 1498 2316 Mirabatur
1509 2251 1587 2315 vni·

357 2375 461 2422 uersa
478 2359 605 2422 ciuitas
619 2360 713 2440 quod
727 2369 831 2424 extra
845 2368 982 2440 tempus
997 2359 1132 2422 XL.²¹¹⁸e
1145 2356 1156 2388 ⁵
1168 2366 1261 2422 esset
1282 2358 1341 2440 qui
1356 2359 1487 2438 populo
1502 2375 1586 2422 con·

359 2465 572 2529 cionaretur.
589 2465 676 2530 Erat
691 2466 786 2529 enim
800 2445 867 2530 hoc
883 2482 1063 2546 nunquam
1079 2475 1182 2530 antea
1198 2465 1326 2529 visum.
1340 2464 1410 2528 Vbi
1421 2481 1508 2529 vero
1523 2483 1586 2545 po·

357 2575 460 2652 pulus
476 2571 546 2652 (cui
560 2573 680 2636 nescio
696 2572 777 2654 quid
792 2573 933 2652 pietatis
953 2590 1060 2654 supra
1081 2581 1243 2636 caeteros
1262 2572 1394 2636 siculos
1414 2591 1435 2635 a
1455 2581 1589 2636 natura

357 2680 518 2744 videmus
533 2679 687 2758 insitum)
703 2679 868 2758 fructum,
886 2680 1005 2760 quiex
1020 2679 1087 2743 Dei
1102 2696 1264 2744 sermone
1280 2679 1449 2760 procedit,
1467 2679 1587 2760 coepit

357 2795 589 2868 praegustare
603 2785 779 2864 (mirabile
793 2783 805 2817 ⁶
819 2785 940 2864 dictu),
956 2803 1067 2867 vsque
1080 2787 1168 2850 adeo
1181 2787 1293 2850 creuit
1305 2785 1488 2850 hominum
1498 2789 1587 2850 mul·

357 2893 481 2972 titud0,
498 2911 589 2975 quae
604 2892 650 2956 ad
665 2893 854 2957 conciones
870 2893 916 2956 P.
933 2893 1100 2957 Rectort’s
1115 2893 1332 2972 confluebat,
1348 2902 1387 2957 vt
1407 2911 1487 2959 cum
1510 2903 1587 2960 tan·

357 3008 414 3063 tae
431 3001 555 3064 turbae
570 3002 738 3080 templum
754 3018 870 3081 capax
884 3018 954 3064 non
967 3011 1071 3078 esset,
1085 3011 1297 3082 cogerentur
1310 3001 1471 3065 homines
1483 3009 1588 3065 extra

357 3110 526 3187 templum
540 3116 647 3186 stare,
664 3125 753 3187 quos
767 3118 820 3171 tot
835 3108 1025 3188 aliquando
1040 3108 1148 3172 luisse
1164 3109 1328 3188 vidimus,
1345 3117 1384 3172 vt
1399 3117 1586 3172 transeun-

357 3215 450 3278 tibus
464 3215 635 3279 transitus
650 3214 905 3279 occluderetur.
924 3213 1138 3294 Saepissime
1157 3214 1306 3280 illustris
1328 3214 1338 3244 ²
1358 3212 1508 3293 SueruS,
1525 3217 1591 3296 qui

358 3322 486 3385 author
501 3332 565 3401 est,
583 3333 621 3386 vt
636 3321 845 3387 Paternitati
860 3319 906 3384 V.
923 3340 994 3385 non
1016 3324 1117 3400 latet,
1139 3323 1242 3390 huius
1262 3321 1410 3402 Collegii
1429 3321 1472 3401 (si
1486 3321 1591 3386 illum

357 3447 465 3492 vnum
482 3430 638 3493 omnium
653 3431 827 3494 bonorum
841 3429 1026 3493 authorem
1038 3430 1283 3509 excipiamus),
1298 3437 1331 3493 et
1344 3430 1469 3509 reliqui
1480 3429 1590 3494 huius

359 3537 513 3600 ciuitatis
528 3546 686 3600 rectores
701 3537 875 3601 affuerunt
890 3536 1131 3616 concionibus
1147 3554 1192 3599 ex
1208 3537 1333 3616 quibus
1344 3553 1415 3600 non
1430 3537 1499 3599 nisi
1512 3553 1586 3600 ma·

357 3646 438 3725 gnis
453 3661 533 3708 cum
547 3644 742 3724 lachrymis
756 3645 1005 3708 discesserunt.
1022 3643 1115 3724 Quid
1126 3643 1170 3706 de
1181 3643 1315 3723 aliquot
1326 3643 1495 3708 nobilium
1507 3661 1585 3707 mu·

359 3753 484 3817 lierum
499 3752 709 3815 admiranda
732 3751 862 3832 pietate
882 3751 1106 3835 recenseam?
1125 3769 1216 3831 quae
1234 3749 1305 3814 R.dl
1326 3748 1364 3812 Ρ.
1388 3749 1556 3832 Philippi
1576 3749 1589 3780 ⁸

360 3860 449 3923 adeo
466 3867 663 3923 commotae
679 3868 760 3922 sunt
774 3859 1006 3938 sermonibus,
1020 3868 1059 3922 vt
1074 3876 1144 3922 non
1159 3867 1385 3938 sumptuosas
1396 3859 1512 3922 solum
1523 3876 1585 3922 ve·

360 3976 431 4030 stes
455 3977 488 4030 et
513 3967 668 4046 reliquos
693 3965 853 4046 corporis
879 3973 1023 4030 ornatus
1049 3965 1284 4046 deponerent,
1309 3982 1435 4028 verum
1460 3965 1584 4040 etiarn,

360 4075 453 4156 quod
467 4075 525 4138 hic
539 4090 718 4153 nunquam
734 4072 848 4136 fuerat
860 4073 987 4152 visum,
999 4071 1141 4137 fuerunt
1153 4074 1353 4150 nonnullae,
1367 4089 1469 4153 quae,
1484 4074 1582 4136 omni

400 4247 408 4277 ¹
439 4244 527 4298 magis
537 4244 658 4299 capitali.
669 4244 811 4289 Ponaxcus.

400 4318 412 4348 ¹
439 4317 495 4359 viri
504 4316 611 4362 addidit.
622 4315 762 4359 Poraxcos.

400 4389 412 4420 ⁸
436 4387 613 4443 peruliialn.

400 4463 411 4495 Α
436 4462 615 4516 praestitisse.
626 4459 663 4504 ln.

401 4531 413 4564 ὓ
441 4532 670 4588 Quadrngeslmae.

401 4603 413 4638 θ
441 4603 698 4650 mirum.Pocaxcus.

401 4677 413 4709 ²
440 4677 572 4722 Dominus
581 4675 681 4720 addidit
691 4675 824 4723 Polancns.

401 4746 413 4782 ⁸
441 4745 619 4797 tractoriam.
