3436 5526
655 597 718 654 Aa.
742 595 811 656 1556
1272 592 1342 652 ,611

110 761 192 810 rum
208 744 384 808 sentinam
399 757 600 822 expurgare
617 741 847 820 contendunt;
864 749 969 820 atque
991 741 1098 804 etiam
1115 757 1159 802 ne
1174 739 1343 802 memoria

110 852 227 926 fallat,
249 860 396 932 peccata
420 851 552 930 scripto
575 848 756 912 adnotant.
775 846 866 928 Quid
887 848 930 910 de
945 847 1000 910 his
1023 850 1157 928 loquar,
1175 847 1245 928 qui,
1262 848 1344 910 licet

111 960 362 1024 adolescentes
382 957 451 1020 sint
476 966 509 1019 et
530 966 651 1020 tantae
671 956 722 1019 rei
741 973 868 1036 parum
894 972 1045 1034 capaces
1071 955 1275 1034 videantur,
1300 952 1344 1016 ad

111 1083 259 1130 sacrum
275 1075 392 1128 tamen
408 1063 538 1128 Christi
556 1081 687 1144 corpus
708 1062 917 1126 sumendum
932 1071 1032 1125 tanta
1047 1062 1177 1142 pietate
1197 1071 1231 1125 et
1247 1079 1344 1124 reve·

112 1173 232 1237 rentia
248 1173 406 1249 veniunt,
425 1180 461 1234 ut
484 1171 589 1233 etiam
612 1183 714 1233 senes
736 1169 771 1232 in
787 1170 840 1232 sui
855 1169 1125 1233 admirationem
1148 1169 1343 1248 rapiantur,

113 1297 207 1361 quae
223 1277 306 1359 (sic)
319 1279 355 1341 hi
371 1294 435 1340 suo
449 1295 518 1340 non
531 1285 674 1339 movent
686 1278 861 1358 exemplo?
873 1274 976 1340 Certe
987 1285 1155 1356 parentes
1170 1275 1248 1356 ipsi,
1262 1275 1345 1338 dum

114 1388 249 1450 liberos
268 1403 366 1462 suos,
391 1401 479 1465 quos
502 1385 580 1448 ocio
602 1395 706 1447 antea
727 1385 928 1464 turpissime
949 1401 1169 1447 marcescere
1189 1399 1232 1445 ac
1253 1391 1346 1445 totas

113 1504 240 1558 noctes
265 1502 425 1572 totosque
451 1492 526 1555 dies
547 1493 624 1554 alea
646 1491 766 1554 ludere
793 1490 965 1571 viderant,
992 1491 1040 1556 ita
1056 1493 1127 1555 iam
1143 1491 1346 1556 immutatos

113 1602 323 1678 observant;
340 1599 521 1663 civitatem
538 1597 659 1662 dicunt
676 1581 844 1662 Societati
866 1609 1035 1679 perpetuo
1052 1599 1290 1679 mancipatam
1304 1615 1345 1660 ac

113 1709 320 1773 devinctam
349 1723 427 1770 esse
456 1705 599 1780 debere,
629 1707 729 1769 cuius
756 1723 862 1786 opera
890 1705 1123 1768 sanctissimis
1151 1705 1346 1785 disciplinis

115 1824 313 1880 exornatur
328 1825 362 1876 et
378 1815 413 1876 in
429 1813 551 1893 primis
565 1813 694 1892 pietate
710 1814 929 1875 honestatur.
945 1811 999 1875 Ex
1010 1813 1191 1893 discipulis
1202 1813 1345 1892 aliquot,

116 1922 290 2004 spectatis
310 1920 466 1984 moribus
482 1939 524 1983 ac
538 1922 724 2000 praeclaro
745 1920 896 1999 praediti
911 1920 1066 1998 ingeni0,
1084 1921 1119 1982 in
1134 1919 1347 1983 Societatem

117 2029 259 2092 admitti
281 2030 438 2108 cupiunt,
464 2027 652 2108 exquibus
672 2027 878 2090 adolescens
893 2026 1048 2106 quidam,
1063 2027 1213 2106 insignis
1235 2027 1348 2090 cuius·

117 2137 202 2201 dam
226 2135 383 2199 doctoris
407 2135 514 2214 lilius
548 2135 790 2197 vehementius
818 2135 998 2198 contendit
1027 2145 1061 2198 et
1090 2144 1130 2198 ut
1156 2135 1349 2214 recipiatur

116 2241 302 2323 efflagitat:
315 2252 349 2306 et
364 2244 445 2306 licet
460 2243 536 2306 eius
549 2253 713 2323 parentes
725 2242 816 2305 bono
828 2241 889 2305 filii
900 2242 1074 2305 desiderio
1091 2259 1155 2323 pro
1169 2243 1264 2306 virili
1278 2259 1347 2306 res·

117 2349 268 2427 titerint,
286 2359 405 2414 tamen
420 2350 620 2427 victoriam,
638 2358 675 2411 ut
692 2366 887 2430 speramus,
904 2359 1125 2428 assequetur.

179 2455 279 2520 Haec
295 2469 388 2536 sunt,
404 2455 481 2521 Re*
499 2455 615 2534 Pater,
632 2474 722 2538 quae
738 2457 781 2520 de
796 2457 880 2520 novi
896 2457 999 2521 huius
1011 2456 1159 2538 Collegii
1170 2457 1288 2522 fructu
1304 2458 1350 2521 di·

117 2565 234 2628 tenda
250 2564 285 2628 in
301 2575 454 2628 mentem
465 2573 650 2642 venerant3
666 2580 776 2644 quare
791 2564 821 2626 si
837 2563 920 2626 illud
933 2581 1040 2627 unum
1052 2565 1229 2642 adiecero,
1245 2565 1350 2629 linem

117 2671 263 2735 faciam.
288 2670 512 2752 Quamquam
535 2671 646 2734 maior
669 2688 753 2751 pars
776 2688 818 2734 ac
841 2672 965 2734 melior
988 2673 1093 2760 huius
1105 2673 1261 2736 civitatis
1273 2672 1350 2737 Col·

118 2779 214 2859 legio
230 2778 489 2859 impensissime
504 2779 612 2856 lavet,
630 2788 748 2841 tamen
764 2779 813 2856 (ut
833 2795 941 2858 supra
961 2779 1094 2843 dictum
1116 2780 1180 2857 est)
1200 2797 1272 2844 non
1294 2781 1349 2843 de·

119 2895 204 2948 sunt
218 2885 279 2965 qui
293 2885 328 2948 in
344 2879 467 2949 necem
481 2895 641 2948 nostram
657 2886 870 2966 conspirent,
892 2887 1020 2966 quique
1040 2885 1254 2951 Societatem
1269 2887 1351 2951 hinc

119 2993 170 3056 ita
183 2993 358 3072 extirpari
369 3004 403 3055 et
418 2991 575 3056 funditus
586 2991 661 3055 tolli
673 2992 885 3070 desiderent,
903 3003 939 3056 ut
953 3011 996 3056 ne
1008 2995 1199 3072 vestigium
1211 2994 1351 3074 quidem

48 3127 52 3134 ·
98 3099 199 3188 „eius
213 3099 404 3162 memoriae
420 3099 583 3180 supersit;
600 3099 662 3162 sed
677 3098 833 3162 diffidere
848 3117 919 3163 non
939 3117 1137 3181 possumus
1155 3101 1214 3165 ubi
1234 3101 1351 3166 fautor

120 3215 155 3268 et
166 3205 310 3269 adiutor
325 3215 377 3268 est
392 3205 566 3283 Christus;
580 3207 686 3270 immo
700 3207 815 3285 potius
827 3207 903 3270 sore
915 3207 1133 3288 confidimus,
1148 3218 1185 3272 ut
1197 3209 1304 3272 etiam
1315 3209 1352 3294 bi

120 3313 266 3377 divinae
280 3313 419 3393 gratiae
431 3313 536 3377 hamo
553 3314 743 3394 aliquando
759 3314 954 3394 capiantur,
969 3317 1028 3394 qui
1044 3317 1216 3380 eiusmodi
1228 3325 1352 3380 contra

121 3418 337 3484 Societatem
352 3421 555 3484 moliuntur.
573 3421 675 3500 Quod
692 3431 728 3484 ut
751 3420 890 3485 facilius
912 3421 987 3485 fieri
1010 3432 1126 3502 queat,
1150 3433 1256 3503 utque
1275 3423 1352 3488 Col·

121 3527 208 3608 legii
221 3527 326 3590 huius
341 3544 449 3608 opera
465 3527 655 3608 plurimum
665 3526 825 3608 Sponsae
840 3527 936 3592 Chri.
954 3529 1146 3604 Ecclesiae,
1161 3531 1299 3595 decoris
1310 3549 1353 3594 ac

122 3633 396 3714 pulchritudinis
416 3635 576 3714 accedat,
601 3645 646 3708 te,
668 3646 771 3715 pater
793 3637 1044 3714 amantissime,
1068 3637 1295 3701 obsecramus
1316 3649 1353 3702 ut

124 3741 230 3804 huius
239 3740 389 3822 Collegii
400 3741 436 3805 in
447 3743 580 3806 sanctis
589 3743 658 3806 tuis
671 3743 854 3806 sacrificiis
867 3755 902 3805 et
915 3744 1134 3808 orationibus
1145 3745 1194 3808 sis
1207 3762 1352 3810 memor.

124 3845 199 3910 Nec
214 3848 307 3912 enirn
321 3847 521 3912 dubitamus
535 3850 602 3913 hoc
618 3848 815 3927 Collegium
830 3851 900 3913 tuis
911 3851 1082 3931 imprimis
1097 3868 1140 3915 ac
1155 3851 1281 3916 deinde
1296 3871 1353 3934 pa·

124 3964 219 4018 trum
244 3955 400 4018 omnium
424 3965 530 4035 atque
550 3954 701 4018 fratrum
724 3956 888 4036 precibus
908 3958 1097 4036 plurimum
1118 3959 1277 4022 adiutum
1298 3961 1352 4022 iri.

125 4061 229 4139 Vale,
246 4073 348 4142 pater
362 4063 504 4142 optime,
521 4080 655 4144 nosque
666 4063 835 4144 perpetuo
851 4067 1119 4130 commendatos
1134 4067 1278 4130 habeas.

188 4167 320 4232 Datum
335 4169 541 4250 SyracusiS,
557 4170 670 4250 pridie
685 4172 820 4235 calend.
838 4171 1047 4236 Decembris
1064 4173 1151 4236 1556.

244 4274 421 4356 Perquam
436 4275 528 4340 Ram
546 4275 773 4341 paternitatis
789 4289 869 4342 tuae
885 4297 1011 4343 servus
1026 4281 1171 4358 inutilis,

666 4466 833 4530 M1caaiit
849 4468 1019 4532 Ancaeus
1035 4467 1233 4532 Laanccos.

189 4702 274 4766 Alia
290 4705 451 4768 mortain
467 4712 598 4784 qrtarta
610 4708 765 4786 pagina:
778 4711 800 4780 i
815 4707 854 4770 C.
874 4707 1052 4772 Siracusa.
1072 4711 1188 4774 Pridie
1207 4713 1352 4778 Calend.

130 4811 339 4877 Decembris
358 4813 445 4876 1556.
