3504 5532
655 549 718 609 Ait.
741 547 810 611 idat
1296 545 1346 605 191

122 711 174 772 ne,
190 695 285 777 apud
299 712 390 778 quos
404 697 604 760 animorum
615 695 763 778 puritas,
776 711 885 759 verus
895 693 1050 759 numinis
1065 695 1193 772 cultus,
1210 692 1351 772 religio·

123 802 245 884 nisque
259 803 476 868 christianae
490 803 678 883 integritas
692 802 874 884 probatur,
890 817 972 866 curn
986 801 1209 866 aemulorum
1233 809 1351 863 autem

122 926 164 973 ac
178 910 434 992 nephariorum
451 911 556 992 graui
576 909 799 989 offendiculo,
820 925 971 992 quorum
992 910 1167 974 scelerata
1192 907 1351 989 nequitia

123 1013 332 1098 effrenisque
346 1017 464 1082 rabies
485 1017 711 1084 sanctissima
732 1032 895 1099 quaeque
916 1017 1062 1098 vipereo
1083 1031 1221 1080 veneno
1246 1030 1351 1078 cona·

123 1132 179 1186 tur
194 1123 348 1204 inlicere,
364 1131 400 1188 et
414 1143 435 1188 a
449 1139 538 1188 vera
552 1123 684 1205 pietate
695 1124 891 1204 deterrere;
904 1139 1028 1188 omnes
1039 1123 1187 1202 rugiunt
1198 1129 1296 1186 certe
1308 1137 1351 1183 ac

123 1228 284 1294 frendent
297 1231 335 1298 in
348 1249 415 1296 nos
429 1232 597 1296 continuo
608 1233 739 1310 leones,
755 1240 794 1296 vt
808 1231 871 1296 vix
885 1230 1040 1295 nondum
1061 1229 1213 1294 emissos
1233 1228 1351 1292 foetus

126 1337 340 1418 interimant,
355 1338 489 1403 lanient
503 1348 609 1420 atque
620 1339 840 1420 discerpant;
854 1353 979 1402 verum
990 1355 1033 1402 eo
1044 1311 1159 1417 ma'gis
1171 1336 1347 1414 saeviunt,

122 1441 214 1524 quod
228 1461 314 1510 suos
327 1453 488 1524 conatus,
505 1445 632 1527 quibus
646 1461 712 1509 nos
727 1443 845 1510 delere
856 1441 1101 1525 moliebantur,
1114 1444 1238 1526 quales
1250 1452 1348 1524 opta·

123 1549 208 1614 bant
223 1553 351 1630 exitus,
366 1569 439 1617 non
454 1569 532 1617 esse
547 1563 796 1634 consequutos,
812 1552 875 1617 sed
890 1553 1008 1634 potius
1020 1569 1085 1616 sua
1100 1567 1164 1633 spe
1178 1567 1274 1615 nunc
1291 1550 1348 1615 de·

123 1673 218 1722 ntum
232 1675 310 1722 sese
324 1659 467 1724 delusos
482 1677 560 1724 esse
574 1659 740 1724 sentiant.
756 1659 885 1724 Mirum
899 1677 985 1724 sane
1001 1674 1108 1741 quam
1124 1659 1257 1723 misere
1276 1675 1352 1722 cru·

122 1761 271 1846 cientur,
288 1766 349 1847 qui
362 1783 555 1848 prosperos
574 1777 715 1832 nostros
734 1783 920 1832 successus
942 1783 1045 1831 suum
1070 1782 1148 1830 esse
1172 1766 1351 1830 interitum

123 1871 267 1937 ducunt.
284 1871 510 1956 Quapropter
531 1875 636 1954 longe
657 1873 860 1939 acerbiores
874 1890 981 1957 quam
997 1881 1117 1952 antea,
1134 1875 1165 1937 si
1186 1871 1237 1936 eis
1258 1881 1351 1936 esset

122 1980 301 2060 integrum
316 1979 542 2046 occasionem
556 1991 594 2045 ut
608 1981 768 2046 nancisci
781 1991 938 2062 possent,
960 1978 1150 2045 aduersum
1171 1995 1237 2044 nos
1259 1979 1351 2043 exci-

124 2096 240 2150 tarent
255 2086 477 2167 tragoedias;
494 2087 557 2152 sed
571 2097 730 2152 metuunt
745 2106 789 2152 ne
804 2077 946 2170 quaein
968 2105 1036 2152 nos
1057 2088 1201 2152 vibrant
1219 2087 1350 2166 iacula,

126 2194 160 2257 in
175 2211 242 2258 sua
261 2195 380 2276 capita
400 2199 684 2276 retorqueantur.
706 2193 797 2260 Nam
819 2194 1003 2260 Summum
1025 2193 1234 2260 Pontificem
1255 2194 1350 2258 insti·

123 2301 191 2364 tuti
204 2301 317 2366 nostri
331 2301 516 2366 authorem
530 2302 700 2383 extitisse,
716 2303 920 2384 aliquotque
935 2320 981 2367 ex
995 2302 1128 2366 nostris
1140 2300 1350 2366 Cardinaies

122 2417 264 2472 creatos
278 2409 504 2491 suspicantur
518 2427 652 2490 omnes,
669 2409 826 2492 plerique
838 2411 946 2475 etiam
957 2411 1244 2475 constantissime
1256 2424 1349 2474 asse·

127 2527 265 2597 nerant,
278 2533 393 2598 neque
407 2518 511 2582 nobis
524 2518 737 2599 negantibus
750 2516 854 2582 fidem
869 2517 1012 2596 habent,
1024 2517 1118 2598 quod
1138 2533 1204 2581 nos
1224 2517 1349 2598 imper-

128 2623 273 2688 territos
292 2629 328 2688 et
347 2623 519 2688 infractos
539 2625 657 2690 animo
679 2633 838 2704 cernant,
858 2625 1047 2705 omniaque
1067 2623 1217 2688 instituti
1235 2624 1349 2688 nostri

123 2731 245 2795 munia
260 2730 433 2796 audenter
446 2747 636 2814 peragere;
652 2748 722 2814 quo
737 2731 889 2813 denique
903 2732 939 2796 in
953 2730 1045 2795 freto
1055 2730 1236 2812 nauigent,
1250 2746 1349 2812 pror·

122 2853 181 2901 sus
194 2839 375 2918 nesciunt;
391 2838 440 2902 ita
455 2855 558 2903 suum
573 2838 609 2903 in
620 2837 784 2928 proprios
794 2839 952 2920 hospites
964 2838 1064 2902 virus
1076 2838 1255 2920 experitur
1272 2853 1349 2919 per·

121 2955 226 3024 petuo
241 2943 388 3010 inuidia.

179 3049 250 3131 Qui
263 3061 383 3116 autem
397 3053 613 3117 exercitatos
633 3052 763 3116 habent
782 3069 918 3133 sensus,
941 3054 1074 3117 reiecto
1093 3067 1244 3131 veneno,
1267 3051 1347 3114 illos

122 3169 290 3240 tanquam
301 3159 475 3224 vilissima
486 3160 664 3241 mancipia
676 3169 924 3241 aspernantur,
937 3177 979 3224 ac
992 3159 1118 3224 maiori
1129 3175 1209 3224 cum
1223 3159 1347 3222 alacri·

122 3274 191 3330 tate
202 3277 238 3330 et
249 3267 377 3331 robore
392 3267 614 3347 gradiuntur.
631 3265 767 3333 Tantus
789 3267 909 3350 itaque
927 3277 983 3332 est
1002 3265 1243 3331 confitentium
1265 3281 1348 3330 con·

120 3383 309 3452 cursns,vt
323 3389 395 3438 non
415 3373 531 3439 solum
550 3375 645 3456 apud
666 3374 836 3440 Sanctum
861 3375 1080 3440 Germanum
1105 3373 1229 3437 diebus
1248 3372 1347 3437 lestis

120 3495 345 3562 occupemur,
371 3497 497 3546 verum
516 3481 624 3546 etiam
643 3480 926 3563 frequentissime
946 3481 1052 3560 domi,
1076 3479 1232 3563 quotidie
1254 3479 1348 3560 apud

121 3583 250 3651 Diuum
260 3587 439 3668 Cosmam,
455 3605 525 3669 qno
537 3590 728 3654 conuolant
739 3607 785 3654 ex
796 3589 904 3653 totius
916 3589 1071 3653 ciuitatis
1083 3587 1171 3652 locis
1182 3585 1346 3650 remotio·

118 3693 216 3758 ribus
236 3693 441 3776 trequentes
460 3705 656 3775 matronae,
683 3697 871 3778 pleraeque
893 3695 1040 3776 nobileS,
1056 3711 1159 3776 quae,
1183 3693 1346 3774 quamuis

120 3801 284 3882 proprios
299 3801 455 3866 habeant
468 3801 705 3866 confessarios
721 3819 763 3866 ac
782 3803 906 3884 procul
920 3801 1110 3867 admodum
1131 3818 1153 3864 a
1174 3799 1278 3864 nobis
1297 3799 1345 3864 di·

118 3910 503 3992 stent,mirumquanto
514 3909 655 3974 feruore
666 3909 1014 3991 accurrant,quoties
1024 3910 1081 3973 vel
1091 3893 1261 3973 leuissimi
1273 3907 1347 3988 qui·

118 4031 185 4096 qne
203 4015 338 4097 (quibus
360 4033 469 4099 saepe
487 4017 601 4080 solent
621 4017 786 4081 mulieres
805 4015 943 4092 vexari)
964 4015 1121 4096 scrupuli
1141 4023 1343 4078 occurrunt.

118 4121 196 4188 Viri
209 4133 327 4188 autem
340 4131 576 4206 praestantes,
592 4125 652 4204 qui
666 4125 786 4204 palam
808 4123 922 4188 videri
936 4123 1072 4203 nolunt,
1087 4121 1126 4186 P.
1141 4119 1344 4186 Prouincia-

117 4231 184 4295 icm
199 4227 265 4294 'ad
277 4247 357 4296 sese
371 4230 550 4294 addocent
564 4230 642 4311 ipsi.
660 4229 811 4294 Tantam
824 4229 975 4312 denique
989 4228 1154 4310 permulti
1168 4227 1250 4292 inde
1265 4244 1347 4291 con·

117 4339 325 4404 solationem
341 4337 551 4419 percipiunt,
567 4348 606 4401 vt
616 4346 691 4402 tum
707 4337 849 4402 demum
863 4337 1061 4418 incoepisse
1076 4337 1200 4400 vivere
1214 4335 1280 4399 sibi
1296 4335 1344 4398 vi·

117 4443 266 4510 deantur
281 4454 316 4509 et
330 4445 494 4509 libertate
507 4443 641 4509 donati.
658 4444 744 4510 Adit
759 4445 866 4510 etiam
881 4445 958 4526 ipse
971 4443 1010 4508 Ρ.
1027 4443 1261 4508 Prouincialis
1280 4443 1347 4506 ire·

117 4552 347 4634 quentissime
360 4551 531 4617 Sanctum
547 4551 760 4617 Geruasium
775 4555 916 4634 aliaque
940 4555 1029 4632 loca,
1053 4551 1178 4634 procul
1201 4551 1345 4616 anobis

157 4799 167 4834 ¹
197 4795 406 4844 armantem
416 4794 503 4842 Brut.
