<?xml version="1.0" encoding="UTF-8"?>
<!DOCTYPE html PUBLIC "-//W3C//DTD XHTML 1.0 Transitional//EN"
    "http://www.w3.org/TR/xhtml1/DTD/xhtml1-transitional.dtd">
<html xmlns="http://www.w3.org/1999/xhtml" xml:lang="en" lang="en">
 <head>
  <title>
</title>
<meta http-equiv="Content-Type" content="text/html;charset=utf-8" />
  <meta name='ocr-system' content='tesseract 3.04.00' />
  <meta name='ocr-capabilities' content='ocr_page ocr_carea ocr_par ocr_line ocrx_word'/>
</head>
<body>
  <div class='ocr_page' id='page_1' title='image "./litteraequadrim00jesugoog_0066.png"; bbox 0 0 3578 5534; ppageno 0'>
   <div class='ocr_carea' id='block_1_1' title="bbox 347 547 1197 616">
    <p class='ocr_par' dir='ltr' id='par_1_1' title="bbox 347 547 1197 616">
     <span class='ocr_line' id='line_1_1' title="bbox 347 547 1197 616; baseline -0.002 -8"><span class='ocrx_word' id='word_1_1' title='bbox 347 547 386 608; x_wconf 79' lang='lat'>60</span> <span class='ocrx_word' id='word_1_2' title='bbox 734 549 905 609; x_wconf 79' lang='lat' dir='ltr'>Ltrreuas</span> <span class='ocrx_word' id='word_1_3' title='bbox 925 563 1197 616; x_wconf 79' lang='lat' dir='ltr'>Qunoaruesrnns</span> 
     </span>
    </p>
   </div>
   <div class='ocr_carea' id='block_1_2' title="bbox 338 693 1581 4490">
    <p class='ocr_par' dir='ltr' id='par_1_2' title="bbox 346 693 1581 1627">
     <span class='ocr_line' id='line_1_2' title="bbox 350 693 1581 774; baseline 0.001 -18"><span class='ocrx_word' id='word_1_4' title='bbox 350 702 549 757; x_wconf 88' lang='lat' dir='ltr'>mentorum</span> <span class='ocrx_word' id='word_1_5' title='bbox 560 694 690 774; x_wconf 81' lang='lat' dir='ltr'>gratia.</span> <span class='ocrx_word' id='word_1_6' title='bbox 702 694 739 758; x_wconf 90' lang='lat' dir='ltr'>ln</span> <span class='ocrx_word' id='word_1_7' title='bbox 747 693 956 757; x_wconf 89' lang='lat' dir='ltr'>Pentecoste</span> <span class='ocrx_word' id='word_1_8' title='bbox 968 709 1120 774; x_wconf 85' lang='lat' dir='ltr'>magnus</span> <span class='ocrx_word' id='word_1_9' title='bbox 1130 693 1213 756; x_wconf 90' lang='lat' dir='ltr'>item</span> <span class='ocrx_word' id='word_1_10' title='bbox 1223 709 1390 756; x_wconf 91' lang='lat' dir='ltr'>numerus</span> <span class='ocrx_word' id='word_1_11' title='bbox 1401 694 1581 774; x_wconf 91' lang='lat' dir='ltr'>poeniten·</span> 
     </span>
     <span class='ocr_line' id='line_1_3' title="bbox 349 798 1579 881; baseline 0.002 -20"><span class='ocrx_word' id='word_1_12' title='bbox 349 799 449 863; x_wconf 89' lang='lat' dir='ltr'>tium.</span> <span class='ocrx_word' id='word_1_13' title='bbox 465 798 504 863; x_wconf 94' lang='lat' dir='ltr'>In</span> <span class='ocrx_word' id='word_1_14' title='bbox 519 801 694 864; x_wconf 88' lang='lat' dir='ltr'>aduentus</span> <span class='ocrx_word' id='word_1_15' title='bbox 708 817 818 881; x_wconf 91' lang='lat' dir='ltr'>porro</span> <span class='ocrx_word' id='word_1_16' title='bbox 832 799 978 877; x_wconf 81' lang='lat' dir='ltr'>foribuS,</span> <span class='ocrx_word' id='word_1_17' title='bbox 995 809 1030 862; x_wconf 88' lang='lat' dir='ltr'>et</span> <span class='ocrx_word' id='word_1_18' title='bbox 1045 800 1102 863; x_wconf 90' lang='lat' dir='ltr'>his</span> <span class='ocrx_word' id='word_1_19' title='bbox 1113 799 1283 880; x_wconf 86' lang='lat' dir='ltr'><strong>proximis</strong></span> <span class='ocrx_word' id='word_1_20' title='bbox 1295 798 1440 863; x_wconf 90' lang='lat' dir='ltr'>Domini</span> <span class='ocrx_word' id='word_1_21' title='bbox 1455 801 1579 864; x_wconf 86' lang='lat' dir='ltr'>natali·</span> 
     </span>
     <span class='ocr_line' id='line_1_4' title="bbox 351 906 1578 988; baseline 0.002 -20"><span class='ocrx_word' id='word_1_22' title='bbox 351 907 429 985; x_wconf 77' lang='lat' dir='ltr'>buS,</span> <span class='ocrx_word' id='word_1_23' title='bbox 443 923 613 970; x_wconf 88' lang='lat' dir='ltr'>numerus</span> <span class='ocrx_word' id='word_1_24' title='bbox 624 909 805 987; x_wconf 91' lang='lat' dir='ltr'>superauit</span> <span class='ocrx_word' id='word_1_25' title='bbox 818 908 1074 988; x_wconf 84' lang='lat' dir='ltr'>spectationem</span> <span class='ocrx_word' id='word_1_26' title='bbox 1086 915 1256 984; x_wconf 87' lang='lat' dir='ltr'>uostrnm;</span> <span class='ocrx_word' id='word_1_27' title='bbox 1270 917 1304 968; x_wconf 92' lang='lat' dir='ltr'>et</span> <span class='ocrx_word' id='word_1_28' title='bbox 1315 906 1408 968; x_wconf 91' lang='lat' dir='ltr'>hanc</span> <span class='ocrx_word' id='word_1_29' title='bbox 1420 906 1578 986; x_wconf 84' lang='lat' dir='ltr'>frequen-</span> 
     </span>
     <span class='ocr_line' id='line_1_5' title="bbox 352 1013 1578 1094; baseline 0.001 -19"><span class='ocrx_word' id='word_1_30' title='bbox 352 1013 448 1090; x_wconf 83' lang='lat' dir='ltr'><strong>tiam,</strong></span> <span class='ocrx_word' id='word_1_31' title='bbox 472 1031 594 1094; x_wconf 88' lang='lat' dir='ltr'>perse</span> <span class='ocrx_word' id='word_1_32' title='bbox 615 1015 802 1077; x_wconf 84' lang='lat' dir='ltr'><strong>honestam</strong></span> <span class='ocrx_word' id='word_1_33' title='bbox 822 1023 856 1077; x_wconf 94' lang='lat' dir='ltr'>et</span> <span class='ocrx_word' id='word_1_34' title='bbox 877 1015 965 1077; x_wconf 89' lang='lat' dir='ltr'>satis</span> <span class='ocrx_word' id='word_1_35' title='bbox 985 1015 1179 1091; x_wconf 86' lang='lat' dir='ltr'>laudatam,</span> <span class='ocrx_word' id='word_1_36' title='bbox 1204 1013 1449 1076; x_wconf 88' lang='lat' dir='ltr'>cohonestauit</span> <span class='ocrx_word' id='word_1_37' title='bbox 1471 1013 1578 1076; x_wconf 89' lang='lat' dir='ltr'>etiam</span> 
     </span>
     <span class='ocr_line' id='line_1_6' title="bbox 350 1119 1577 1199; baseline 0 -17"><span class='ocrx_word' id='word_1_38' title='bbox 350 1119 550 1183; x_wconf 86' lang='lat' dir='ltr'>authoritas</span> <span class='ocrx_word' id='word_1_39' title='bbox 564 1120 695 1184; x_wconf 90' lang='lat' dir='ltr'>ciuium</span> <span class='ocrx_word' id='word_1_40' title='bbox 716 1121 886 1184; x_wconf 89' lang='lat' dir='ltr'>nobilium</span> <span class='ocrx_word' id='word_1_41' title='bbox 907 1129 941 1183; x_wconf 91' lang='lat' dir='ltr'>et</span> <span class='ocrx_word' id='word_1_42' title='bbox 961 1121 1145 1184; x_wconf 87' lang='lat' dir='ltr'>doctorum</span> <span class='ocrx_word' id='word_1_43' title='bbox 1171 1119 1415 1199; x_wconf 89' lang='lat' dir='ltr'>quorumdam,</span> <span class='ocrx_word' id='word_1_44' title='bbox 1439 1119 1500 1199; x_wconf 92' lang='lat' dir='ltr'>qui</span> <span class='ocrx_word' id='word_1_45' title='bbox 1519 1138 1577 1182; x_wconf 88' lang='lat' dir='ltr'>ex·</span> 
     </span>
     <span class='ocr_line' id='line_1_7' title="bbox 350 1225 1577 1291; baseline -0.002 -1"><span class='ocrx_word' id='word_1_46' title='bbox 350 1226 491 1290; x_wconf 88' lang='lat' dir='ltr'>cellenti</span> <span class='ocrx_word' id='word_1_47' title='bbox 510 1227 707 1291; x_wconf 90' lang='lat' dir='ltr'>humilitate</span> <span class='ocrx_word' id='word_1_48' title='bbox 727 1245 874 1290; x_wconf 89' lang='lat' dir='ltr'>coenam</span> <span class='ocrx_word' id='word_1_49' title='bbox 896 1225 1039 1290; x_wconf 90' lang='lat' dir='ltr'>Domini</span> <span class='ocrx_word' id='word_1_50' title='bbox 1058 1227 1294 1289; x_wconf 86' lang='lat' dir='ltr'>celebrarunt.</span> <span class='ocrx_word' id='word_1_51' title='bbox 1315 1225 1355 1288; x_wconf 90' lang='lat' dir='ltr'>ln</span> <span class='ocrx_word' id='word_1_52' title='bbox 1376 1225 1431 1288; x_wconf 90' lang='lat' dir='ltr'>his</span> <span class='ocrx_word' id='word_1_53' title='bbox 1450 1235 1504 1289; x_wconf 89' lang='lat' dir='ltr'>est</span> <span class='ocrx_word' id='word_1_54' title='bbox 1519 1225 1577 1289; x_wconf 92' lang='lat' dir='ltr'>do·</span> 
     </span>
     <span class='ocr_line' id='line_1_8' title="bbox 347 1333 1575 1414; baseline -0.001 -18"><span class='ocrx_word' id='word_1_55' title='bbox 347 1341 428 1396; x_wconf 91' lang='lat' dir='ltr'>ctor</span> <span class='ocrx_word' id='word_1_56' title='bbox 442 1334 587 1414; x_wconf 89' lang='lat' dir='ltr'>quidam</span> <span class='ocrx_word' id='word_1_57' title='bbox 601 1345 637 1398; x_wconf 92' lang='lat' dir='ltr'>et</span> <span class='ocrx_word' id='word_1_58' title='bbox 651 1335 759 1398; x_wconf 89' lang='lat' dir='ltr'>iudex</span> <span class='ocrx_word' id='word_1_59' title='bbox 774 1333 887 1397; x_wconf 88' lang='lat' dir='ltr'>Rotae</span> <span class='ocrx_word' id='word_1_60' title='bbox 903 1333 924 1411; x_wconf 84' lang='lat'>¹,</span> <span class='ocrx_word' id='word_1_61' title='bbox 942 1343 980 1397; x_wconf 91' lang='lat' dir='ltr'>ut</span> <span class='ocrx_word' id='word_1_62' title='bbox 994 1334 1106 1410; x_wconf 90' lang='lat' dir='ltr'>aiunt,</span> <span class='ocrx_word' id='word_1_63' title='bbox 1122 1333 1179 1396; x_wconf 90' lang='lat' dir='ltr'>vir</span> <span class='ocrx_word' id='word_1_64' title='bbox 1194 1333 1438 1412; x_wconf 83' lang='lat' dir='ltr'>perstudiosus</span> <span class='ocrx_word' id='word_1_65' title='bbox 1458 1349 1575 1396; x_wconf 90' lang='lat' dir='ltr'>rerum</span> 
     </span>
     <span class='ocr_line' id='line_1_9' title="bbox 346 1439 1577 1522; baseline -0.001 -20"><span class='ocrx_word' id='word_1_66' title='bbox 346 1439 561 1520; x_wconf 91' lang='lat' dir='ltr'>diuinarum,</span> <span class='ocrx_word' id='word_1_67' title='bbox 572 1451 796 1522; x_wconf 89' lang='lat' dir='ltr'>sectatorque</span> <span class='ocrx_word' id='word_1_68' title='bbox 808 1441 1037 1520; x_wconf 84' lang='lat' dir='ltr'>euangelicae</span> <span class='ocrx_word' id='word_1_69' title='bbox 1045 1440 1200 1520; x_wconf 89' lang='lat' dir='ltr'>pietatis:</span> <span class='ocrx_word' id='word_1_70' title='bbox 1214 1441 1243 1502; x_wconf 92' lang='lat' dir='ltr'>is</span> <span class='ocrx_word' id='word_1_71' title='bbox 1256 1439 1364 1519; x_wconf 85' lang='lat' dir='ltr'>igitur</span> <span class='ocrx_word' id='word_1_72' title='bbox 1376 1439 1500 1503; x_wconf 90' lang='lat' dir='ltr'>crebro</span> <span class='ocrx_word' id='word_1_73' title='bbox 1510 1457 1577 1502; x_wconf 90' lang='lat' dir='ltr'>nos</span> 
     </span>
     <span class='ocr_line' id='line_1_10' title="bbox 347 1546 1149 1627; baseline 0.001 -19"><span class='ocrx_word' id='word_1_74' title='bbox 347 1546 480 1626; x_wconf 90' lang='lat' dir='ltr'>inuisit,</span> <span class='ocrx_word' id='word_1_75' title='bbox 498 1547 695 1626; x_wconf 87' lang='lat' dir='ltr'>confitetur,</span> <span class='ocrx_word' id='word_1_76' title='bbox 716 1548 968 1611; x_wconf 86' lang='lat' dir='ltr'>eucharistiam</span> <span class='ocrx_word' id='word_1_77' title='bbox 987 1547 1149 1627; x_wconf 87' lang='lat' dir='ltr'>percipit.</span> 
     </span>
    </p>

    <p class='ocr_par' dir='ltr' id='par_1_3' title="bbox 343 1649 1576 2466">
     <span class='ocr_line' id='line_1_11' title="bbox 409 1649 1576 1736; baseline -0.003 -18"><span class='ocrx_word' id='word_1_78' title='bbox 409 1653 505 1718; x_wconf 91' lang='lat' dir='ltr'>Ciuis</span> <span class='ocrx_word' id='word_1_79' title='bbox 525 1655 667 1736; x_wconf 89' lang='lat' dir='ltr'>quidam</span> <span class='ocrx_word' id='word_1_80' title='bbox 687 1655 883 1718; x_wconf 90' lang='lat' dir='ltr'>honoratus</span> <span class='ocrx_word' id='word_1_81' title='bbox 907 1665 942 1718; x_wconf 91' lang='lat' dir='ltr'>et</span> <span class='ocrx_word' id='word_1_82' title='bbox 967 1653 1067 1717; x_wconf 90' lang='lat' dir='ltr'>diues</span> <span class='ocrx_word' id='word_1_83' title='bbox 1087 1652 1290 1734; x_wconf 85' lang='lat' dir='ltr'>frequentat</span> <span class='ocrx_word' id='word_1_84' title='bbox 1310 1653 1418 1716; x_wconf 89' lang='lat' dir='ltr'>etiam</span> <span class='ocrx_word' id='word_1_85' title='bbox 1432 1649 1576 1716; x_wconf 89' lang='lat' dir='ltr'>Domini</span> 
     </span>
     <span class='ocr_line' id='line_1_12' title="bbox 345 1759 1576 1843; baseline -0.001 -20"><span class='ocrx_word' id='word_1_86' title='bbox 345 1777 505 1823; x_wconf 89' lang='lat' dir='ltr'>mensam</span> <span class='ocrx_word' id='word_1_87' title='bbox 525 1772 655 1825; x_wconf 91' lang='lat' dir='ltr'>octauo</span> <span class='ocrx_word' id='word_1_88' title='bbox 677 1779 815 1843; x_wconf 91' lang='lat' dir='ltr'>quoque</span> <span class='ocrx_word' id='word_1_89' title='bbox 835 1761 903 1838; x_wconf 89' lang='lat' dir='ltr'>die,</span> <span class='ocrx_word' id='word_1_90' title='bbox 925 1771 959 1824; x_wconf 90' lang='lat' dir='ltr'>et</span> <span class='ocrx_word' id='word_1_91' title='bbox 979 1761 1151 1841; x_wconf 86' lang='lat' dir='ltr'>proximis</span> <span class='ocrx_word' id='word_1_92' title='bbox 1170 1759 1292 1823; x_wconf 93' lang='lat' dir='ltr'>diebus</span> <span class='ocrx_word' id='word_1_93' title='bbox 1312 1759 1377 1822; x_wconf 86' lang='lat' dir='ltr'>suit</span> <span class='ocrx_word' id='word_1_94' title='bbox 1398 1777 1419 1822; x_wconf 94' lang='lat' dir='ltr'>a</span> <span class='ocrx_word' id='word_1_95' title='bbox 1443 1759 1576 1823; x_wconf 89' lang='lat' dir='ltr'>nostris</span> 
     </span>
     <span class='ocr_line' id='line_1_13' title="bbox 347 1866 1573 1946; baseline 0 -18"><span class='ocrx_word' id='word_1_96' title='bbox 347 1869 540 1931; x_wconf 85' lang='lat' dir='ltr'>instructus</span> <span class='ocrx_word' id='word_1_97' title='bbox 554 1869 662 1931; x_wconf 92' lang='lat' dir='ltr'>rebus</span> <span class='ocrx_word' id='word_1_98' title='bbox 676 1868 805 1932; x_wconf 90' lang='lat' dir='ltr'>diuinis</span> <span class='ocrx_word' id='word_1_99' title='bbox 820 1879 854 1931; x_wconf 90' lang='lat' dir='ltr'>et</span> <span class='ocrx_word' id='word_1_100' title='bbox 869 1867 1078 1932; x_wconf 83' lang='lat' dir='ltr'>informatus</span> <span class='ocrx_word' id='word_1_101' title='bbox 1091 1867 1137 1931; x_wconf 91' lang='lat' dir='ltr'>ad</span> <span class='ocrx_word' id='word_1_102' title='bbox 1147 1867 1379 1930; x_wconf 88' lang='lat' dir='ltr'>christianam</span> <span class='ocrx_word' id='word_1_103' title='bbox 1393 1866 1573 1946; x_wconf 85' lang='lat' dir='ltr'>pietatem;</span> 
     </span>
     <span class='ocr_line' id='line_1_14' title="bbox 343 1973 1573 2056; baseline 0 -20"><span class='ocrx_word' id='word_1_104' title='bbox 343 1983 381 2036; x_wconf 89' lang='lat' dir='ltr'>et</span> <span class='ocrx_word' id='word_1_105' title='bbox 395 1983 533 2038; x_wconf 92' lang='lat' dir='ltr'>tantum</span> <span class='ocrx_word' id='word_1_106' title='bbox 548 1975 584 2038; x_wconf 92' lang='lat' dir='ltr'>in</span> <span class='ocrx_word' id='word_1_107' title='bbox 599 1975 723 2056; x_wconf 88' lang='lat' dir='ltr'>spiritu</span> <span class='ocrx_word' id='word_1_108' title='bbox 735 1975 818 2039; x_wconf 85' lang='lat' dir='ltr'>fecit</span> <span class='ocrx_word' id='word_1_109' title='bbox 832 1991 1063 2055; x_wconf 84' lang='lat' dir='ltr'>progressum</span> <span class='ocrx_word' id='word_1_110' title='bbox 1078 1974 1147 2038; x_wconf 91' lang='lat' dir='ltr'>illis</span> <span class='ocrx_word' id='word_1_111' title='bbox 1161 1973 1296 2036; x_wconf 88' lang='lat' dir='ltr'>sanctis</span> <span class='ocrx_word' id='word_1_112' title='bbox 1310 1973 1573 2036; x_wconf 86' lang='lat' dir='ltr'>exercitationi·</span> 
     </span>
     <span class='ocr_line' id='line_1_15' title="bbox 344 2079 1573 2156; baseline -0.001 -13"><span class='ocrx_word' id='word_1_113' title='bbox 344 2081 420 2156; x_wconf 77' lang='lat' dir='ltr'>buS,</span> <span class='ocrx_word' id='word_1_114' title='bbox 444 2089 481 2144; x_wconf 89' lang='lat' dir='ltr'>ut</span> <span class='ocrx_word' id='word_1_115' title='bbox 500 2081 662 2144; x_wconf 88' lang='lat' dir='ltr'>statuerit</span> <span class='ocrx_word' id='word_1_116' title='bbox 681 2099 759 2145; x_wconf 89' lang='lat' dir='ltr'>sese</span> <span class='ocrx_word' id='word_1_117' title='bbox 774 2091 888 2145; x_wconf 92' lang='lat' dir='ltr'>toturn</span> <span class='ocrx_word' id='word_1_118' title='bbox 902 2079 1079 2145; x_wconf 90' lang='lat' dir='ltr'>abducere</span> <span class='ocrx_word' id='word_1_119' title='bbox 1094 2097 1115 2142; x_wconf 92' lang='lat' dir='ltr'>a</span> <span class='ocrx_word' id='word_1_120' title='bbox 1130 2080 1236 2142; x_wconf 87' lang='lat' dir='ltr'>rebus</span> <span class='ocrx_word' id='word_1_121' title='bbox 1253 2080 1409 2143; x_wconf 89' lang='lat' dir='ltr'>externis</span> <span class='ocrx_word' id='word_1_122' title='bbox 1424 2088 1459 2142; x_wconf 89' lang='lat' dir='ltr'>et</span> <span class='ocrx_word' id='word_1_123' title='bbox 1474 2097 1573 2144; x_wconf 90' lang='lat' dir='ltr'>mun·</span> 
     </span>
     <span class='ocr_line' id='line_1_16' title="bbox 348 2185 1574 2267; baseline 0 -19"><span class='ocrx_word' id='word_1_124' title='bbox 348 2186 383 2249; x_wconf 90' lang='lat' dir='ltr'>di</span> <span class='ocrx_word' id='word_1_125' title='bbox 407 2187 574 2266; x_wconf 82' lang='lat' dir='ltr'>negotiis,</span> <span class='ocrx_word' id='word_1_126' title='bbox 602 2197 637 2250; x_wconf 90' lang='lat' dir='ltr'>et</span> <span class='ocrx_word' id='word_1_127' title='bbox 663 2188 819 2252; x_wconf 88' lang='lat' dir='ltr'>animum</span> <span class='ocrx_word' id='word_1_128' title='bbox 844 2187 1040 2251; x_wconf 82' lang='lat' dir='ltr'>transferre</span> <span class='ocrx_word' id='word_1_129' title='bbox 1065 2187 1111 2250; x_wconf 88' lang='lat' dir='ltr'>ad</span> <span class='ocrx_word' id='word_1_130' title='bbox 1137 2185 1281 2267; x_wconf 89' lang='lat' dir='ltr'>pietatis</span> <span class='ocrx_word' id='word_1_131' title='bbox 1306 2185 1440 2264; x_wconf 89' lang='lat' dir='ltr'>studia,</span> <span class='ocrx_word' id='word_1_132' title='bbox 1468 2195 1574 2266; x_wconf 88' lang='lat' dir='ltr'>atque</span> 
     </span>
     <span class='ocr_line' id='line_1_17' title="bbox 345 2292 1573 2374; baseline 0.002 -20"><span class='ocrx_word' id='word_1_133' title='bbox 345 2293 533 2355; x_wconf 91' lang='lat' dir='ltr'>consilium</span> <span class='ocrx_word' id='word_1_134' title='bbox 545 2307 748 2374; x_wconf 89' lang='lat' dir='ltr'>susceptum</span> <span class='ocrx_word' id='word_1_135' title='bbox 761 2295 883 2358; x_wconf 86' lang='lat' dir='ltr'>officiis</span> <span class='ocrx_word' id='word_1_136' title='bbox 895 2293 1110 2374; x_wconf 88' lang='lat' dir='ltr'>quotidianis</span> <span class='ocrx_word' id='word_1_137' title='bbox 1121 2292 1290 2370; x_wconf 88' lang='lat' dir='ltr'>declarat,</span> <span class='ocrx_word' id='word_1_138' title='bbox 1304 2292 1460 2373; x_wconf 88' lang='lat' dir='ltr'>quotidie</span> <span class='ocrx_word' id='word_1_139' title='bbox 1470 2294 1573 2356; x_wconf 91' lang='lat' dir='ltr'>uehe-</span> 
     </span>
     <span class='ocr_line' id='line_1_18' title="bbox 344 2399 1213 2466; baseline -0.001 -5"><span class='ocrx_word' id='word_1_140' title='bbox 344 2401 494 2462; x_wconf 88' lang='lat' dir='ltr'>mentius</span> <span class='ocrx_word' id='word_1_141' title='bbox 511 2402 547 2464; x_wconf 95' lang='lat' dir='ltr'>in</span> <span class='ocrx_word' id='word_1_142' title='bbox 562 2399 706 2465; x_wconf 90' lang='lat' dir='ltr'>Domini</span> <span class='ocrx_word' id='word_1_143' title='bbox 720 2419 826 2466; x_wconf 90' lang='lat' dir='ltr'>cruce</span> <span class='ocrx_word' id='word_1_144' title='bbox 841 2400 996 2465; x_wconf 86' lang='lat' dir='ltr'>tollenda</span> <span class='ocrx_word' id='word_1_145' title='bbox 1013 2401 1213 2465; x_wconf 82' lang='lat' dir='ltr'>elaborans.</span> 
     </span>
    </p>

    <p class='ocr_par' dir='ltr' id='par_1_4' title="bbox 341 2505 1572 3228">
     <span class='ocr_line' id='line_1_19' title="bbox 405 2505 1572 2588; baseline 0 -20"><span class='ocrx_word' id='word_1_146' title='bbox 405 2505 566 2585; x_wconf 83' lang='lat' dir='ltr'>Insignes</span> <span class='ocrx_word' id='word_1_147' title='bbox 586 2506 730 2587; x_wconf 88' lang='lat' dir='ltr'>quidam</span> <span class='ocrx_word' id='word_1_148' title='bbox 751 2519 960 2588; x_wconf 81' lang='lat' dir='ltr'>peccatores</span> <span class='ocrx_word' id='word_1_149' title='bbox 981 2509 1123 2572; x_wconf 84' lang='lat' dir='ltr'>luerunt</span> <span class='ocrx_word' id='word_1_150' title='bbox 1144 2525 1166 2570; x_wconf 86' lang='lat' dir='ltr'>a</span> <span class='ocrx_word' id='word_1_151' title='bbox 1187 2505 1353 2570; x_wconf 89' lang='lat' dir='ltr'>Patribus</span> <span class='ocrx_word' id='word_1_152' title='bbox 1378 2507 1572 2570; x_wconf 74' lang='lat' dir='ltr'>extractis</span> 
     </span>
     <span class='ocr_line' id='line_1_20' title="bbox 346 2613 1572 2697; baseline 0 -23"><span class='ocrx_word' id='word_1_153' title='bbox 346 2622 573 2692; x_wconf 89' lang='lat' dir='ltr'>peccatorum</span> <span class='ocrx_word' id='word_1_154' title='bbox 588 2631 712 2694; x_wconf 87' lang='lat' dir='ltr'>coeno,</span> <span class='ocrx_word' id='word_1_155' title='bbox 728 2616 789 2697; x_wconf 92' lang='lat' dir='ltr'>qui</span> <span class='ocrx_word' id='word_1_156' title='bbox 804 2626 886 2679; x_wconf 88' lang='lat' dir='ltr'>ante</span> <span class='ocrx_word' id='word_1_157' title='bbox 901 2633 966 2679; x_wconf 84' lang='lat' dir='ltr'>sex</span> <span class='ocrx_word' id='word_1_158' title='bbox 981 2633 1094 2678; x_wconf 87' lang='lat' dir='ltr'>annos</span> <span class='ocrx_word' id='word_1_159' title='bbox 1114 2615 1159 2678; x_wconf 89' lang='lat' dir='ltr'>ad</span> <span class='ocrx_word' id='word_1_160' title='bbox 1179 2622 1485 2678; x_wconf 89' lang='lat' dir='ltr'>sacramentorum</span> <span class='ocrx_word' id='word_1_161' title='bbox 1499 2613 1572 2675; x_wconf 91' lang='lat' dir='ltr'>bal·</span> 
     </span>
     <span class='ocr_line' id='line_1_21' title="bbox 342 2719 1570 2802; baseline -0.001 -20"><span class='ocrx_word' id='word_1_162' title='bbox 342 2735 409 2782; x_wconf 87' lang='lat' dir='ltr'>nea</span> <span class='ocrx_word' id='word_1_163' title='bbox 424 2737 496 2782; x_wconf 91' lang='lat' dir='ltr'>non</span> <span class='ocrx_word' id='word_1_164' title='bbox 508 2732 751 2799; x_wconf 90' lang='lat' dir='ltr'>accurrerant,</span> <span class='ocrx_word' id='word_1_165' title='bbox 765 2722 827 2785; x_wconf 89' lang='lat' dir='ltr'>sed</span> <span class='ocrx_word' id='word_1_166' title='bbox 840 2739 980 2802; x_wconf 88' lang='lat' dir='ltr'>semper</span> <span class='ocrx_word' id='word_1_167' title='bbox 992 2721 1166 2785; x_wconf 89' lang='lat' dir='ltr'>submersi</span> <span class='ocrx_word' id='word_1_168' title='bbox 1179 2720 1321 2783; x_wconf 82' lang='lat' dir='ltr'>fuerant</span> <span class='ocrx_word' id='word_1_169' title='bbox 1335 2719 1520 2783; x_wconf 88' lang='lat' dir='ltr'>libidinum</span> <span class='ocrx_word' id='word_1_170' title='bbox 1535 2730 1570 2781; x_wconf 85' lang='lat' dir='ltr'>et</span> 
     </span>
     <span class='ocr_line' id='line_1_22' title="bbox 344 2825 1571 2908; baseline -0.002 -20"><span class='ocrx_word' id='word_1_171' title='bbox 344 2825 512 2890; x_wconf 90' lang='lat' dir='ltr'>uitiorum</span> <span class='ocrx_word' id='word_1_172' title='bbox 527 2829 688 2891; x_wconf 88' lang='lat' dir='ltr'>colluuie:</span> <span class='ocrx_word' id='word_1_173' title='bbox 705 2829 741 2891; x_wconf 89' lang='lat' dir='ltr'>in</span> <span class='ocrx_word' id='word_1_174' title='bbox 753 2828 808 2891; x_wconf 88' lang='lat' dir='ltr'>his</span> <span class='ocrx_word' id='word_1_175' title='bbox 819 2828 885 2892; x_wconf 87' lang='lat' dir='ltr'>suit</span> <span class='ocrx_word' id='word_1_176' title='bbox 899 2839 934 2893; x_wconf 89' lang='lat' dir='ltr'>et</span> <span class='ocrx_word' id='word_1_177' title='bbox 949 2829 1085 2906; x_wconf 90' lang='lat' dir='ltr'>mulier,</span> <span class='ocrx_word' id='word_1_178' title='bbox 1103 2845 1194 2908; x_wconf 90' lang='lat' dir='ltr'>quae</span> <span class='ocrx_word' id='word_1_179' title='bbox 1206 2828 1328 2890; x_wconf 87' lang='lat' dir='ltr'>decern</span> <span class='ocrx_word' id='word_1_180' title='bbox 1344 2843 1457 2889; x_wconf 88' lang='lat' dir='ltr'>annos</span> <span class='ocrx_word' id='word_1_181' title='bbox 1473 2825 1571 2890; x_wconf 90' lang='lat' dir='ltr'>adul-</span> 
     </span>
     <span class='ocr_line' id='line_1_23' title="bbox 341 2933 1570 3016; baseline -0.002 -20"><span class='ocrx_word' id='word_1_182' title='bbox 341 2934 432 2996; x_wconf 90' lang='lat' dir='ltr'>terio</span> <span class='ocrx_word' id='word_1_183' title='bbox 447 2933 562 2997; x_wconf 87' lang='lat' dir='ltr'>suerat</span> <span class='ocrx_word' id='word_1_184' title='bbox 578 2935 792 3016; x_wconf 89' lang='lat' dir='ltr'>mancipata,</span> <span class='ocrx_word' id='word_1_185' title='bbox 814 2945 848 2998; x_wconf 89' lang='lat' dir='ltr'>et</span> <span class='ocrx_word' id='word_1_186' title='bbox 869 2936 1010 3015; x_wconf 90' lang='lat' dir='ltr'>quando</span> <span class='ocrx_word' id='word_1_187' title='bbox 1026 2935 1124 2998; x_wconf 84' lang='lat' dir='ltr'>feriis</span> <span class='ocrx_word' id='word_1_188' title='bbox 1139 2934 1295 3014; x_wconf 84' lang='lat' dir='ltr'>paschae</span> <span class='ocrx_word' id='word_1_189' title='bbox 1311 2933 1570 2996; x_wconf 85' lang='lat' dir='ltr'>consessionem</span> 
     </span>
     <span class='ocr_line' id='line_1_24' title="bbox 343 3039 1570 3122; baseline -0.002 -20"><span class='ocrx_word' id='word_1_190' title='bbox 343 3039 474 3118; x_wconf 88' lang='lat' dir='ltr'>adibat,</span> <span class='ocrx_word' id='word_1_191' title='bbox 501 3057 642 3122; x_wconf 89' lang='lat' dir='ltr'>semper</span> <span class='ocrx_word' id='word_1_192' title='bbox 662 3039 907 3121; x_wconf 86' lang='lat' dir='ltr'>idpeccatum</span> <span class='ocrx_word' id='word_1_193' title='bbox 933 3042 1156 3105; x_wconf 86' lang='lat' dir='ltr'>sacerdotem</span> <span class='ocrx_word' id='word_1_194' title='bbox 1180 3041 1335 3118; x_wconf 90' lang='lat' dir='ltr'>celabat;</span> <span class='ocrx_word' id='word_1_195' title='bbox 1357 3056 1451 3102; x_wconf 90' lang='lat' dir='ltr'>nunc</span> <span class='ocrx_word' id='word_1_196' title='bbox 1470 3055 1570 3116; x_wconf 90' lang='lat' dir='ltr'>vero,</span> 
     </span>
     <span class='ocr_line' id='line_1_25' title="bbox 341 3145 1569 3228; baseline -0.003 -19"><span class='ocrx_word' id='word_1_197' title='bbox 341 3147 482 3210; x_wconf 89' lang='lat' dir='ltr'>abiecto</span> <span class='ocrx_word' id='word_1_198' title='bbox 501 3147 730 3212; x_wconf 86' lang='lat' dir='ltr'>acerbissimo</span> <span class='ocrx_word' id='word_1_199' title='bbox 751 3150 932 3212; x_wconf 90' lang='lat' dir='ltr'>seruitutis</span> <span class='ocrx_word' id='word_1_200' title='bbox 956 3150 1050 3228; x_wconf 86' lang='lat' dir='ltr'>iugo,</span> <span class='ocrx_word' id='word_1_201' title='bbox 1072 3149 1182 3212; x_wconf 90' lang='lat' dir='ltr'>uitam</span> <span class='ocrx_word' id='word_1_202' title='bbox 1203 3147 1364 3226; x_wconf 88' lang='lat' dir='ltr'>mutauit,</span> <span class='ocrx_word' id='word_1_203' title='bbox 1382 3162 1424 3208; x_wconf 92' lang='lat' dir='ltr'>ac</span> <span class='ocrx_word' id='word_1_204' title='bbox 1439 3145 1569 3224; x_wconf 91' lang='lat' dir='ltr'>nupsit.</span> 
     </span>
    </p>

    <p class='ocr_par' dir='ltr' id='par_1_5' title="bbox 338 3252 1571 4490">
     <span class='ocr_line' id='line_1_26' title="bbox 401 3252 1571 3334; baseline -0.001 -19"><span class='ocrx_word' id='word_1_205' title='bbox 401 3252 615 3317; x_wconf 86' lang='lat' dir='ltr'>Franciscus</span> <span class='ocrx_word' id='word_1_206' title='bbox 634 3254 802 3334; x_wconf 87' lang='lat' dir='ltr'>Palmius,</span> <span class='ocrx_word' id='word_1_207' title='bbox 823 3254 967 3326; x_wconf 85' lang='lat' dir='ltr'>Rector,</span> <span class='ocrx_word' id='word_1_208' title='bbox 990 3255 1085 3319; x_wconf 88' lang='lat' dir='ltr'>dedit</span> <span class='ocrx_word' id='word_1_209' title='bbox 1105 3271 1245 3334; x_wconf 89' lang='lat' dir='ltr'>semper</span> <span class='ocrx_word' id='word_1_210' title='bbox 1267 3269 1414 3333; x_wconf 88' lang='lat' dir='ltr'>operam</span> <span class='ocrx_word' id='word_1_211' title='bbox 1437 3252 1571 3315; x_wconf 84' lang='lat' dir='ltr'>confes·</span> 
     </span>
     <span class='ocr_line' id='line_1_27' title="bbox 341 3358 1570 3440; baseline -0.002 -18"><span class='ocrx_word' id='word_1_212' title='bbox 341 3359 481 3423; x_wconf 89' lang='lat' dir='ltr'>sionum</span> <span class='ocrx_word' id='word_1_213' title='bbox 502 3361 720 3440; x_wconf 88' lang='lat' dir='ltr'>prouinciae,</span> <span class='ocrx_word' id='word_1_214' title='bbox 744 3371 779 3424; x_wconf 92' lang='lat' dir='ltr'>et</span> <span class='ocrx_word' id='word_1_215' title='bbox 801 3363 1032 3426; x_wconf 84' lang='lat' dir='ltr'>concionatus</span> <span class='ocrx_word' id='word_1_216' title='bbox 1054 3373 1107 3424; x_wconf 89' lang='lat' dir='ltr'>est</span> <span class='ocrx_word' id='word_1_217' title='bbox 1127 3361 1289 3424; x_wconf 88' lang='lat' dir='ltr'>omnibus</span> <span class='ocrx_word' id='word_1_218' title='bbox 1311 3360 1435 3422; x_wconf 88' lang='lat' dir='ltr'>diebus</span> <span class='ocrx_word' id='word_1_219' title='bbox 1459 3358 1570 3422; x_wconf 81' lang='lat' dir='ltr'>festis.</span> 
     </span>
     <span class='ocr_line' id='line_1_28' title="bbox 340 3463 1570 3549; baseline -0.002 -20"><span class='ocrx_word' id='word_1_220' title='bbox 340 3466 459 3548; x_wconf 91' lang='lat' dir='ltr'>Atque</span> <span class='ocrx_word' id='word_1_221' title='bbox 471 3467 507 3529; x_wconf 89' lang='lat' dir='ltr'>in</span> <span class='ocrx_word' id='word_1_222' title='bbox 520 3468 677 3531; x_wconf 90' lang='lat' dir='ltr'>omnium</span> <span class='ocrx_word' id='word_1_223' title='bbox 688 3465 904 3532; x_wconf 90' lang='lat' dir='ltr'>Sanctorum</span> <span class='ocrx_word' id='word_1_224' title='bbox 914 3468 1012 3532; x_wconf 84' lang='lat' dir='ltr'>feriis</span> <span class='ocrx_word' id='word_1_225' title='bbox 1022 3468 1179 3549; x_wconf 89' lang='lat' dir='ltr'>incoepit</span> <span class='ocrx_word' id='word_1_226' title='bbox 1191 3468 1226 3530; x_wconf 92' lang='lat' dir='ltr'>in</span> <span class='ocrx_word' id='word_1_227' title='bbox 1240 3468 1371 3546; x_wconf 90' lang='lat' dir='ltr'>templo</span> <span class='ocrx_word' id='word_1_228' title='bbox 1381 3464 1495 3528; x_wconf 89' lang='lat' dir='ltr'>Diuae</span> <span class='ocrx_word' id='word_1_229' title='bbox 1505 3463 1570 3527; x_wconf 87' lang='lat' dir='ltr'>Lu·</span> 
     </span>
     <span class='ocr_line' id='line_1_29' title="bbox 341 3572 1569 3655; baseline -0.002 -20"><span class='ocrx_word' id='word_1_230' title='bbox 341 3573 418 3636; x_wconf 88' lang='lat' dir='ltr'>ciae</span> <span class='ocrx_word' id='word_1_231' title='bbox 434 3574 659 3652; x_wconf 84' lang='lat' dir='ltr'>euangelium</span> <span class='ocrx_word' id='word_1_232' title='bbox 674 3574 719 3638; x_wconf 93' lang='lat' dir='ltr'>D.</span> <span class='ocrx_word' id='word_1_233' title='bbox 736 3574 907 3638; x_wconf 87' lang='lat' dir='ltr'>Matthaei</span> <span class='ocrx_word' id='word_1_234' title='bbox 921 3575 1120 3655; x_wconf 85' lang='lat' dir='ltr'>frequentia</span> <span class='ocrx_word' id='word_1_235' title='bbox 1132 3574 1314 3637; x_wconf 91' lang='lat' dir='ltr'>hominum</span> <span class='ocrx_word' id='word_1_236' title='bbox 1326 3582 1359 3636; x_wconf 90' lang='lat' dir='ltr'>et</span> <span class='ocrx_word' id='word_1_237' title='bbox 1372 3572 1569 3635; x_wconf 90' lang='lat' dir='ltr'>mulierum:</span> 
     </span>
     <span class='ocr_line' id='line_1_30' title="bbox 340 3677 1569 3760; baseline 0 -20"><span class='ocrx_word' id='word_1_238' title='bbox 340 3678 433 3742; x_wconf 86' lang='lat' dir='ltr'>idem</span> <span class='ocrx_word' id='word_1_239' title='bbox 447 3677 580 3743; x_wconf 91' lang='lat' dir='ltr'>Rector</span> <span class='ocrx_word' id='word_1_240' title='bbox 596 3699 616 3743; x_wconf 94' lang='lat' dir='ltr'>a</span> <span class='ocrx_word' id='word_1_241' title='bbox 632 3681 793 3758; x_wconf 90' lang='lat' dir='ltr'>lectione,</span> <span class='ocrx_word' id='word_1_242' title='bbox 814 3681 889 3744; x_wconf 90' lang='lat' dir='ltr'>siue</span> <span class='ocrx_word' id='word_1_243' title='bbox 905 3682 1091 3760; x_wconf 90' lang='lat' dir='ltr'>concione,</span> <span class='ocrx_word' id='word_1_244' title='bbox 1107 3681 1250 3744; x_wconf 89' lang='lat' dir='ltr'>instruit</span> <span class='ocrx_word' id='word_1_245' title='bbox 1269 3679 1443 3759; x_wconf 87' lang='lat' dir='ltr'>quosdam</span> <span class='ocrx_word' id='word_1_246' title='bbox 1461 3679 1569 3752; x_wconf 89' lang='lat' dir='ltr'>ciues,</span> 
     </span>
     <span class='ocr_line' id='line_1_31' title="bbox 341 3785 1569 3867; baseline 0 -20"><span class='ocrx_word' id='word_1_247' title='bbox 341 3793 375 3848; x_wconf 90' lang='lat' dir='ltr'>ct</span> <span class='ocrx_word' id='word_1_248' title='bbox 399 3785 510 3849; x_wconf 92' lang='lat' dir='ltr'>bonos</span> <span class='ocrx_word' id='word_1_249' title='bbox 532 3797 567 3850; x_wconf 89' lang='lat' dir='ltr'>et</span> <span class='ocrx_word' id='word_1_250' title='bbox 585 3787 727 3867; x_wconf 90' lang='lat' dir='ltr'>pietatis</span> <span class='ocrx_word' id='word_1_251' title='bbox 749 3788 938 3867; x_wconf 88' lang='lat' dir='ltr'>studiosos,</span> <span class='ocrx_word' id='word_1_252' title='bbox 962 3789 1067 3850; x_wconf 89' lang='lat' dir='ltr'>rebus</span> <span class='ocrx_word' id='word_1_253' title='bbox 1090 3788 1219 3850; x_wconf 90' lang='lat' dir='ltr'>diuinis</span> <span class='ocrx_word' id='word_1_254' title='bbox 1234 3785 1466 3866; x_wconf 86' lang='lat' dir='ltr'>doctrinaque</span> <span class='ocrx_word' id='word_1_255' title='bbox 1480 3785 1569 3847; x_wconf 88' lang='lat' dir='ltr'>chri·</span> 
     </span>
     <span class='ocr_line' id='line_1_32' title="bbox 338 3887 1566 3973; baseline -0.001 -19"><span class='ocrx_word' id='word_1_256' title='bbox 338 3892 466 3956; x_wconf 88' lang='lat' dir='ltr'>stiana.</span> <span class='ocrx_word' id='word_1_257' title='bbox 495 3892 603 3970; x_wconf 86' lang='lat' dir='ltr'>Idem,</span> <span class='ocrx_word' id='word_1_258' title='bbox 625 3904 769 3973; x_wconf 89' lang='lat' dir='ltr'>praeter</span> <span class='ocrx_word' id='word_1_259' title='bbox 791 3895 978 3958; x_wconf 90' lang='lat' dir='ltr'>lectionem</span> <span class='ocrx_word' id='word_1_260' title='bbox 998 3895 1070 3958; x_wconf 87' lang='lat' dir='ltr'>iam</span> <span class='ocrx_word' id='word_1_261' title='bbox 1090 3887 1406 3958; x_wconf 86' lang='lat' dir='ltr'>commemoratam</span> <span class='ocrx_word' id='word_1_262' title='bbox 1425 3902 1459 3955; x_wconf 89' lang='lat' dir='ltr'>et</span> <span class='ocrx_word' id='word_1_263' title='bbox 1482 3891 1566 3954; x_wconf 88' lang='lat' dir='ltr'>assi·</span> 
     </span>
     <span class='ocr_line' id='line_1_33' title="bbox 342 3997 1569 4080; baseline 0 -20"><span class='ocrx_word' id='word_1_264' title='bbox 342 3997 431 4060; x_wconf 88' lang='lat' dir='ltr'>duas</span> <span class='ocrx_word' id='word_1_265' title='bbox 447 3999 647 4080; x_wconf 77' lang='lat' dir='ltr'>concioneS,</span> <span class='ocrx_word' id='word_1_266' title='bbox 664 4017 753 4080; x_wconf 89' lang='lat' dir='ltr'>quas</span> <span class='ocrx_word' id='word_1_267' title='bbox 765 4001 801 4063; x_wconf 93' lang='lat' dir='ltr'>in</span> <span class='ocrx_word' id='word_1_268' title='bbox 814 4001 992 4080; x_wconf 82' lang='lat' dir='ltr'>uirginum</span> <span class='ocrx_word' id='word_1_269' title='bbox 1003 4001 1136 4064; x_wconf 91' lang='lat' dir='ltr'>Christi</span> <span class='ocrx_word' id='word_1_270' title='bbox 1148 4000 1328 4064; x_wconf 90' lang='lat' dir='ltr'>coenobiis</span> <span class='ocrx_word' id='word_1_271' title='bbox 1340 3998 1457 4078; x_wconf 87' lang='lat' dir='ltr'>habet,</span> <span class='ocrx_word' id='word_1_272' title='bbox 1470 4015 1569 4078; x_wconf 86' lang='lat' dir='ltr'>prae·</span> 
     </span>
     <span class='ocr_line' id='line_1_34' title="bbox 341 4105 1568 4188; baseline 0 -22"><span class='ocrx_word' id='word_1_273' title='bbox 341 4114 396 4167; x_wconf 90' lang='lat' dir='ltr'>ter</span> <span class='ocrx_word' id='word_1_274' title='bbox 408 4105 548 4168; x_wconf 91' lang='lat' dir='ltr'>labores</span> <span class='ocrx_word' id='word_1_275' title='bbox 563 4124 731 4186; x_wconf 63' lang='lat' dir='ltr'>summos</span> <span class='ocrx_word' id='word_1_276' title='bbox 748 4123 837 4186; x_wconf 93' lang='lat' dir='ltr'>quos</span> <span class='ocrx_word' id='word_1_277' title='bbox 856 4125 921 4188; x_wconf 87' lang='lat' dir='ltr'>pro</span> <span class='ocrx_word' id='word_1_278' title='bbox 941 4108 1090 4171; x_wconf 84' lang='lat' dir='ltr'>fratrum</span> <span class='ocrx_word' id='word_1_279' title='bbox 1111 4117 1145 4170; x_wconf 93' lang='lat' dir='ltr'>et</span> <span class='ocrx_word' id='word_1_280' title='bbox 1167 4108 1393 4171; x_wconf 90' lang='lat' dir='ltr'>sacerdotum</span> <span class='ocrx_word' id='word_1_281' title='bbox 1417 4107 1512 4168; x_wconf 90' lang='lat' dir='ltr'>uictu</span> <span class='ocrx_word' id='word_1_282' title='bbox 1534 4117 1568 4166; x_wconf 92' lang='lat' dir='ltr'>et</span> 
     </span>
     <span class='ocr_line' id='line_1_35' title="bbox 341 4211 1569 4289; baseline 0.002 -17"><span class='ocrx_word' id='word_1_283' title='bbox 341 4211 483 4289; x_wconf 90' lang='lat' dir='ltr'>uestitu,</span> <span class='ocrx_word' id='word_1_284' title='bbox 508 4222 542 4274; x_wconf 92' lang='lat' dir='ltr'>et</span> <span class='ocrx_word' id='word_1_285' title='bbox 564 4212 688 4276; x_wconf 89' lang='lat' dir='ltr'>domus</span> <span class='ocrx_word' id='word_1_286' title='bbox 708 4214 1014 4278; x_wconf 88' lang='lat' dir='ltr'>administratione</span> <span class='ocrx_word' id='word_1_287' title='bbox 1038 4225 1071 4277; x_wconf 92' lang='lat' dir='ltr'>et</span> <span class='ocrx_word' id='word_1_288' title='bbox 1099 4215 1320 4278; x_wconf 79' lang='lat' dir='ltr'>extractione</span> <span class='ocrx_word' id='word_1_289' title='bbox 1339 4214 1414 4276; x_wconf 86' lang='lat' dir='ltr'>dies</span> <span class='ocrx_word' id='word_1_290' title='bbox 1434 4221 1569 4275; x_wconf 89' lang='lat' dir='ltr'>noctes·</span> 
     </span>
     <span class='ocr_line' id='line_1_36' title="bbox 340 4317 1569 4402; baseline 0.002 -24"><span class='ocrx_word' id='word_1_291' title='bbox 340 4333 408 4396; x_wconf 92' lang='lat' dir='ltr'>que</span> <span class='ocrx_word' id='word_1_292' title='bbox 424 4317 527 4396; x_wconf 89' lang='lat' dir='ltr'>subit,</span> <span class='ocrx_word' id='word_1_293' title='bbox 545 4329 700 4398; x_wconf 88' lang='lat' dir='ltr'>enarrat,</span> <span class='ocrx_word' id='word_1_294' title='bbox 719 4320 815 4384; x_wconf 90' lang='lat' dir='ltr'>iussu</span> <span class='ocrx_word' id='word_1_295' title='bbox 831 4321 1009 4402; x_wconf 89' lang='lat' dir='ltr'>Episcopi,</span> <span class='ocrx_word' id='word_1_296' title='bbox 1027 4338 1201 4384; x_wconf 89' lang='lat' dir='ltr'>summam</span> <span class='ocrx_word' id='word_1_297' title='bbox 1220 4318 1344 4385; x_wconf 86' lang='lat' dir='ltr'>Sancti</span> <span class='ocrx_word' id='word_1_298' title='bbox 1364 4317 1536 4382; x_wconf 86' lang='lat' dir='ltr'>Antonini</span> <span class='ocrx_word' id='word_1_299' title='bbox 1557 4321 1569 4352; x_wconf 79' lang='lat'>²</span> 
     </span>
     <span class='ocr_line' id='line_1_37' title="bbox 339 4424 919 4490; baseline 0.01 -6"><span class='ocrx_word' id='word_1_300' title='bbox 339 4424 583 4488; x_wconf 88' lang='lat' dir='ltr'>sacerdotibus</span> <span class='ocrx_word' id='word_1_301' title='bbox 597 4427 635 4489; x_wconf 93' lang='lat' dir='ltr'>in</span> <span class='ocrx_word' id='word_1_302' title='bbox 649 4425 693 4488; x_wconf 87' lang='lat' dir='ltr'>D.</span> <span class='ocrx_word' id='word_1_303' title='bbox 712 4425 805 4490; x_wconf 89' lang='lat' dir='ltr'>Petri</span> <span class='ocrx_word' id='word_1_304' title='bbox 822 4426 919 4490; x_wconf 90' lang='lat' dir='ltr'>aede.</span> 
     </span>
    </p>
   </div>
   <div class='ocr_carea' id='block_1_3' title="bbox 341 4591 550 4598">
    <p class='ocr_par' dir='ltr' id='par_1_6' title="bbox 341 4591 550 4598">
     <span class='ocr_line' id='line_1_38' title="bbox 341 4591 550 4598; baseline 0.005 -1"><span class='ocrx_word' id='word_1_305' title='bbox 341 4591 550 4598; x_wconf 70' lang='lat'>—-—-.——.-</span> 
     </span>
    </p>
   </div>
   <div class='ocr_carea' id='block_1_4' title="bbox 379 4701 1158 4830">
    <p class='ocr_par' dir='ltr' id='par_1_7' title="bbox 379 4701 1158 4830">
     <span class='ocr_line' id='line_1_39' title="bbox 381 4701 1158 4760; baseline 0.005 -16"><span class='ocrx_word' id='word_1_306' title='bbox 381 4702 388 4732; x_wconf 86' lang='lat'><strong>¹</strong></span> <span class='ocrx_word' id='word_1_307' title='bbox 419 4701 527 4746; x_wconf 86' lang='lat' dir='ltr'>Romani</span> <span class='ocrx_word' id='word_1_308' title='bbox 539 4705 677 4748; x_wconf 84' lang='lat' dir='ltr'>tribunalis</span> <span class='ocrx_word' id='word_1_309' title='bbox 687 4717 731 4748; x_wconf 85' lang='lat' dir='ltr'>seu</span> <span class='ocrx_word' id='word_1_310' title='bbox 742 4707 850 4754; x_wconf 86' lang='lat' dir='ltr'>consilii.</span> <span class='ocrx_word' id='word_1_311' title='bbox 862 4707 934 4750; x_wconf 81' lang='lat' dir='ltr'>della</span> <span class='ocrx_word' id='word_1_312' title='bbox 946 4705 1013 4749; x_wconf 81' lang='lat' dir='ltr'>Rota</span> <span class='ocrx_word' id='word_1_313' title='bbox 1025 4707 1158 4760; x_wconf 85' lang='lat' dir='ltr'>appellati.</span> 
     </span>
     <span class='ocr_line' id='line_1_40' title="bbox 379 4775 965 4830; baseline 0.002 -11"><span class='ocrx_word' id='word_1_314' title='bbox 379 4777 390 4807; x_wconf 78' lang='lat'><strong>²</strong></span> <span class='ocrx_word' id='word_1_315' title='bbox 419 4775 507 4820; x_wconf 82' lang='lat' dir='ltr'>Sancti</span> <span class='ocrx_word' id='word_1_316' title='bbox 519 4777 643 4820; x_wconf 75' lang='lat' dir='ltr'>Antonini</span> <span class='ocrx_word' id='word_1_317' title='bbox 655 4777 795 4820; x_wconf 80' lang='lat' dir='ltr'>Surnmum</span> <span class='ocrx_word' id='word_1_318' title='bbox 806 4777 965 4830; x_wconf 68' lang='lat' dir='ltr'>theologiae.</span> 
     </span>
    </p>
   </div>
   <div class='ocr_carea' id='block_1_5' title="bbox 0 0 1794 5534">
    <p class='ocr_par' dir='ltr' id='par_1_8' title="bbox 0 0 1794 5534">
     <span class='ocr_line' id='line_1_41' title="bbox 0 0 1794 5534; baseline 0 4"><span class='ocrx_word' id='word_1_319' title='bbox 0 0 1794 5534; x_wconf 95' lang='lat' dir='ltr'> </span> 
     </span>
    </p>
   </div>
  </div>
 </body>
</html>
