3382 5528
333 477 388 542 490
718 478 891 543 errnaae
909 497 1179 552 Quanamesrans

390 628 499 694 Resta
510 629 577 694 che
586 629 762 694 dichiamo
773 631 817 695 de
831 631 865 694 la
880 631 1118 696 beneuolenza
1129 639 1164 694 et
1175 647 1296 695 amore
1309 629 1353 694 de
1365 629 1388 692 li
1400 629 1561 694 cittadini

330 754 435 801 uerso
449 737 486 801 di
500 737 570 801 noi.
588 736 615 801 Ι1
629 736 730 802 Rmo.
747 737 937 803 Cardenali
958 737 1085 802 Fuluio
1107 736 1117 770 ¹
1139 737 1186 801 ha
1204 736 1403 801 dichiarato
1423 745 1562 818 aperta·

330 853 447 909 mente
460 845 482 907 l'
500 845 618 908 animo
633 861 698 908 sno
709 845 746 908 in
760 863 865 909 uerso
880 845 915 910 di
929 853 1053 926 questo
1068 844 1239 925 Coiiegio.
1254 844 1460 925 Imperoche
1472 843 1560 908 scri·

329 949 444 1016 uendo
460 969 481 1015 a
494 951 611 1032 quelli,
628 968 671 1015 co
686 951 697 1014 i
712 952 822 1033 qnalii
835 953 1001 1017 hauiamo
1016 949 1061 1015 da
1082 951 1169 1032 fare,
1186 950 1406 1016 caldamente
1421 951 1489 1015 cia
1507 969 1560 1015 ra·

331 1057 593 1140 commendato,
609 1067 644 1122 et
658 1059 705 1122 ho
720 1075 895 1140 speranza
910 1059 976 1124 che
989 1059 1069 1123 faro
1082 1059 1106 1124 it
1122 1057 1235 1123 officio
1247 1059 1284 1123 in
1299 1058 1383 1139 ogni
1397 1075 1484 1138 cosa
1499 1076 1560 1140 ap·

330 1173 535 1248 pertenente
550 1182 571 1228 a
585 1167 617 1230 le
633 1181 717 1230 cose
733 1165 769 1230 di
779 1175 904 1247 questo
915 1165 1087 1246 collegio:
1100 1175 1134 1231 et
1145 1167 1276 1230 scrisse
1290 1166 1449 1230 anchora
1461 1166 1560 1230 uoler

330 1273 389 1355 piir
410 1280 528 1353 presto
552 1272 617 1338 che
640 1273 666 1338 li
681 1273 873 1338 manehase
899 1274 922 1337 ii
948 1291 1051 1355 pane,
1077 1273 1144 1338 che
1158 1261 1196 1337 le‘
1211 1289 1295 1338 cose
1320 1273 1560 1338 necessarie'a

330 1389 454 1463 questo
469 1379 638 1460 Collegio.
656 1379 859 1444 Eanchora
873 1398 921 1444 un
943 1381 1054 1459 gentil
1079 1381 1210 1446 huomo
1235 1380 1405 1446 cittadino
1431 1381 1499 1445 che
1516 1380 1562 1444 ha

329 1505 421 1579 gran
435 1505 522 1552 cura
536 1485 622 1552 dele
637 1495 758 1551 nostre
772 1502 867 1564 cose;
884 1487 1010 1565 costui,
1027 1487 1092 1551 che
1107 1503 1268 1567 gouerna
1283 1488 1411 1552 canalii
1425 1497 1461 1551 et
1479 1489 1563 1551 cani

330 1612 393 1677 per
406 1595 442 1658 ia
453 1581 566 1674 e'acia,
581 1595 637 1658 col
651 1595 757 1675 quall'
781 1595 964 1658 essercitio
980 1595 1011 1658 si
1032 1593 1151 1673 dileta,
1168 1595 1214 1658 ha
1239 1592 1334 1658 detto
1361 1594 1473 1658 voler’
1496 1595 1564 1658 las·

330 1703 427 1766 ciare
440 1703 525 1782 ogni
539 1718 636 1781 cosa,
653 1702 754 1766 accio
769 1701 836 1765 che
850 1702 947 1783 possi
962 1718 1147 1766 socorrere
1162 1720 1183 1765 a
1198 1703 1232 1766 le
1243 1719 1329 1766 cose
1340 1711 1474 1767 nostre.
1492 1701 1563 1767 An·

331 1827 415 1875 cora
430 1810 455 1873 il
468 1807 635 1882 Vescouo
650 1816 684 1872 et
699 1808 722 1873 11
737 1825 802 1872 sno
817 1806 964 1872 Vicnrio
986 1807 1207 1873 dimostrano
1228 1809 1339 1874 hauer
1358 1826 1452 1890 gran
1478 1827 1565 1874 cura

331 1916 418 1981 dele
432 1923 552 1980 nostre
567 1933 652 1980 cure
667 1913 765 1996 (sic),·
780 1924 814 1979 et
829 1915 865 1979 in
888 1917 978 1997 quel'
1000 1915 1067 1980 che
1087 1933 1253 1996 possonn,
1270 1918 1341 1981 mai
1363 1918 1565 1982 manchano

332 2024 388 2089 col
402 2041 466 2087 suo
482 2023 590 2102 aiuto,
608 2023 810 2101 elemosine,
832 2031 866 2086 et
883 2023 1048 2087 autorita:
1070 2023 1093 2086 li
1116 2023 1197 2087 altri
1220 2023 1381 2088 cittadini
1397 2025 1431 2089 ci
1452 2042 1565 2089 sonno

332 2140 432 2196 tanto
446 2129 650 2210 affetionati,
667 2130 734 2194 che
747 2129 923 2194 cercando
938 2131 972 2194 la
988 2130 1160 2195 lemosina
1175 2147 1236 2211 per
1248 2132 1323 2211 noi.
1333 2131 1405 2196 mai
1419 2133 1454 2196 ci
1467 2149 1564 2196 man·

334 2239 403 2304 cha
415 2255 500 2303 cosa
520 2253 666 2316 aeruna,
692 2237 781 2301 nesi
803 2254 1036 2318 uergognano
1061 2238 1097 2303 di
1122 2238 1245 2302 lassar’
1270 2240 1304 2302 la
1329 2239 1405 2304 loro
1421 2240 1567 2319 granno

335 2345 420 2410 acio'
433 2344 638 2425 prouedano
658 2363 679 2408 a
698 2346 723 2408 li
744 2345 856 2409 nostri
875 2345 1026 2425 bisogni.
1042 2343 1101 2410 Dii
1124 2345 1376 2410 Gouernator¹
1396 2363 1469 2410 non
1490 2364 1566 2411 ren·

335 2452 422 2517 dero
438 2470 500 2534 per
515 2451 642 2516 adesso
658 2452 759 2516 auiso
775 2468 838 2532 per
852 2455 960 2516 esser'
979 2469 1073 2516 nouo
1087 2453 1123 2516 in
1138 2461 1263 2533 questa
1278 2453 1376 2533 citta,
1393 2453 1567 2518 dimostra

337 2561 449 2625 hauer
465 2559 557 2622 bona
573 2557 738 2623 affetione
753 2575 859 2623 verso
878 2558 1003 2623 di-noi.

396 2666 529 2746 Questo
540 2667 587 2730 ho
600 2667 723 2730 scritto
737 2668 802 2730 ala
816 2665 856 2730 R.
874 2665 920 2731 V.
934 2683 996 2748 per
1008 2666 1042 2730 la
1054 2675 1176 2730 nostra
1189 2666 1444 2731 consuetudine
1456 2667 1565 2732 breue
1623 2649 1626 2659 ¹

336 2784 371 2840 et
385 2773 674 2856 simplicemente:
695 2774 776 2855 quel
790 2774 856 2838 che
871 2791 934 2855 per
954 2775 979 2837 ii
998 2774 1143 2837 aueuire
1162 2774 1338 2838 accedere
1357 2790 1568 2855 procurare·

336 2900 395 2947 mo
415 2882 585 2946 scriuerlo
601 2881 662 2962 piri
683 2879 981 2962 diiigentemente;
1004 2880 1060 2944 fra
1075 2891 1175 2945 tanto
1191 2881 1282 2945 nelle
1294 2882 1454 2945 oratione
1468 2881 1514 2945 de
1534 2883 1568 2945 la

336 2987 378 3053 R.
396 2988 442 3053 V.
459 2988 541 3052 tutti
556 2987 589 3052 ci
604 2987 943 3052 recommandiarno.

400 3095 456 3160 Da
471 3093 660 3175 Peroggia,
674 3095 747 3174 agii
761 3095 780 3157 7
795 3093 838 3158 de
853 3093 1034 3159 Seternbre
1052 3094 1139 3158 1556.

583 3199 630 3266 Di
644 3200 689 3266 V.
706 3200 745 3265 P.
762 3217 867 3266 seruo
882 3201 918 3265 in
934 3201 1010 3280 X.⁰,

1129 3415 1209 3480 Gro.
1234 3414 1404 3480 Antonio.

400 3739 667 3822 Superscriptio
691 3739 730 3801 in
755 3743 887 3820 quarta
908 3739 1072 3818 pagina:
1092 3741 1114 3812 †
1135 3737 1180 3802 Α1
1205 3738 1314 3801 molto
1343 3735 1423 3802 R.‘¹⁰
1447 3737 1486 3801 in
1507 3735 1571 3801 X.⁰

340 3849 394 3914 P.e
410 3849 433 3911 11
459 3845 512 3910 Pr
528 3845 574 3910 M.
601 3847 774 3911 Giacomo
794 3847 938 3926 Laynez
959 3843 1105 3909 Vicario
1120 3845 1287 3924 generale
1308 3843 1398 3908 della
1420 3841 1570 3924 Compa-

339 3955 423 4036 gnia
439 3952 475 4018 di
492 3953 613 4018 Giesir.
631 3952 664 4018 A
679 3952 804 4017 Roma.

400 4061 486 4126 Alia
512 4077 636 4124 manu:
651 4058 764 4142 JesuS.
795 4059 883 4123 1556.
910 4058 1075 4139 Perugia.
1099 4057 1366 4138 Quadrimestre
1388 4056 1471 4122 delli
1490 4057 1510 4122 7
1529 4058 1572 4123 de

342 4167 447 4233 Sett.e

346 4311 555 4324 —ffl-

355 4409 356 4434 3
384 4373 392 4406 ¹
421 4371 530 4417 Fulvius
541 4371 666 4416 Cornene.
1571 4409 1573 4412 .

383 4443 395 4476 ⁸
422 4443 591 4488 succenserat
602 4444 623 4488 is
634 4441 746 4489 Curensi
757 4443 896 4500 Episcopo.
904 4442 1018 4487 Thomae
1027 4441 1130 4495 canolii,
1142 4440 1171 4486 0.
1182 4441 1210 4487 P.
1220 4439 1286 4486 Vide
1297 4439 1410 4486 Ponam
1420 4439 1574 4487 chronicon.

343 4523 363 4562 t.
374 4527 399 4570 v.
410 4514 617 4572 pmffihndbi.
1171 4519 1175 4528 ’
1376 4517 1378 4522 “
