3436 5526
432 603 485 662 610
815 605 986 666 Limenia
1005 622 1278 676 Quaoannmrass

430 749 495 814 bus
514 760 583 830 est;
607 761 754 832 rogatus
779 753 905 817 deinde
925 771 947 816 a
968 753 1113 817 Vicario
1141 753 1297 818 civitatis
1319 762 1353 817 et
1375 753 1590 835 primatibus,
1609 749 1637 813 in

428 875 565 921 summo
582 861 711 940 templo
723 877 861 923 summa
876 861 1031 925 omnium
1048 861 1283 924 admiratione
1299 861 1506 925 concionem
1519 857 1635 934 habuit

427 963 576 1044 denique
603 983 733 1046 magno
759 969 878 1030 calore
903 967 946 1030 de
971 968 1156 1032 condendo
1183 968 1334 1048 collegio
1359 978 1414 1033 est
1438 977 1560 1046 actum;
1584 963 1635 1028 sed

425 1072 553 1134 messis
568 1072 699 1146 multa,
714 1073 876 1154 operarii
886 1080 1005 1138 autem
1016 1075 1137 1156 pauci.

484 1177 521 1242 In
544 1179 612 1242 hoc
635 1197 722 1244 vero
745 1182 1002 1263 amplissimum
1027 1183 1214 1247 charitatis
1240 1181 1394 1248 fructum
1419 1199 1496 1247 esse
1514 1179 1632 1263 opinor,

423 1287 528 1366 quod,
545 1304 625 1350 cum
641 1297 762 1367 patres
777 1288 966 1353 Societatis
981 1289 1026 1352 ad
1041 1289 1209 1354 visendos
1227 1299 1263 1353 et
1277 1291 1514 1354 consolandos
1527 1304 1632 1367 aegro·

422 1401 538 1456 tantes
553 1411 808 1474 saepenumero
825 1405 1067 1473 accersuntur,
1084 1414 1207 1461 eorum
1222 1397 1425 1477 praesentia
1441 1405 1476 1460 et
1490 1411 1631 1460 sermone

420 1516 490 1562 non
515 1502 620 1564 modo
641 1503 781 1582 aegroti
800 1502 991 1582 plurimum
1010 1502 1215 1567 reficiantur
1236 1511 1269 1567 et
1292 1501 1338 1567 ad
1362 1502 1525 1568 ferendas
1544 1499 1631 1565 hilari

419 1607 537 1670 animo
559 1625 681 1671 omnes
703 1610 885 1674 molestias
906 1620 1010 1690 atque
1030 1609 1138 1686 ade0‚
1161 1611 1191 1673 si
1215 1627 1304 1691 opus
1328 1610 1389 1688 sit,
1413 1619 1556 1674 mortem
1578 1623 1630 1688 pro

417 1712 558 1778 Christo
574 1715 806 1794 adducantur;
824 1734 949 1780 verum
969 1717 1077 1781 etiam
1099 1733 1223 1780 omnes
1243 1733 1365 1780 eornm
1379 1717 1555 1798 pietatem,
1571 1729 1629 1778 mo

415 1837 493 1883 rum
509 1821 700 1886 candorem
716 1839 758 1886 ac
774 1824 985 1901 praesertim
997 1823 1210 1887 charitatem
1226 1823 1458 1904 admirentur,
1470 1835 1540 1888 tum
1550 1819 1627 1903 quod

414 1945 494 1990 eum
510 1926 658 1992 infirmis
670 1931 857 2010 plusquam
869 1941 1018 2010 paterno
1030 1939 1176 1995 utantur
1188 1947 1320 2008 amore,
1335 1940 1411 1994 tum
1422 1931 1527 1994 etiam
1537 1925 1624 2010 quod,

414 2035 509 2098 nulla
533 2036 665 2116 privati
689 2037 863 2100 commodi
889 2039 1027 2100 ratione
1050 2037 1190 2116 habita,
1213 2038 1271 2100 vel
1302 2037 1510 2119 intempesta
1538 2043 1625 2100 nocte

413 2142 544 2220 vocati,
562 2143 613 2206 ire
628 2161 698 2206 non
713 2153 889 2209 recusent.

471 2246 545 2312 Iam
564 2267 650 2313 vero
671 2251 714 2314 de
736 2250 989 2332 discipulorum
1009 2250 1125 2316 fructu
1145 2259 1181 2314 et
1203 2251 1398 2332 diligentia,
1415 2267 1496 2316 cum
1514 2251 1546 2314 in
1566 2257 1623 2311 stu·

410 2354 477 2419 diis
493 2355 717 2437 honestisque
739 2357 945 2438 disciplinis,
962 2369 1036 2421 tum
1055 2357 1209 2421 maxime
1224 2357 1259 2421 in
1279 2357 1385 2421 rebus
1407 2357 1485 2437 piis,
1507 2350 1621 2436 aliquid

408 2462 596 2526 dicendum
611 2463 761 2538 videtum
780 2463 952 2546 siquidem
966 2482 1048 2529 cum
1062 2474 1228 2546 parentes
1243 2474 1349 2545 atque
1369 2464 1430 2528 alii
1446 2465 1540 2527 cives
1553 2475 1621 2543 pne.

409 2587 527 2633 rorum
547 2572 769 2649 modestiam,
790 2571 962 2635 candidos
981 2589 1098 2636 mores
1117 2582 1152 2635 et
1173 2571 1209 2635 in
1225 2571 1321 2634 omni
1337 2587 1375 2634 re
1391 2570 1538 2634 honesta
1552 2581 1618 2648 pro·

407 2677 537 2741 lectum
551 2677 754 2757 advertunt;
770 2679 956 2743 civitatem
968 2688 1141 2758 asserunt,
1163 2678 1193 2741 si
1208 2676 1385 2742 Societate
1407 2676 1613 2746 destituatur,

406 2783 641 2848 miserrimam
656 2785 823 2848 suturam:
840 2802 906 2848 nec
924 2785 1100 2849 immerito
1116 2802 1214 2864 sane,
1234 2801 1374 2865 semper
1385 2784 1479 2848 enim
1493 2801 1511 2848 e
1525 2782 1613 2848 domo

405 2891 441 2953 in
461 2890 630 2970 scholam,
647 2892 806 2954 similiter
821 2909 842 2954 a
862 2891 984 2956 schola
1000 2892 1036 2955 in
1052 2892 1207 2970 domum,
1223 2909 1295 2954 non
1309 2891 1449 2972 inanes,
1468 2899 1505 2954 ut
1519 2888 1612 2971 prius.

405 2999 611 3077 cantilenas,
634 2998 695 3062 sed
715 2999 912 3063 doctrinam
933 2999 1163 3063 christianam
1182 2999 1218 3062 in
1238 3015 1299 3062 ore
1320 2997 1494 3077 habendo,
1518 2997 1563 3060 ire
1579 3007 1614 3056 ac
1682 2997 1684 3085 ,¹

404 3105 519 3168 redire
540 3117 787 3184 consuescunt,
808 3106 932 3170 studiis
958 3123 1040 3169 vero
1056 3107 1104 3170 ita
1119 3105 1338 3184 incumbunt,
1359 3105 1407 3168 ita
1429 3100 1612 3187 disputatio·
1680 3121 1682 3209 ,¹

401 3211 504 3274 nibus
519 3221 553 3274 et
573 3213 767 3292 praeclaris
790 3213 985 3275 litterarum
1000 3211 1314 3276 exercitationibus
1327 3211 1506 3290 insistunt,
1522 3219 1555 3272 ut
1566 3222 1610 3269 su·
1679 3249 1680 3271 t

401 3319 554 3398 pientiae
569 3337 689 3382 amore
706 3330 810 3399 atque
827 3319 954 3383 ardore
968 3319 1122 3400 flagrare
1140 3319 1341 3382 videantur.
1358 3318 1417 3382 Ad
1435 3318 1523 3382 haec
1540 3327 1608 3380 suos

399 3437 649 3506 praeceptores
672 3425 866 3490 incredibili
885 3435 1145 3514 prosequuntur
1165 3443 1286 3490 amore
1308 3435 1342 3488 et
1362 3424 1567 3502 reverentia,
1582 3427 1608 3480 et
1675 3473 1676 3476 ,

397 3534 591 3596 attentione
614 3551 743 3613 magna
766 3535 904 3612 adsunt,
922 3542 1026 3613 atque
1042 3551 1165 3596 eorum
1184 3535 1345 3613 exemplo
1365 3550 1436 3596 non
1456 3531 1555 3613 pauci
1573 3523 1608 3588 ad

395 3641 549 3704 studium
565 3639 753 3703 Societatis
769 3641 890 3703 venire
911 3641 1180 3721 compelluntur.
1196 3637 1285 3703 Cum
1300 3639 1393 3704 enim
1413 3639 1463 3703 illi
1483 3643 1607 3702 nostros

393 3747 585 3826 discipulos
605 3746 706 3810 brevi
725 3759 883 3828 tempore
902 3757 1038 3810 tantum
1059 3745 1230 3827 prolicere
1246 3745 1379 3824 vident,
1401 3743 1525 3827 pudori
1543 3755 1606 3805 suc·

392 3853 571 3932 cumbunt,
589 3871 654 3916 nec
669 3872 707 3916 se
722 3853 767 3916 ab
782 3855 849 3918 illis
864 3854 1025 3933 superari
1044 3853 1236 3933 patiuntur.
1253 3851 1429 3932 Quocirca
1445 3863 1478 3916 et
1499 3861 1603 3913 eorum

392 3962 504 4024 virtus
519 3961 674 4040 quotidie
688 3962 817 4024 crescit
833 3972 867 4024 et
882 3977 1048 4024 numerus
1071 3970 1231 4040 augetur:
1248 3970 1330 4024 sunt
1345 3971 1463 4024 autern
1478 3955 1601 4022 circiter

390 4079 531 4130 centum
561 4067 816 4148 quinquaginta
843 4085 888 4130 ex
917 4067 1145 4132 nobilissimis
1170 4067 1278 4131 totius
1310 4067 1484 4146 civitatis;
1509 4058 1600 4141 aliqui

388 4175 506 4250 etiam,
524 4173 682 4238 discendi
698 4175 828 4254 gratia,
842 4192 887 4238 ex
900 4174 1233 4239 circumiacentibus
1244 4174 1385 4255 oppidis
1395 4175 1441 4238 ob
1453 4185 1600 4256 praecep·

387 4292 503 4345 torum
515 4282 698 4361 penuriam
707 4282 752 4345 ad
761 4279 908 4360 Collegii
918 4283 1060 4344 scholas
1070 4297 1212 4362 venere3
1226 4291 1260 4345 et
1272 4289 1598 4362 quamquamornnes

385 4387 548 4468 discipuli
571 4389 668 4452 circa
689 4405 763 4451 rem
786 4388 979 4451 literariam
993 4405 1031 4451 se
1054 4389 1140 4451 mire
1156 4387 1333 4452 studiosos
1349 4388 1524 4463 exhibent,
1539 4397 1595 4447 non

385 4504 504 4558 tamen
520 4495 647 4560 minori
662 4513 747 4559 cura
764 4495 885 4576 pietati
901 4495 1100 4574 invigilant.
1118 4494 1168 4559 Ita
1185 4495 1278 4558 enim
1299 4494 1534 4559 conscientiae
1547 4503 1597 4570 pu·

382 4603 498 4667 ritatis
514 4612 594 4665 sunt
610 4603 718 4681 avidi,
735 4611 772 4665 ut
788 4602 1046 4683 praescriptum
1061 4598 1250 4666 confitendi
1265 4611 1406 4683 tempus
1425 4619 1493 4666 non
1507 4611 1595 4677 expe·

381 4719 489 4786 erent,
507 4709 568 4772 sed
583 4709 619 4773 id
634 4710 776 4789 saepius
788 4709 980 4789 requirant,
997 4720 1032 4773 et
1054 4718 1260 4790 exposcant.
1283 4707 1354 4772 Alii
1378 4708 1423 4772 ad
1445 4706 1594 4772 maiorem

381 4818 509 4880 mentis
529 4816 830 4896 tranquillitatem,
853 4833 976 4880 omnes
998 4817 1238 4880 consessiones
1260 4815 1443 4896 reiterare,
1460 4821 1492 4878 et
1509 4807 1591 4876 vitio·
