3578 5534
349 546 392 608 92
741 549 914 610 Limnaia
932 561 1205 618 ouauttuusrnns

352 695 438 758 tioui
452 705 634 773 vacantes,
657 703 799 758 cessant
818 711 839 758 a
860 695 981 776 prauis
1002 693 1312 774 occupationibus;
1335 693 1426 758 inter
1447 692 1586 775 aliquos

347 811 434 864 sunt
448 800 528 866 lites
541 801 770 882 compositae,
788 801 849 865 alii
863 801 992 880 (soluto
1008 818 1090 865 aere
1102 799 1230 878 alieno)
1243 798 1378 864 dimissi
1393 809 1488 879 suut;
1501 817 1584 864 nam

346 907 484 972 cumin
498 908 727 972 concionibus
741 907 783 971 de
797 908 865 971 hoc
881 917 1059 988 ageretur,
1077 907 1317 988 properabant
1336 904 1383 969 ad
1398 922 1582 970 carcerem

346 1015 472 1094 aliqui,
489 1014 546 1078 hic
561 1015 676 1093 vuius,
694 1013 753 1080 hic
766 1014 929 1094 duorum,
946 1016 1004 1078 bic
1024 1023 1194 1096 quatuor,
1216 1013 1297 1077 illae
1312 1029 1387 1092 sex,
1408 1012 1468 1076 alli
1488 1012 1583 1076 deul·

348 1137 420 1202 que
442 1122 592 1186 aliorum
614 1121 732 1185 debita
752 1123 970 1200 exoluentes,
991 1120 1132 1184 vinctos
1153 1139 1173 1183 e
1195 1119 1300 1184 domo
1321 1121 1479 1184 carceris
1499 1119 1582 1183 edu·

346 1229 493 1291 cebant.

411 1332 684 1398 Praetereuntes
705 1334 862 1400 iudicum
880 1335 1085 1412 tribunalia,
1111 1351 1193 1398 cum
1214 1334 1445 1398 admonerent
1467 1332 1580 1396 nostri

348 1449 404 1514 ¹(vt
418 1440 544 1519 solent)
559 1439 740 1521 litigantes
755 1439 798 1503 de
820 1457 892 1504 non
913 1441 1127 1504 assumendo
1147 1441 1280 1504 frustra
1298 1439 1440 1502 nomine
1461 1436 1581 1502 Domi·

349 1549 398 1626 ni,
415 1547 511 1610 iubet
526 1558 669 1628 praetor
684 1565 728 1611 ne
743 1549 837 1610 vllus
850 1547 886 1611 id
900 1546 1034 1610 faceret
1054 1548 1119 1612 sub
1139 1563 1253 1627 poena
1272 1547 1380 1609 trium
1398 1544 1580 1626 dipondio·

351 1671 440 1717 rum.
467 1653 505 1717 In
532 1654 670 1717 horreis
694 1654 855 1718 similiter
878 1653 956 1731 (vbi
980 1665 1033 1718 est
1054 1669 1186 1734 magna
1212 1653 1405 1716 ementium
1426 1651 1580 1715 venden-

350 1762 505 1840 tiumque
520 1759 743 1840 frequentia),
760 1760 880 1824 habita
896 1778 917 1822 a
931 1759 1087 1840 quodam
1101 1777 1146 1823 ex
1164 1759 1296 1823 nostris
1318 1759 1577 1836 exhortatione,

351 1867 511 1930 indixere
525 1867 727 1947 praepositi,
741 1869 918 1930 clamante
929 1883 1118 1950 praecone,
1131 1865 1265 1946 nequis
1278 1875 1436 1930 assumat
1449 1881 1578 1930 nomen

349 1973 417 2036 Dei
427 1973 560 2036 frustra
573 1974 638 2036 sub
647 1990 762 2053 poena
771 1973 921 2036 duorum
932 1973 1193 2054 dipondiorum:
1202 1973 1252 2035 ita
1261 1972 1309 2050 fit,
1321 1981 1361 2036 vt
1373 1973 1531 2036 iurantes
1542 1981 1578 2036 et

342 2079 483 2142 'iurasse
499 2079 640 2142 doleant
652 2091 687 2143 et
699 2081 903 2160 persoluere
915 2079 1106 2160 gaudeant.
1119 2079 1276 2142 Fuerunt
1287 2079 1355 2144 hae
1368 2079 1578 2143 admonitio·

345 2201 409 2247 nes
419 2185 546 2249 abhinc
555 2186 667 2250 tribus
676 2186 1052 2251 mensibuscontinuae
1063 2187 1100 2250 in
1112 2185 1282 2263 ecclesiis
1292 2185 1453 2250 domibus
1462 2185 1578 2250 etvt'e's

340 2291 498 2370 publicis
514 2291 534 2371 ¹,
552 2292 598 2356 ad
611 2293 792 2372 primates,
809 2293 854 2356 ad
865 2294 1006 2373 vulgus,
1021 2293 1067 2356 ad
1080 2292 1226 2366 nobiles
1239 2292 1286 2355 ad
1301 2291 1485 2372 ignobiles,
1504 2309 1577 2356 ser-

346 2409 430 2462 uato
438 2399 607 2480 cuiusque
615 2415 789 2479 personae
799 2399 943 2480 decoro,
956 2400 1166 2480 placuerunt
1179 2410 1216 2462 vt
1224 2399 1426 2478 plurimum,
1438 2397 1577 2478 prolue-

344 2515 496 2584 runtque
512 2505 601 2570 adeo
617 2517 655 2569 vt
670 2507 803 2586 iurans,
820 2509 916 2571 nullo
930 2516 1107 2586 monente,
1124 2491 1275 2569 simodo
1290 2515 1576 2587 praetereuntem

344 2610 481 2675 videret
490 2613 642 2693 aliquem
655 2633 700 2677 ex
715 2615 858 2694 nostriS,
872 2613 974 2694 quasi
985 2613 1147 2678 lictorem
1157 2611 1315 2676 diuinum
1326 2613 1574 2693 praeueniens,

342 2717 485 2781 solitam
511 2720 682 2782 orationis
707 2720 905 2783 dominicae
929 2722 988 2783 vel
1014 2720 1198 2798 angelicae
1224 2719 1458 2800 salutationis,
1482 2735 1575 2783 nunc

343 2835 455 2902 stans,
471 2843 564 2889 nunc
579 2824 680 2889 flexis
695 2826 844 2906 genibus
858 2839 893 2889 et
914 2833 1038 2906 aperto
1060 2826 1194 2907 capite,
1217 2826 1472 2906 poeniteutiam
1492 2841 1574 2904 age-

342 2941 408 2994 ret.
426 2930 584 3012 Cumque
599 2933 737 3012 publice
757 2932 792 2996 ld
807 2933 918 3011 fieret,
942 2950 1049 3013 saepe
1069 2932 1234 2996 usuvenit
1250 2932 1368 3013 plures
1391 2933 1496 2996 vuius
1515 2949 1575 3014 pe-

340 3039 453 3102 riculo
469 3038 568 3102 reddi
582 3041 772 3119 cautiores
789 3051 823 3102 et
845 3039 1082 3118 poenitentem
1100 3038 1273 3103 similibus
1298 3039 1421 3102 iuuare
1441 3037 1573 3102 oratio·

342 3144 457 3208 nibus.
474 3145 523 3208 Vt
538 3145 581 3209 de
596 3145 835 3226 iureiurando,
854 3147 1016 3210 similiter
1031 3146 1074 3210 de
1087 3146 1166 3209 aliis
1176 3145 1335 3226 peccatis
1346 3145 1497 3225 publicis
1513 3145 1573 3208 ad-

337 3250 491 3314 diderim
506 3251 596 3330 lieri;
613 3263 803 3333 peccantes
818 3254 923 3331 euim,
939 3261 1126 3333 praesente
1142 3252 1260 3331 aliquo
1276 3269 1321 3314 ex
1336 3251 1479 3330 nostriS,
1496 3267 1573 3314 eru·

341 3356 501 3437 bescunt,
518 3359 726 3439 semetipsos
741 3361 926 3440 increpant
940 3369 974 3423 et
990 3359 1149 3441 puniunt:
1164 3359 1248 3437 imo,
1263 3358 1308 3423 ad
1319 3357 1491 3422 maiorem
1503 3357 1573 3421 Dei

334 3463 507 3543 gloriam,
524 3465 631 3529 etiam
651 3467 853 3531 absentibus
872 3468 1021 3545 nostris,
1038 3475 1178 3530 secreto
1198 3464 1293 3530 domi
1314 3481 1400 3528 suae
1422 3481 1571 3544 peccan-

341 3578 394 3632 tes
409 3587 448 3632 se
463 3571 615 3634 invicem
630 3573 833 3652 admonent,
850 3573 1046 3653 corripiunt
1060 3582 1095 3636 et
1110 3574 1293 3636 mulctant:
1311 3571 1405 3652 quod
1420 3571 1571 3651 denique

335 3685 395 3738 est
411 3677 539 3741 animis
554 3679 688 3742 nostris
702 3679 896 3744 maximum
917 3679 1095 3758 solatium,
1111 3678 1148 3742 in
1162 3678 1323 3742 ecclesiis
1343 3677 1451 3742 etiam
1473 3677 1571 3760 mini·

336 3793 447 3863 stros,
474 3801 555 3848 cum
579 3785 733 3865 primum
752 3786 970 3850 aduerteriut
989 3786 1142 3866 aliquem
1165 3801 1211 3848 ex
1231 3783 1408 3849 Societate
1429 3783 1567 3861 adesse,

342 3900 460 3954 vestes
473 3890 639 3955 decenter
654 3903 832 3972 coaptare,
849 3894 987 3956 vultum
1005 3908 1231 3974 componere,
1248 3891 1399 3972 denique
1418 3891 1454 3956 iu
1476 3889 1568 3954 ordi·

337 4013 422 4060 uem
436 3998 634 4062 modestum
648 3999 786 4079 seipsos
800 4000 962 4079 redigere
976 3999 1111 4064 videas.

401 4101 668 4169 Praedicatores
682 4106 806 4184 nostri,
822 4123 903 4169 cum
916 4107 1014 4170 lestis
1030 4105 1152 4170 diebus
1167 4103 1212 4168 ad
1232 4103 1404 4168 ecclesias
1428 4103 1569 4167 concio·

340 4212 459 4275 naturi
474 4227 513 4274 se
528 4212 725 4292 conferunt,
742 4213 874 4277 ducunt
895 4213 1002 4276 aviis
1018 4212 1173 4292 publicis
1193 4217 1204 4250 ¹
1223 4223 1257 4276 et
1278 4211 1404 4292 plateis
1425 4211 1568 4275 ociosos

334 4316 386 4380 ad
400 4317 531 4394 diuina,
548 4335 642 4382 nuuc
656 4320 815 4397 silenteS,
832 4337 926 4383 nunc
940 4321 1012 4384 alta
1027 4337 1116 4383 voce
1131 4329 1290 4397 orantes,
1308 4335 1379 4382 non
1394 4319 1470 4381 sine
1495 4333 1554 4380 ma

334 4439 412 4502 gna
428 4425 626 4488 auditorum
643 4427 879 4507 spectantium
895 4426 1127 4490 admiratione
1142 4438 1176 4489 et
1196 4425 1458 4504 aedificatione,
1476 4423 1569 4488 alios

383 4701 389 4730 ¹
418 4701 472 4744 vtis
484 4701 601 4756 publicis
610 4701 714 4756 scripsit
725 4701 852 4746 Polaucus
861 4703 904 4745 ubl
914 4701 1056 4757 scripserat
1068 4702 1169 4746 Xuarez
1180 4701 1302 4746 callibus.

378 4775 390 4804 ¹
420 4773 466 4818 lllc
477 4775 555 4818 etlam
567 4775 681 4819 callibus
691 4775 831 4830 scripserat
843 4775 953 4821 Xuarez.
