3410 5528
604 543 668 608 Au.
691 543 761 608 1556
1240 540 1294 606 319

84 708 148 758 rum
163 691 171 726 ¹
186 691 332 760 Patrum
346 695 383 760 in
398 695 672 775 confesionibuS,
691 695 920 760 concionibus
935 703 969 758 et
980 692 1155 774 frequenti
1166 691 1295 757 Sacra·

83 810 265 867 mentorum
281 803 599 882 administratione,
616 804 759 868 vineam
780 802 924 867 Domini
943 801 1084 881 excolit,
1105 800 1294 882 extirpatis

83 910 244 992 plerisque
259 911 580 992 superstitionibus,
604 911 648 976 iis
667 912 833 991 maxime,
855 927 944 991 quas
969 911 1004 973 in
1026 911 1122 973 luctu
1142 908 1292 987 funebri,

84 1017 253 1083 emisione
268 1017 490 1100 capillorum,
507 1018 808 1100 ungulationibus,
825 1017 985 1082 muliebri
1007 1016 1150 1096 eiulatu,
1171 1015 1294 1097 praefi·

83 1139 190 1188 carum
204 1127 474 1205 conuocatione,
492 1133 597 1206 atque
612 1125 691 1190 aliis
705 1125 741 1190 id
755 1141 868 1205 genus
883 1123 1105 1202 idololatriis,
1119 1140 1210 1205 quae
1221 1132 1294 1188 tam

83 1231 160 1296 altas
183 1233 323 1296 radices
346 1232 510 1311 fixerant,
537 1242 576 1296 vt
600 1241 681 1313 post
707 1242 857 1296 mortem
881 1230 1034 1314 proximi
1053 1230 1212 1312 parentis
1234 1230 1295 1294 ali·

83 1338 208 1418 quando
223 1357 287 1420 per
302 1348 416 1405 totum
431 1357 564 1404 annum
579 1357 599 1403 a
614 1340 728 1403 sacris
742 1339 975 1403 abstinuerint
987 1339 1014 1418 ’ς
1028 1353 1234 1420 summaque
1245 1337 1294 1401 di·

84 1443 214 1524 ligentia
228 1446 459 1528 impetratum
474 1456 538 1526 est,
555 1446 680 1510 utiam
695 1462 818 1509 omnes
831 1445 937 1509 funus
952 1445 1163 1510 comitentur
1178 1453 1213 1508 et
1234 1462 1294 1526 pa·

84 1553 263 1617 tentalibus
278 1553 397 1618 mariti
412 1554 520 1618 etiam
533 1570 626 1616 vxor
640 1553 789 1628 intersit,
802 1553 896 1633 quod
908 1560 989 1616 ante
1002 1552 1096 1634 apud
1107 1554 1187 1618 iilos
1198 1553 1293 1616 inau-

84 1656 183 1723 ditum
197 1666 289 1724 erat:
306 1658 387 1724 huic
402 1659 544 1724 iunctus
557 1659 742 1724 Professor
756 1667 791 1722 et
804 1659 928 1723 litteris
943 1667 977 1723 ct
992 1659 1122 1740 pietate
1137 1659 1294 1723 imbuere

81 1765 194 1842 putem
208 1764 220 1797 ⁸
234 1766 369 1842 nititur,
382 1785 425 1831 ac
436 1767 634 1831 doctrinam
646 1766 877 1831 christianam
887 1767 1071 1847 praelegit.
1086 1766 1200 1846 Quam
1210 1773 1294 1831 'ante

84 1873 204 1954 aliquot
217 1891 358 1938 menses
372 1875 408 1938 in
422 1874 587 1938 undecim
602 1875 788 1955 paroeciiS,
805 1891 893 1955 quas
909 1875 1015 1938 habet
1033 1873 1210 1954 Messana,
1233 1892 1292 1937 no-

84 1981 139 2043 stri
157 1984 275 2062 pueris
296 1982 476 2046 incuicare
497 1999 608 2063 vsque
631 1981 675 2046 ad
698 1982 860 2062 proxime
881 1983 1020 2062 lapsum
1034 1981 1205 2064 Aprilem,
1222 1999 1293 2064 non

84 2089 202 2168 exiguo
214 2089 333 2154 fructu
347 2091 465 2154 conati
480 2097 572 2169 sunt,
589 2098 628 2153 vt
643 2089 756 2153 maior
771 2088 845 2154 fere
860 2105 1050 2169 puerorum
1069 2106 1154 2170 pars
1173 2104 1292 2169 quam·

83 2195 219 2272 plurima
233 2198 437 2262 memoriter
451 2197 604 2262 recitare
619 2199 691 2261 iam
712 2206 845 2278 posset.
873 2196 929 2262 Ab
955 2215 997 2261 eo
1022 2214 1110 2261 vero
1135 2204 1293 2277 tempore

82 2319 195 2368 munus
207 2304 294 2369 iliud
309 2305 458 2369 docendi
472 2323 495 2368 a
510 2305 649 2369 nostris
663 2305 709 2368 ad
724 2321 809 2370 suos
823 2303 1001 2370 Paroecos
1012 2303 1114 2368 ΗΜ·
1124 2303 1291 2368 Cardina·

81 2408 117 2471 lis
128 2407 140 2441 ⁶
152 2411 341 2477 transtulit
356 2409 379 2474 ¹.

135 2516 224 2583 Ante
238 2519 373 2600 aliquot
388 2519 464 2584 dies
478 2518 622 2601 quidam
640 2536 686 2584 ex
707 2521 839 2584 nostris
858 2518 1113 2596 sacerdotibus,
1134 2519 1289 2584 introdu-

82 2625 171 2690 cendi
194 2627 271 2691 eius
295 2627 405 2691 moris
428 2627 561 2708 gratia,
588 2643 694 2707 quem
718 2627 753 2690 in
779 2626 951 2704 tradenda
979 2627 1099 2707 pueris
1127 2625 1291 2690 doctrina

82 2731 262 2798 christiana
277 2735 336 2798 hic
351 2735 538 2812 tenuimus
556 2750 619 2814 per
634 2751 757 2799 omnes
772 2734 1010 2797 messanensis
1021 2733 1194 2798 dioecesis
1205 2733 1289 2797 ciui·

80 2846 161 2903 tates
173 2849 206 2904 et
219 2841 350 2924 oppida
365 2842 572 2921 celebriora,
588 2859 736 2906 numero
752 2842 894 2905 omnino
909 2840 959 2921 43,
976 2841 1105 2905 missus
1119 2849 1182 2904 est.
1199 2840 1287 2906 Nec·

80 2943 152 3010 dum
166 2945 220 3011 hic
235 2949 281 3012 ad
295 2965 364 3012 nos
378 2949 493 3013 rediit.
511 2949 548 3014 id
562 2949 677 3031 ipsum
690 2957 854 3028 coeptum
866 2949 902 3011 in
914 2963 1135 3028 syracusana
1147 2947 1291 3013 ciuitate

82 3067 117 3114 ac
130 3054 392 3119 circumiacenti
411 3057 608 3135 territorio;
629 3073 697 3136 qua
718 3073 821 3120 exre
843 3072 917 3119 non
936 3055 1149 3119 mediocrem
1172 3073 1291 3136 spera·

81 3174 146 3223 mus
163 3162 358 3226 animarum
374 3162 543 3243 salutem3
558 3172 639 3227 sunt
655 3163 749 3226 enim
763 3163 823 3242 iili,
841 3163 967 3242 quibus
989 3161 1217 3226 commissum
1237 3171 1290 3225 est

79 3269 255 3349 negotium,
270 3269 316 3333 ad
327 3270 413 3335 illud
425 3269 794 3337 accommodatissimi.
809 3268 952 3332 Praeter
965 3269 1001 3334 id
1012 3269 1129 3347 etiam,
1140 3269 1234 3350 quod
1247 3268 1292 3333 ad

79 3371 320 3456 diuulgandum
334 3377 370 3440 in
385 3377 452 3440 hoc
465 3393 575 3456 reguo
586 3374 774 3441 Societatis
784 3376 996 3457 institutum,
1008 3377 1072 3441 vix
1083 3376 1153 3440 alia
1165 3376 1289 3440 melior

79 3485 264 3563 excogitari
278 3483 372 3548 ratio
387 3491 537 3564 poterat.

128 3587 202 3654 Non
215 3592 346 3655 multos
361 3599 443 3654 ante
459 3608 597 3656 menses
611 3590 821 3655 Catanensis
836 3590 1035 3674 Episcopus
1050 3589 1121 3656 'ad
1132 3589 1237 3654 ΚΜ
1256 3591 1291 3654 in

79 3691 208 3761 Christo
219 3696 362 3762 Patrem
371 3696 631 3762 Prouincialem
643 3697 653 3729 ⁷
666 3716 737 3762 non
749 3699 858 3763 semei
868 3699 1072 3779 scripserat,
1085 3706 1125 3761 vt
1137 3698 1290 3779 aliquem

79 3817 115 3866 ex
128 3805 256 3870 nostris
271 3806 371 3870 adse
386 3822 465 3868 eam
479 3805 515 3868 in
530 3805 653 3870 vrbem
668 3806 833 3870 mitteret.
850 3803 981 3870 Missus
995 3806 1077 3870 illuc
1092 3816 1146 3870 est
1159 3804 1198 3869 P.
1216 3804 1286 3869 An·

84 3975 281 3993 Q·—

111 4083 118 4116 ¹
143 4083 230 4131 Tertia
239 4085 285 4132 iila
296 4095 396 4142 manus,
405 4086 437 4129 de
447 4097 498 4140 qua
508 4096 594 4139 supra,
606 4095 665 4140 pag.
678 4085 727 4139 ³18,
737 4091 824 4130 annot.
836 4085 855 4140 l,
867 4085 910 4130 bic
922 4085 1104 4141 superscripsit
1122 4086 1191 4129 iuter
1208 4085 1291 4129 lineas

73 4151 122 4206 luit
133 4157 160 4200 Ρ.
171 4157 276 4212 Daniel,
285 4157 352 4208 scil..
361 4156 390 4201 P.
400 4156 494 4201 Daniel
505 4149 681 4212 P'ueybroecir.
692 4156 758 4200 Vide
769 4167 857 4211 supra,
869 4163 887 4200 t.
899 4167 936 4210 ιιι,
947 4168 1007 4212 pag.
1016 4157 1065 4210 488,
1075 4164 1162 4203 annot.
1176 4159 1193 4212 l,
1205 4163 1230 4201 et
1242 4157 1289 4201 Po·

77 4233 142 4271 mer
152 4227 302 4282 caronreon,
312 4235 332 4274 t.
342 4241 369 4284 v,
380 4239 440 4282 pag.
452 4226 498 4282 1⁹0,
510 4238 534 4271 n.
545 4227 593 4272 w.

109 4297 119 4330 ¹
143 4299 208 4344 Vide
217 4311 375 4356 supremas.
387 4299 437 4344 ³01.
474 4343 480 4362 ,

108 4367 118 4400 ⁸
144 4371 315 4418 iuuentutem.
327 4371 456 4416 Polancus
466 4372 493 4414 in
503 4371 586 4426 primo
595 4373 722 4426 exemplo.

107 4441 118 4472 ⁴
141 4441 248 4494 Jounnes
259 4443 379 4488 Andreas
388 4443 419 4487 de
429 4441 564 4494 Mercurio,
573 4442 743 4488 messanensis
754 4442 971 4498 Archleplscopus
981 4447 1007 4486 et
1019 4441 1175 4488 Cardinails.

108 4513 118 4544 ⁵
143 4515 274 4560 Postrema
284 4516 350 4559 baec
360 4516 442 4558 verba
453 4515 490 4558 ita
501 4513 527 4557 fu
535 4514 618 4569 primo
628 4516 745 4569 exemplo
756 4515 903 4559 immutavit
914 4515 1049 4558 Poluncus:
1063 4525 1153 4558 munus
1169 4515 1231 4558 iilud
1247 4516 1291 4559 do·

75 4585 138 4629 rendi
147 4587 179 4631 ad
188 4597 246 4632 mos
254 4587 387 4632 Parachos
398 4585 485 4630 limus.
496 4585 642 4630 Cardinaiis
653 4585 835 4642 transferens,
847 4589 951 4630 nostros
961 4597 991 4630 eo
1001 4597 1081 4630 onere
1090 4586 1201 4631 levavit.

107 4653 118 4688 ⁸
142 4657 262 4703 Nicotaus
277 4657 360 4702 idnrla
378 4657 641 4704 candolus—iiic
656 4657 682 4702 ln
701 4658 811 4702 alterius
830 4659 940 4713 exempli
963 4669 1008 4702 ora
1027 4657 1130 4713 scripsit
1155 4657 1290 4703 Focaneus

78 4727 178 4776 urana.

109 4801 118 4832 l
143 4802 171 4846 P.
181 4802 365 4862 Hieronymum
380 4801 536 4846 Domenecit.
