3472 5528
612 543 675 612 Aa.
699 545 768 606 1556
920 573 922 580 v
1186 527 1190 540 ’
1251 537 1305 600 297

82 693 248 758 famulatu
262 693 369 774 (proh
384 692 503 770 dolor)
519 704 553 758 et
567 692 789 774 tepidissimi,
813 703 847 757 et
866 711 887 756 a
907 711 994 758 vera
1015 692 1109 756 deuii
1130 691 1303 772 religione

81 800 220 881 saepius
239 801 354 866 solent
373 801 637 884 comprehendi,
662 811 696 864 et
712 801 810 865 multi
827 800 871 864 ab
886 799 1152 882 inquisitoribus
1172 798 1301 880 puniri,

82 906 125 970 ad
138 906 234 987 quod
249 925 375 972 munus
395 908 522 974 iterum
541 907 740 973 obeundum
754 907 957 988 praedictus
972 905 1157 988 inquisitor
1172 905 1304 988 expetit

82 1031 156 1079 sese
176 1014 384 1095 accingere,
408 1015 502 1097 quod
526 1024 562 1080 et
585 1015 701 1082 differt
725 1016 877 1080 aduersa
903 1014 1065 1078 detentus
1088 1012 1303 1092 valetudine,

82 1139 148 1200 qua
163 1131 338 1204 cessante,
355 1122 489 1188 deferet
504 1123 540 1186 in
555 1122 719 1190 comitem
734 1122 875 1188 Patrem
888 1102 1120 1202 praedictum.
1137 1118 1238 1184 Alter
1254 1119 1303 1183 in·

81 1245 184 1310 super
208 1229 300 1294 illius
324 1231 463 1310 collega
488 1230 559 1311 (qui
583 1247 647 1294 nos
673 1231 806 1294 intimis
830 1229 944 1310 diligit
966 1227 1180 1306 visceribus,
1202 1235 1237 1292 et
1259 1244 1304 1290 ex

82 1337 212 1401 nostris
225 1338 331 1419 elegit
346 1337 403 1402 bic
418 1338 483 1404 sibi
499 1337 766 1416 confessarium,
784 1337 844 1418 qui
861 1347 896 1404 et
910 1335 1047 1417 Hispali
1061 1335 1303 1416 inquisitorem

81 1444 185 1512 etiam
205 1461 317 1525 agens
331 1454 365 1509 et
385 1447 590 1526 generalem
612 1444 882 1527 Archiepiscopi
903 1443 1088 1508 Vicarium
1110 1442 1153 1507 de
1174 1440 1305 1506 nostris

80 1547 144 1616 luit
165 1567 273 1632 quam
294 1551 425 1633 optime
444 1553 603 1628 meritus)
629 1551 807 1617 desiderat
832 1561 866 1614 et
886 1551 1058 1616 instanter
1078 1549 1165 1631 petit
1186 1565 1303 1631 quem·
1364 1557 1367 1564 '

82 1659 174 1736 piam
189 1675 234 1722 ex
254 1659 403 1739 nostris,
425 1659 486 1740 qui
505 1658 573 1740 ipsi
592 1659 628 1722 in
648 1659 771 1724 eodem
794 1657 961 1724 visitandi
982 1657 1095 1722 dictos
1116 1654 1304 1737 neophitos

84 1781 226 1830 munere
246 1767 364 1832 socius
387 1769 537 1844 existat,
561 1767 798 1832 instructurus
820 1766 927 1830 etiam
946 1765 1024 1830 illos
1046 1767 1082 1831 in
1106 1763 1187 1828 fidei
1212 1762 1303 1828 rudi·

83 1873 226 1952 mentiss
235 1884 338 1953 prout
357 1884 392 1938 et
406 1875 523 1955 coepit
537 1884 571 1938 et
586 1883 819 1955 prosequetur
840 1871 1095 1938 Santanderius
1110 1870 1226 1936 Pater.
1249 1871 1305 1936 Ex

83 1995 150 2059 quo
166 1980 308 2061 quidem
321 1981 358 2046 in
378 1968 533 2046 Domino
552 1981 627 2044 sore
646 1997 847 2062 speramus,
866 1989 905 2046 vt
924 1988 959 2044 et
979 1979 1162 2044 Altissimo
1177 1978 1303 2059 gloria,

82 2087 176 2163 genti
190 2087 394 2168 praedictae
407 2087 602 2170 spiritualis
615 2105 686 2152 non
702 2088 965 2170 qualiscumque
984 2086 1173 2169 proiectus,
1190 2084 1304 2150 Socie-

84 2193 143 2256 tati
157 2202 302 2261 nostrae
317 2196 452 2261 vtilitas
466 2203 501 2260 et
519 2195 730 2272 auctoritas,
753 2204 792 2260 vt
815 2195 978 2260 videlicet
1000 2195 1037 2258 in
1058 2209 1147 2274 agro
1162 2193 1305 2258 Domini

83 2299 224 2368 liberius
243 2299 278 2366 in
298 2302 365 2366 hoc
385 2317 498 2383 regno
519 2303 703 2384 copiosum
724 2319 844 2368 semen
865 2309 1029 2384 spargat,
1054 2300 1305 2382 vberioresque

82 2404 214 2470 fructus
228 2407 265 2472 in
278 2409 464 2473 animabus
483 2410 666 2490 recolligat
690 2409 950 2490 proximorum,
973 2407 1053 2471 inde
1074 2406 1304 2488 proculdubio

82 2514 299 2592 proueniant.
314 2513 436 2598 Neque
452 2518 555 2598 parui
576 2518 744 2582 momenti
766 2533 844 2580 esse
865 2515 1109 2580 existimamus
1130 2523 1169 2578 vt
1188 2511 1303 2578 Socie-

82 2621 161 2686 tatis
185 2620 407 2704 professores
432 2625 696 2706 ministeriaque
720 2624 946 2706 inquisitores
967 2623 1025 2688 hic
1046 2621 1136 2686 tanti
1156 2620 1301 2701 iaciant,

82 2743 214 2809 nosque
232 2729 322 2795 adeo
340 2739 488 2812 paterno
512 2731 657 2797 soueant
677 2730 823 2810 affectu,
849 2729 991 2812 quando
1013 2737 1065 2794 tot
1085 2728 1247 2792 homines
1268 2729 1304 2791 in

82 2834 146 2898 hac
160 2837 247 2901 vrbe
262 2847 297 2903 et
312 2838 508 2918 Collegium
530 2849 690 2904 euertere
711 2847 871 2903 nostrum
892 2853 1090 2918 nomenque
1109 2834 1225 2900 delere
1240 2853 1304 2916 pro

17 3015 18 3024 ἵ
84 2942 216 3008 viribus
229 2945 297 3008 nisi
312 2953 394 3010 sunt
401 2961 411 3026 ;
428 2946 592 3028 quodque
613 2947 648 3012 id
663 2956 697 3010 et
711 2963 805 3010 nunc
820 2947 1003 3027 perplures
1022 2942 1207 3030 indefessis
1222 2941 1303 3007 affe-

83 3059 173 3114 ctent
188 3053 334 3131 animis,
350 3070 422 3116 non
442 3054 566 3134 paucis
586 3053 805 3133 argumentis
824 3053 1043 3134 experimur;
1060 3050 1122 3116 sed
1137 3051 1231 3116 oculi
1244 3068 1303 3114 no·

17 3225 18 3228 ,
85 3158 145 3221 stri
161 3157 209 3222 ad
222 3158 413 3224 Dominum
427 3159 542 3225 Deum
556 3169 731 3240 nostrum,
748 3179 769 3224 a
784 3177 853 3242 quo
873 3168 907 3223 et
928 3159 1183 3240 protectionem
1197 3166 1231 3221 et
1246 3176 1305 3222 au·
1403 3243 1408 3254 ·

17 3301 18 3328 1
85 3264 205 3329 xilium
218 3276 424 3347 recepturos
438 3284 503 3331 nos
519 3268 593 3332 sine
608 3267 713 3332 dubio
728 3283 923 3348 speramus.

137 3371 367 3438 Iamtandem
378 3375 422 3438 ad
434 3392 589 3456 eaquae
601 3375 695 3438 domi
708 3383 800 3450 sunt,
811 3392 866 3438 me
876 3372 1307 3454 conuertam,quaebreui

17 3471 18 3476 ’
84 3481 234 3544 conabor
249 3481 429 3563 explicare
443 3499 617 3546 sermone.
641 3481 769 3546 Sumus
791 3483 826 3546 in
847 3482 1132 3563 praesentiarum
1153 3480 1306 3562 quinque

84 3587 295 3668 sacerdotes
312 3603 461 3669 quorum
476 3589 610 3670 primus
624 3599 677 3653 est
692 3587 731 3653 P.
747 3588 856 3669 Rojas
871 3589 942 3670 (qui
955 3588 1078 3670 paucis
1090 3596 1171 3651 ante
1182 3585 1305 3650 diebus

17 3723 18 3730 1
84 3690 116 3756 P.
131 3693 365 3759 Franciscum
379 3713 400 3758 a
415 3696 546 3777 Borgia
561 3713 626 3778 pro
641 3697 851 3778 quibusdam
866 3714 937 3760 non
953 3697 1056 3777 parui
1069 3694 1239 3759 momenti
1253 3710 1305 3757 re·

85 3799 144 3866 bus
169 3801 271 3868 adiit:
298 3821 380 3868 eum
405 3813 523 3868 autem
549 3804 650 3870 breui
674 3805 870 3869 rediturum
895 3803 1110 3885 speramus):
1136 3803 1227 3865 alter
1252 3809 1305 3864 est

85 3905 118 3968 P.
134 3908 298 3990 Queralt‚
316 3927 421 3992 quem
441 3929 461 3975 e
483 3911 707 3976 Barchinona
728 3911 766 3976 P.
790 3911 884 3992 Mag.
902 3911 1030 3976 Strada
1046 3909 1157 3974 misit:
1180 3909 1306 3973 tertius

86 4025 132 4080 est
145 4015 184 4082 P.
201 4015 296 4099 Mag.
313 4016 436 4082 Pilius:
459 4019 550 4082 alius
567 4018 787 4083 Licentiatus
808 4017 1009 4082 Santander
1031 4017 1086 4097 (de
1107 4033 1176 4099 quo
1197 4034 1305 4098 supra

85 4123 242 4203 meminii:
258 4125 419 4204 ultimus,
436 4135 470 4189 et
486 4126 642 4191 omnium
658 4125 839 4205 minimus,
863 4126 938 4206 ipse
960 4142 1050 4188 sum.
1072 4123 1216 4204 Omnes,
1239 4122 1305 4187 Dei

85 4231 206 4310 gratia,
222 4232 384 4297 valemus
397 4242 432 4297 et
446 4233 681 4298 incumbimus
701 4250 766 4315 pro
788 4251 852 4296 suo
875 4233 1023 4314 quisque
1037 4232 1171 4296 talento
1192 4229 1306 4294 solitis

86 4337 178 4401 nobis
197 4339 413 4404 ministeriis.
441 4339 599 4419 Quatuor
625 4341 732 4404 etiam
757 4339 886 4404 iratres
911 4339 1096 4402 nobiscum
1121 4329 1305 4417 suntfqui

87 4445 272 4512 ministerio
287 4447 412 4511 domus
426 4446 627 4512 intendunt:
645 4447 827 4512 studemus
848 4464 986 4526 omnm,
1008 4455 1047 4510 vt
1068 4463 1113 4509 ex
1134 4444 1306 4525 praescri·

87 4553 147 4628 ptis
167 4553 266 4618 nobis
287 4555 441 4634 regulis,
468 4572 557 4635 quas
581 4571 786 4635 possumuS,
814 4554 1038 4618 mediocriter
1064 4552 1304 4616 obsernemus:

89 4660 264 4736 proficiunt
289 4678 411 4726 omnes
435 4660 502 4726 Dei
526 4662 644 4742 gratia
669 4664 706 4726 in
731 4663 874 4743 spiritu,
901 4672 936 4727 et
961 4661 1131 4742 optimum
1158 4659 1305 4740 quisque

89 4763 225 4832 effundit
239 4767 399 4847 odorem,
415 4767 721 4850 aedificationique
735 4778 789 4834 est
804 4769 968 4833 omnibus
989 4785 1067 4832 cum
1083 4767 1209 4847 quibus
1225 4783 1304 4829 con·
