3578 5534
715 533 779 592 Au.
802 532 873 592 1556
1374 533 1409 592 ll
1443 560 1445 566 ·

177 676 345 742 Stellensi
361 675 381 758 ¹,
399 678 550 760 denique
564 679 600 742 in
615 695 710 760 pago
725 677 928 742 Suriacensi
941 679 963 756 ²,
981 678 1090 759 quiet
1110 685 1289 741 structura
1312 679 1409 758 oppi-

176 785 300 847 dulum
315 792 380 862 est,
397 784 629 849 concionibus
642 795 725 848 ante
745 784 947 848 Aduentum
971 783 1113 863 habitis,
1133 783 1273 863 frugem
1293 785 1409 848 Euan·

177 891 263 971 gelli
278 891 375 955 baud
391 893 576 972 vulgarem
593 893 708 968 retuli,
727 891 796 956 mei
811 891 987 955 desiderio
1002 892 1131 972 ubique
1152 892 1290 970 relicto,
1310 891 1411 955 Chri·

178 1009 237 1062 sto
250 999 378 1076 gloria.

242 1105 380 1169 Biliomi
395 1105 597 1170 Aduentum
617 1089 787 1187 trans'egi,
810 1117 891 1170 octo
912 1106 1082 1186 epistolae
1102 1105 1148 1169 ad
1164 1106 1338 1168 hebraeos
1354 1122 1409 1166 ca-

180 1211 255 1292 pita
270 1212 482 1292 enarrando,
500 1230 581 1276 cum
596 1221 695 1276 tanta
710 1213 911 1276 auditorum
923 1211 1038 1288 turba,
1052 1212 1275 1292 potissimum
1286 1211 1411 1274 diebus

178 1319 305 1395 sacris
322 1327 362 1382 vt
377 1319 453 1399 ipse
468 1321 755 1400 obstupescerem
770 1320 815 1383 ob
831 1320 882 1382 rei
896 1320 1104 1382 insolentem
1120 1319 1326 1383 nouitatem.
1347 1317 1410 1380 Vi·

178 1426 266 1488 deas
279 1426 415 1506 passim
429 1444 560 1490 nouam
575 1427 731 1490 ciuitatis
746 1426 885 1506 sociem,
898 1427 928 1490 si
941 1444 1022 1489 cum
1034 1427 1118 1488 olim
1131 1435 1301 1488 consueto
1312 1441 1409 1488 more

179 1531 326 1596 videndi
341 1549 421 1596 eam
436 1532 610 1596 conferas.
626 1533 789 1614 Jactatur
805 1533 939 1613 passim
949 1533 1130 1614 myriades
1141 1531 1310 1595 vitiorum
1323 1531 1411 1594 meis

180 1639 412 1703 concionibus
433 1639 646 1720 praepediri.
671 1639 750 1720 Ipse
772 1640 926 1704 demiror
947 1651 1082 1703 tantam
1103 1639 1223 1720 populi
1245 1654 1332 1717 erga
1353 1655 1410 1701 me

181 1745 420 1808 reuerentiam
436 1756 540 1825 atque
553 1747 642 1810 adeo
654 1747 932 1810 obseruantiam.
945 1745 1055 1810 Nemo
1068 1757 1121 1808 est
1133 1746 1276 1826 quinon
1288 1761 1410 1808 verea-

179 1859 239 1913 tur
253 1868 376 1914 coram
390 1868 446 1914 me
460 1851 578 1916 Deum
592 1852 787 1932 ollendere;
804 1869 846 1916 ac
862 1853 893 1916 si
906 1853 996 1916 forte
1009 1855 1110 1933 lapsu
1123 1853 1265 1931 linguae
1276 1860 1337 1914 aut
1349 1851 1411 1914 im-

179 1958 367 2036 prudentia
379 1956 474 2036 juret
489 1960 676 2040 quispiam,
693 1978 777 2024 mox
793 1961 955 2024 ultroneo
970 1959 1104 2040 pudore
1127 1958 1288 2038 arguitur
1312 1974 1410 2021 suus·

180 2065 337 2142 quesibi
355 2063 466 2142 judex
488 2075 554 2128 est.
575 2064 894 2156 QuotiesBiliomi,
917 2067 986 2128 alio
1002 2076 1162 2142 vocatuS,
1180 2082 1251 2128 non
1265 2079 1411 2143 possum

180 2171 403 2250 concionari,
419 2170 603 2236 Biliomaei
622 2173 819 2236 absentiam
838 2189 954 2236 meam
976 2189 1085 2252 aegre
1103 2172 1233 2250 serunt,
1259 2186 1337 2233 meo
1359 2180 1410 2232 ta-

182 2293 265 2340 men
288 2293 394 2340 suum
417 2278 563 2342 arbitrio
585 2279 831 2343 submittentes
852 2279 1030 2342 allectum.
1054 2277 1164 2342 Aiunt
1185 2295 1241 2342 me
1267 2277 1409 2340 diuinae

178 2385 320 2464 gratiae
334 2387 416 2448 luce
429 2385 666 2466 splendidiore
680 2387 872 2466 gloriosius
886 2403 1026 2466 semper
1037 2386 1213 2467 perfundi,
1227 2385 1408 2462 exornari,

181 2491 365 2556 illustrari.
381 2491 460 2556 Deo
474 2493 588 2557 honor
602 2503 692 2556 esto.

241 2597 343 2662 ΒΜ*
358 2599 532 2663 Dominus
555 2601 613 2681 pio
634 2602 807 2665 vberioris
828 2601 917 2664 lucri
937 2600 1106 2681 spiritalis
1126 2600 1243 2663 studio
1265 2615 1410 2679 persua·

178 2723 255 2783 sus,
272 2723 326 2769 me
342 2707 389 2768 ad
404 2707 646 2772 consessiones
661 2708 855 2772 audiendas
870 2710 1031 2771 hortatus
1046 2717 1110 2782 est,
1127 2723 1249 2786 parem
1265 2705 1409 2784 Episco-

179 2811 256 2892 pali
278 2812 517 2892 jurisdictioni
541 2814 722 2878 Ecclesiae
745 2815 899 2878 clauium
920 2823 1142 2894 potestatem,
1169 2821 1338 2894 quantum
1364 2809 1410 2874 ad

181 2935 291 2982 casus
312 2929 517 2984 reseruatos
537 2922 672 3000 attinet,
693 2923 726 2984 itt
748 2939 804 2985 me
826 2921 1056 2984 transferens.
1078 2918 1171 2982 ΚΜ
1196 2917 1234 2981 Ρ.
1258 2917 1410 2981 Pascha·

179 3025 258 3088 sius
284 3024 307 3103 ⁸,
328 3026 497 3107 Episcopi
517 3028 741 3092 subscribens
761 3028 919 3104 arbitrio,
943 3044 1001 3106 ea,
1023 3043 1093 3106 qua
1115 3035 1176 3090 tua
1199 3025 1410 3088 auctoritate

180 3132 353 3212 fungitur,
369 3132 550 3212 facultate,
567 3131 737 3198 Societati
755 3134 984 3215 Apostolicae
1002 3131 1105 3198 Sedis
1122 3133 1310 3212 priuilegio
1330 3148 1410 3194 con·

177 3255 333 3318 cessam,
355 3240 510 3304 clauium
530 3240 876 3304 administrationem
896 3240 981 3303 mihi
1001 3239 1189 3318 commisit,
1211 3255 1319 3320 quam
1338 3239 1412 3319 qui·

174 3345 262 3409 dem
275 3362 439 3424 exerceo,
455 3356 629 3426 quatenus
645 3363 707 3426 per
722 3348 977 3428 occupationes
992 3348 1085 3410 licet.
1187 3395 1193 3410 .

240 3451 557 3532 Vigesimoquarto
587 3451 771 3532 Octobris,
802 3454 838 3516 in
867 3451 1012 3534 Synodo
1041 3452 1333 3530 Claromontana,
1364 3452 1409 3515 ad

172 3575 289 3638 quam
303 3557 472 3622 Pastores
484 3560 671 3623 uniuersae
685 3559 901 3624 Dioeceseos
913 3569 1155 3623 conuocantur
1166 3576 1211 3621 ex
1223 3575 1322 3621 more
1332 3575 1409 3621 ora·

170 3666 314 3729 tionem
337 3666 380 3728 de
402 3665 592 3730 Pastorum
610 3666 726 3730 officio
747 3668 856 3730 habui
876 3684 998 3730 coram
1019 3667 1195 3748 Episcopo
1217 3675 1252 3728 et
1276 3665 1411 3746 aliquot

173 3771 383 3836 Abbatibus
398 3789 441 3834 ac
460 3772 746 3854 frequentissima
769 3775 969 3837 auditorum
988 3790 1137 3837 corona:
1158 3790 1248 3853 quae
1268 3771 1411 3853 quidem

220 4049 228 4082 Ι
261 4046 299 4090 De
310 4047 342 4091 iis
351 4049 515 4092 monasteriis
525 4047 589 4092 nlbll
603 4049 666 4092 certi
684 4055 801 4093 statuere
817 4060 959 4103 possumus.
977 4047 1023 4092 Est
1041 4049 1151 4103 quidem,
1169 4049 1195 4092 ln
1212 4047 1308 4092 rrclnla
1323 4049 1409 4102 oppidi

172 4120 301 4170 Anbar,
309 4119 458 4174 oppidulum
468 4119 569 4163 nomine
579 4119 687 4164 Marsae
697 4119 779 4176 (¹Puy
790 4121 823 4164 de
834 4121 927 4172 Domo,
936 4121 1019 4164 edim
1029 4121 1098 4170 hab..
1109 4130 1154 4164 sur
1168 4119 1195 4164 la
1209 4119 1290 4171 Dore,
1304 4125 1373 4162 cant.
1384 4125 1410 4163 et

172 4189 288 4236 monti.
299 4190 443 4234 d’Ambert
459 4192 481 4246 <9
501 4191 568 4246 xlta,
584 4192 611 4236 90
629 4191 679 4236 tur,
699 4193 730 4235 de
748 4193 903 4246 clermont„
919 4192 1031 4246 Jortuau,
1049 4192 1237 4236 Drcrroanatre
1255 4190 1411 4245 geographi·

170 4273 238 4316 qne,
246 4265 306 4312 etc„
316 4262 349 4304 de
358 4261 385 4305 lo
397 4261 520 4316 Franco),
529 4263 571 4306 ubl
581 4275 647 4308 nunc
655 4269 693 4307 est
703 4263 888 4307 monasterinm
896 4264 1044 4308 monialium
1052 4262 1081 4307 0.
1090 4263 1115 4308 S.
1122 4263 1162 4316 t).;
1169 4275 1258 4307 verum
1265 4274 1298 4307 an
1305 4263 1411 4305 boemo·

169 4333 332 4388 nuteriam,
342 4344 391 4388 quo
403 4341 517 4388 tempore
527 4335 562 4378 lbl
577 4335 625 4379 tuit
641 4335 809 4392 Clayssonlus
825 4341 925 4389 noster,
938 4336 1056 4379 extiterit
1072 4335 1199 4378 incertum
1209 4335 1283 4379 nobis
1292 4332 1409 4377 est-De

173 4404 303 4450 Stellensl
313 4411 340 4448 et
352 4404 474 4449 Veinensi
485 4407 549 4450 nihil
560 4406 837 4460 reperimus-Verum
847 4407 931 4450 eritne
941 4406 1135 4458 monasterium,
1153 4407 1220 4462 quod
1235 4407 1277 4450 hic
1293 4406 1410 4460 appellat

171 4476 348 4532 Clayssonlns
359 4476 500 4528 Stellaense,
510 4477 577 4522 ldem
593 4479 660 4534 quod
677 4479 821 4522 Abbatiam
833 4478 971 4522 Stoensem
988 4478 1132 4532 appellavit
1150 4489 1236 4533 supra,
1256 4485 1277 4522 t.
1297 4487 1336 4532 ιιι,
1353 4487 1413 4532 ρει.

217 4619 231 4650 ¹
262 4617 328 4662 Vide
340 4618 461 4664 Litterae
470 4619 697 4678 Quadrimestres,
709 4629 728 4666 t.
740 4633 777 4677 ut,
787 4634 847 4677 pag.
858 4621 907 4676 639,
926 4628 952 4665 et
967 4620 1080 4665 Pouaacr
1097 4619 1251 4672 chronicon,
1268 4628 1287 4665 t.
1303 4633 1329 4674 v,
1345 4631 1409 4678 pag.

171 4693 228 4742 313.
239 4692 361 4736 annom.

220 4764 232 4794 ³
265 4764 296 4808 P.
309 4763 467 4808 Paschasius
478 4765 566 4816 Eruet.
577 4773 723 4810 nostrorum
733 4767 759 4811 ln
769 4765 857 4810 Gallia
867 4766 999 4821 Superior.
