3504 5532
690 511 754 570 aa.
775 511 845 570 1556
1329 509 1384 570 135

137 653 309 718 sforzano
323 666 457 736 quanto
474 673 565 736 pono
585 665 619 719 et
640 673 727 720 sano
749 674 817 720 con
838 656 1006 734 orationi,
1028 656 1244 720 confessioni
1263 667 1298 719 et
1312 656 1381 737 spi·

145 761 261 824 rituali
276 762 550 841 ragionamenti,
573 763 722 842 gionare
737 765 771 826 al
791 764 964 843 proximo;
988 764 1037 826 ai
1062 763 1157 844 quali
1177 771 1277 826 certo
1293 781 1382 843 pare

144 869 209 930 che
224 869 249 931 il
263 867 416 948 Signore
430 868 610 932 fauorisca
625 870 891 949 grandemente,
911 871 935 933 11
955 871 1020 933 che
1040 870 1072 933 si
1092 869 1180 932 nede
1200 871 1258 932 nel
1272 870 1382 934 lrutto

144 974 209 1037 che
221 975 336 1037 riesce
350 975 430 1038 dell’
454 975 572 1039 anime
593 977 659 1039 che
677 993 841 1056 nengono
857 976 941 1056 ogni
954 976 1085 1055 giorno
1107 977 1140 1038 al
1157 975 1328 1056 Collegio,
1346 989 1383 1040 et

146 1081 180 1143 di
194 1085 310 1163 quelle
325 1083 391 1145 che
404 1082 490 1162 ogni
504 1093 578 1146 otto
593 1083 710 1162 giorni
725 1084 755 1145 si
771 1083 983 1146 consessano
1000 1093 1035 1146 et
1047 1083 1319 1146 communicano
1335 1084 1381 1148 (11

145 1189 255 1252 nostri
271 1189 390 1268 Padri;
405 1190 594 1269 percioche
607 1191 701 1253 assai
713 1207 864 1270 persone
875 1191 992 1270 spinte
1012 1190 1070 1252 dal
1082 1190 1178 1252 bnon
1190 1189 1379 1270 essempio,

145 1305 179 1358 et
192 1297 390 1359 mutatione
404 1296 448 1358 de
461 1296 536 1358 vita
551 1307 586 1358 et
600 1296 750 1359 costumi
766 1299 852 1374 lor0,
871 1297 990 1359 hanno
1006 1305 1142 1359 mutato
1156 1296 1294 1359 anchor
1308 1297 1380 1360 essi

146 1401 304 1464 maniera
320 1402 363 1464 de
378 1403 510 1480 ninere,
526 1401 580 1466 fra
596 1403 607 1466 i
621 1403 718 1484 quali
732 1403 769 1466 ui
793 1420 881 1466 sono
907 1403 1028 1466 alcuni
1050 1402 1228 1481 cittadini‚
1255 1402 1266 1464 i
1282 1404 1379 1483 qnali

144 1525 353 1588 appronano
368 1510 483 1571 cotale
497 1509 669 1596 instituto,
686 1518 721 1572 et
742 1509 849 1572 molto
874 1509 897 1570 li
922 1509 1037 1588 piace,
1064 1519 1098 1571 et
1124 1526 1191 1572 con
1206 1508 1327 1572 effetto
1343 1511 1378 1572 lo

143 1615 343 1693 segnitano,
360 1615 408 1677 dil
423 1615 488 1678 che
514 1618 692 1695 speriamo
718 1620 752 1678 n'
778 1613 883 1678 habbi
909 1633 930 1678 a
955 1615 1092 1678 reuscir
1117 1614 1254 1694 grande
1269 1614 1377 1679 srntto

144 1723 226 1784 nelli
241 1721 334 1800 altri,
351 1721 482 1802 perche
506 1721 550 1784 de
574 1722 701 1800 giorno
728 1726 763 1784 10
789 1721 915 1800 giorno
941 1738 1064 1784 cresce
1080 1723 1104 1784 il
1129 1722 1269 1785 feruore
1286 1722 1378 1786 dello

144 1825 277 1908 Spirito
303 1827 414 1892 Santo
430 1829 509 1890 nell'
527 1829 643 1892 anime
658 1830 747 1908 loro;
764 1838 799 1891 et
814 1830 906 1892 nella
921 1828 1041 1890 chiesa
1058 1827 1148 1891 done
1165 1827 1377 1894 confessario

142 1947 178 1997 et
190 1934 380 1998 celebrano
395 1935 420 1997 li
440 1935 554 1997 nostri
568 1933 674 1998 Padri
685 1935 715 1997 si
729 1937 835 1998 stima
855 1936 885 1998 si
900 1934 1265 1998 communicaressero
1284 1937 1376 1998 nella

145 2041 234 2104 festa
251 2041 286 2104 di
301 2043 419 2104 natale
432 2039 494 2104 200
508 2041 677 2120 huomini,
693 2051 728 2104 et
744 2043 823 2104 altri
839 2041 929 2104 tanti
943 2050 977 2103 et
992 2041 1054 2119 pin
1070 2041 1162 2104 nella
1178 2040 1268 2104 festa
1284 2042 1377 2105 della

146 2147 393 2211 Purificatione
407 2147 499 2210 della
513 2145 704 2226 Madonna‚
721 2148 745 2210 il
760 2148 825 2211 che
840 2149 929 2211 altre
954 2147 1048 2210 nolte
1073 2164 1144 2210 non
1169 2164 1231 2210 era
1251 2147 1287 2210 di
1302 2165 1375 2210 cos·

145 2265 239 2318 tnme
260 2254 413 2318 nedersi.

203 2360 230 2423 11
245 2359 324 2424 R.‹³⁰
345 2359 383 2422 P.
400 2359 476 2424 Dae
495 2361 625 2425 Loarte
640 2379 769 2441 espone
785 2363 807 2423 l’
825 2362 1012 2440 euangelio
1034 2361 1069 2423 di
1090 2359 1155 2423 S.10
1171 2359 1303 2422 Matteo
1319 2362 1377 2424 nel

143 2466 249 2530 domo
265 2465 302 2530 di
316 2478 440 2547 questa
455 2468 552 2546 01111,
569 2469 686 2547 doppo
700 2467 724 2529 il
739 2485 900 2549 nesper0,
917 2484 984 2530 con
1002 2468 1111 2529 molta
1131 2465 1377 2530 sodislattione

145 2573 225 2635 delli
242 2573 411 2651 audienti,
428 2585 462 2636 et
477 2591 545 2636 con
560 2591 625 2636 sno
639 2573 878 2653 grandissimo
898 2572 1041 2653 prolitto
1062 2573 1154 2635 nella
1175 2573 1297 2652 lingna
1312 2573 1376 2636 ita·

144 2680 251 2758 11101,
267 2680 302 2742 (11
318 2679 423 2742 modo
438 2681 503 2744 che
518 2681 579 2760 gia
603 2681 699 2743 assai
724 2681 954 2743 liberamente
980 2691 1158 2742 commuta
1182 2680 1217 2742 11
1232 2680 1377 2744 lettione

143 2787 179 2849 in
190 2787 349 2867 predica,
365 2787 612 2867 reprendendo
626 2799 661 2850 et
675 2786 884 2850 essortando
904 2787 928 2849 il
942 2787 1071 2867 populo
1097 2804 1119 2848 a
1141 2786 1272 2848 lenarsi
1292 2785 1374 2850 dall'

143 2911 252 2957 usure
266 2903 301 2957 et
312 2895 394 2957 altri
407 2895 495 2974 uitii,
512 2904 546 2958 et
561 2895 720 2957 retirarsi
736 2894 773 2957 in
788 2894 878 2956 snlla
898 2893 1020 2956 strada
1044 2893 1100 2955 del
1120 2893 1187 2955 ben
1201 2893 1335 2966 ninere.
1349 2893 1377 2957 Il

145 3001 337 3064 medesimo
351 3001 467 3064 Padre
481 3001 628 3075 anchor,
645 3017 709 3080 per
722 3003 755 3063 le
769 2999 944 3064 rechieste
959 2998 992 3061 d’
1009 2999 1127 3062 alcuni
1141 2999 1312 3077 cittadini,
1330 3000 1377 3063 ha

143 3106 349 3171 transierito
372 3109 408 3171 la
432 3109 577 3170 lettione
601 3107 692 3170 della
719 3107 875 3170 dottrina
900 3105 1106 3183 christiana,
1132 3105 1167 3168 la
1193 3106 1297 3186 quale
1312 3123 1377 3187 per

142 3214 265 3278 ananti
278 3215 406 3277 sacena
421 3214 507 3293 ogni
521 3215 667 3277 nenerdi
681 3216 738 3276 nel
753 3213 909 3292 Collegio
922 3214 981 3276 alli
992 3213 1160 3287 scholari,
1175 3214 1245 3275 alla
1256 3213 1377 3276 chiesa

141 3321 234 3384 della
250 3319 428 3384 Madonna
450 3321 540 3384 delle
564 3319 699 3397 Gratie,
716 3321 833 3384 uicina
859 3321 892 3382 11
914 3319 1084 3399 Collegio,
1117 3307 1285 3382 accioche
1304 3337 1375 3383 non

142 3429 218 3492 solo
232 3428 265 3491 si
276 3429 437 3507 giouassi
452 3428 512 3490 alli
526 3427 694 3506 scholari,
712 3446 769 3490 ma
786 3428 944 3490 anchora
960 3426 1005 3489 ad
1026 3426 1107 3490 altri
1123 3427 1188 3489 che
1213 3427 1248 3488 ni
1262 3427 1293 3490 si
1307 3437 1377 3490 tro·

142 3551 302 3598 neranno
317 3543 493 3614 presente.
509 3533 537 3596 Il
551 3533 589 3597 Ρ.
605 3532 783 3597 Gionenni
798 3534 942 3615 predica
957 3533 1041 3613 ogni
1058 3543 1132 3596 otto
1145 3533 1262 3612 giorni
1278 3535 1313 3596 in
1328 3551 1377 3600 nn

142 3640 298 3720 spedale,
314 3641 406 3704 done
421 3643 579 3707 anchora
594 3644 617 3706 li
631 3643 760 3706 fratelli
775 3644 842 3704 alle
858 3642 950 3704 nolte
967 3658 1085 3704 nanno
1102 3659 1123 3704 a
1144 3643 1311 3704 consolat
1326 3641 1377 3722 gli

142 3747 281 3810 infermi
297 3749 363 3810 che
377 3749 427 3810 ini
441 3766 542 3826 sono,
559 3765 626 3812 con
640 3751 673 3812 le
688 3751 746 3812 cni
761 3748 1008 3824 consolationi,
1026 3757 1061 3810 et
1078 3747 1254 3828 spirituali
1268 3749 1373 3810 collo·

141 3855 203 3933 qni
218 3855 289 3917 essi
302 3856 485 3919 sollenano
500 3857 532 3918 le
546 3857 622 3918 loro
637 3856 740 3935 grani
756 3854 934 3932 infirmita,
953 3867 986 3917 et
1001 3865 1144 3917 restano
1169 3856 1277 3917 molto
1293 3871 1376 3918 con·

143 3960 232 4022 tenti
246 3970 279 4022 et
294 3962 421 4041 allegri
436 3964 493 4024 nel
504 3961 667 4042 Signore.

203 4065 406 4131 Parimente
421 4069 556 4132 1001101
567 4069 599 4132 si
613 4086 658 4132 na
674 4071 741 4132 alle
757 4071 850 4132 nolte
867 4071 933 4132 alle
944 4071 1077 4148 galere;
1094 4069 1193 4132 accio
1206 4086 1268 4149 per
1283 4078 1376 4133 tutto

141 4174 171 4236 si
185 4175 310 4253 spargi
324 4177 359 4237 la
373 4177 499 4255 parola
514 4176 570 4239 del
584 4175 690 4255 Sig.re
715 4178 752 4239 in
766 4176 913 4255 agginto
928 4176 971 4239 de
991 4175 1099 4255 fideli,
1122 4176 1264 4256 perche,
1285 4176 1376 4240 done

139 4279 283 4343 abunda
298 4283 320 4343 l'
338 4299 440 4344 amor
454 4281 497 4344 de
513 4281 592 4361 Dio,
618 4283 667 4346 ini
692 4300 763 4345 non
785 4284 815 4345 si
837 4287 906 4363 pno
930 4292 1126 4346 trattenere
1152 4283 1175 4346 il
1191 4286 1266 4347 zelo
1283 4284 1376 4345 (10111

141 4387 257 4449 salute
275 4385 353 4450 dell'
377 4389 506 4467 anime,
534 4390 612 4452 anzi
634 4389 784 4469 bisogna
809 4390 840 4452 si
864 4405 996 4469 sparga
1022 4407 1129 4470 sopra
1155 4390 1246 4453 tutti.
1273 4389 1375 4454 Unde

144 4493 785 4574 1001111110001101001110(10100000
811 4496 902 4559 della
927 4498 1052 4574 parola
1077 4497 1133 4560 del
1154 4496 1295 4578 Signor,
1312 4502 1375 4561 tal·

142 4609 262 4662 mente
275 4601 306 4663 si
319 4617 409 4664 sono
423 4604 594 4666 attaccati
608 4604 665 4665 all'
689 4603 806 4680 hamo,
825 4612 860 4666 et
881 4604 1072 4666 commossi
1095 4603 1372 4685 interiormente,

141 4707 223 4786 che,
241 4707 411 4771 stimulati
425 4709 520 4772 dalla
535 4709 759 4772 consciencia
774 4721 808 4773 et
823 4711 978 4789 pentitisi
994 4711 1082 4773 delle
1104 4713 1245 4790 proprie
1265 4715 1373 4776 scele-
