3410 5528
651 539 715 600 Art.
738 541 806 601 1556
1291 541 1341 600 stt

127 695 270 752 mentum
282 685 406 752 diebus
420 687 638 752 solemnibus
647 686 882 768 frequentant.
902 686 1047 768 Aliquot
1059 693 1187 750 octauo
1203 705 1342 770 quoque

127 791 175 856 die
196 793 435 874 poenitentiae
459 809 707 874 synaxeosque
729 804 953 858 sacramenta
976 801 1148 874 repetunt.
1173 793 1243 858 Res
1266 799 1342 860 erat

127 899 176 964 hic
199 899 319 970 audita
344 900 406 964 vix
430 917 604 982 vnquam,
630 917 723 964 nunc
749 901 864 980 magis
888 917 931 963 ac
958 901 1073 980 magis
1098 902 1339 966 increbrescit.

125 1005 298 1086 Quaedam
312 1006 599 1074 sacramentaria
614 1025 657 1072 ac
668 1007 893 1072 Lutherismo
905 1024 1052 1089 prorsus
1063 1009 1205 1088 infecta,
1219 1009 1340 1074 nibilo-

125 1115 229 1182 minus
246 1125 474 1180 sacramenta
487 1115 642 1182 humano
662 1116 787 1179 timore
802 1115 936 1197 absque
950 1115 1018 1179 fide
1032 1115 1261 1196 frequentans
1275 1135 1339 1197 pro

124 1237 212 1288 more
236 1221 403 1302 fidelium,
430 1222 534 1304 idque
560 1223 663 1286 annis
690 1240 761 1287 non
790 1223 930 1304 paucis,
958 1238 1137 1302 nunquam
1163 1223 1265 1287 alteri
1290 1224 1339 1287 ita

123 1329 251 1412 integre
266 1347 309 1396 ac
323 1329 411 1396 mihi
425 1329 600 1409 confessa,
617 1347 680 1411 per
693 1347 749 1395 me
765 1331 937 1409 absoluta,
954 1347 1038 1394 vere
1054 1330 1229 1395 catholica
1243 1349 1337 1396 nunc

123 1437 211 1504 viuit.
228 1437 365 1518 Altera,
382 1456 473 1522 quae
486 1447 639 1520 quatuor
651 1455 764 1502 annos
778 1438 848 1502 duo
860 1446 1008 1518 peccata
1021 1439 1150 1502 rubore
1162 1439 1338 1504 conticue-

122 1553 182 1626 rat,
197 1563 336 1628 semper
350 1547 609 1614 coufessionem
625 1547 784 1611 mutilam
799 1563 987 1627 peragens,
1004 1545 1089 1610 mihi
1105 1563 1185 1610 cum
1203 1545 1337 1610 vberri-

122 1653 182 1716 mis
194 1653 387 1736 lachrymis
401 1655 551 1735 syncere
566 1673 610 1719 ac
623 1654 762 1734 integre
773 1655 1031 1718 confessionem
1041 1654 1134 1718 fecit.
1152 1652 1335 1733 Quaedam

122 1759 308 1843 sacerdotis
323 1761 532 1842 concubina,
549 1779 653 1843 equa
665 1762 834 1826 tredecim
845 1762 974 1825 liberos
985 1761 1181 1850 sacrilegus
1192 1761 1249 1824 ille
1261 1779 1334 1826 sus·

122 1869 250 1947 mlerat,
267 1869 353 1936 mibi
367 1868 531 1936 confessa
552 1879 605 1934 est
625 1886 707 1935 cum
726 1870 843 1934 fructu
862 1870 1110 1950 poenitentiae.
1134 1868 1236 1933 Aliae
1251 1887 1334 1933 con·

121 1975 259 2044 cubinac
273 1977 527 2044 canonicorum
543 1977 627 2042 mibi
641 1977 825 2042 confessae
840 1978 951 2040 vitam
965 1976 1132 2040 infamem
1145 1977 1181 2039 in
1193 1977 1333 2041 castita·

121 2083 162 2146 tis
175 2085 324 2150 studium
338 2093 612 2148 commutarunt.
628 2084 708 2148 Non
722 2084 826 2164 pauci
847 2082 1031 2164 Vtriusque
1046 2099 1168 2160 senua,
1184 2083 1333 2146 enormi-

121 2189 180 2254 bus
197 2192 399 2258 criminibus
418 2191 579 2270 obnoxii,
600 2189 764 2254 horridas
785 2189 910 2254 sordes
930 2189 1073 2269 animis,
1101 2190 1334 2254 confessionis

119 2297 268 2363 antidoto
282 2317 303 2364 a
319 2316 375 2364 mc
390 2297 667 2377 subministrato,
681 2300 900 2378 expulerunt.
919 2296 1133 2362 Aconfessis
1144 2297 1332 2361 restitutio·

118 2421 175 2468 nes
187 2406 279 2471 haud
291 2405 381 2471 leuis
395 2403 562 2486 ponderis
578 2414 612 2470 et
626 2407 743 2470 factae
763 2413 898 2469 suntet
918 2405 1015 2468 fiunt.
1038 2402 1142 2468 Certe
1164 2421 1259 2468 noua
1280 2422 1333 2468 re·

117 2527 188 2576 rum
199 2513 308 2578 facies
322 2514 359 2576 in
373 2513 564 2578 multorum
578 2513 721 2577 familiis
736 2513 934 2592 euangelici
949 2511 1135 2576 ministerii
1149 2511 1332 2590 energiam

118 2621 238 2698 arguit.

169 2727 437 2809 Aegrotantium
451 2728 559 2792 aedes
572 2726 778 2793 consolandi
793 2743 880 2807 ergo
902 2727 1097 2808 frequento.
1115 2723 1331 2790 Adolescen-

49 2914 52 2926 .
117 2834 200 2914 tulis,
215 2836 366 2918 hospitis
379 2837 448 2900 mei
462 2836 616 2900 alumnis
629 2833 650 2914 ¹,
663 2851 809 2915 operam
821 2850 947 2910 meam,
962 2841 1135 2914 quatenus
1146 2851 1210 2914 per
1221 2835 1330 2898 otium

117 2939 200 3022 licet,
216 2951 289 3008 tum
303 2944 340 3008 in
354 2943 523 3024 moribus,
541 2953 615 3007 turn
630 2944 667 3007 in
680 2943 792 3006 literis
807 2941 983 3020 impendo,
1000 2941 1061 3022 qui
1075 2941 1225 3021 singulis
1237 2959 1330 3006 men-

116 3048 202 3114 sibus
214 3068 258 3115 ex
272 3069 352 3116 meo
367 3068 491 3116 omnes
504 3051 724 3131 praescripto
739 3047 961 3127 confitentur,
976 3057 1012 3112 et
1026 3049 1171 3129 aliquot,
1185 3066 1241 3112 me
1252 3065 1331 3112 sua·

115 3172 201 3236 sore,
226 3175 405 3239 nunquam
426 3158 525 3239 prius
549 3167 773 3222 sacramento
792 3165 947 3235 sumpto,
974 3153 1124 3236 Corpori
1144 3153 1331 3220 Dominico

115 3266 420 3330 communicarunt.
912 3256 916 3267 “

166 3365 386 3453 Lac'hrymae
401 3382 435 3436 et
450 3372 603 3452 suspiria
617 3373 654 3435 in
669 3370 952 3435 confessionibus
967 3381 1002 3434 et
1016 3370 1248 3435 concionibus
1261 3369 1330 3433 fre·

112 3487 324 3556 queritantur.
339 3478 500 3561 Jurandi,
515 3477 700 3558 jurgandi,
717 3476 901 3558 Deumque
921 3477 956 3542 id
977 3493 1090 3558 genus
1110 3477 1207 3541 vitiis
1226 3476 1329 3541 offen·

112 3581 219 3664 dandi,
234 3603 353 3650 mores
366 3584 638 3666 corruptissimi,
651 3585 851 3649 abolentur:
867 3587 947 3666 piae
963 3585 1235 3649 consuetudines
1251 3601 1331 3648 sen-

112 3691 172 3754 sim
183 3693 407 3772 inuehuntur,
424 3690 571 3756 dissidia
586 3691 812 3772 dirimuntur,
829 3710 936 3774 paces
951 3693 1206 3757 conciliantur..
1221 3690 1329 3756 Bene·

112 3797 215 3862 dictus
230 3797 328 3864 Deus
342 3817 407 3880 pro
423 3799 604 3864 immensis
619 3818 662 3864 ac
678 3801 873 3865 innumeris
887 3799 1067 3864 beneficiis
1081 3800 1166 3864 suis,

163 3903 346 3972 Societatis
368 3906 559 3970 aduentum
580 3899 704 3970 diebus
724 3907 874 3987 singulis
892 3908 1162 3986 praestolamur,
1189 3906 1247 3969 cui
1269 3905 1330 3968 do·

4 4026 8 4113 ζ
111 4027 182 4076 mus
195 4013 310 4078 vicina
325 4022 563 4095 praeparatur
578 4013 614 4077 in
630 4013 896 4090 habitationem,
913 4013 1026 4077 donec
1049 4011 1248 4094 Collegium
1270 4031 1329 4076 no·

4 4117 6 4128 '
109 4116 158 4182 bls
171 4131 324 4186 erectum
337 4120 384 4184 sit
400 4121 444 4184 ab
460 4121 649 4202 Episcopo.
668 4121 772 4184 Haud
787 4119 908 4185 dubito
920 4122 1017 4202 quin,
1031 4121 1166 4184 colonis
1181 4127 1343 4183 numero¹

109 4223 401 4305 accrescentibus,
417 4223 637 4308 agricultura
653 4229 713 4292 illa
729 4229 936 4306 euangelica
952 4217 1127 4290 indefesso
1142 4219 1277 4291 sudore
1293 4235 1328 4290 et

108 4331 305 4399 exerceatur
324 4343 360 4399 et
378 4346 650 4416 promoueatur,
674 4345 711 4398 vt
734 4351 885 4398 messem
904 4343 1081 4398 maturam
1101 4337 1138 4398 in
1159 4325 1347 4398 horreum·

109 4435 320 4507 Dominicum
334 4442 605 4507 convehendam
622 4452 719 4506 terra
734 4442 979 4506 Aruernorum
993 4442 1123 4524 pariat.
1320 4435 1325 4442 ’

161 4546 206 4612 Vt
219 4548 497 4630 quadrimestres
512 4549 695 4631 proximas
711 4549 914 4630 anticipem,
929 4549 976 4611 ita
989 4549 1097 4612 hasce
1111 4549 1244 4629 aliquot
1256 4549 1326 4613 die·

111 4703 309 4717 —Q--n—-n

143 4785 151 4818 Ι
178 4785 242 4832 vute
253 4799 342 4844 supra,
354 4795 373 4834 t.
384 4799 488 4846 mpag.
498 4789 547 4834 688.
