3578 5534
756 457 820 518 An.
849 456 919 518 lfao
1021 485 1023 490 ¹
1418 459 1456 520 93

219 621 242 666 a
256 605 384 684 ganeis
400 604 436 668 in
455 605 582 685 quibus
602 604 844 679 luxuriantur,
868 602 957 668 alios
978 621 1000 668 a
1021 604 1194 682 taberniS,
1216 604 1347 672 omissa
1367 614 1451 672 tunc

219 709 341 774 illicita
359 710 573 788 venditione,
595 712 796 774 educentes,

276 817 360 896 Eos,
377 819 438 898 qui
452 829 611 882 extrema
625 817 800 899 supplicia
814 817 972 897 pendunt
984 827 1019 881 el
1034 817 1093 898 qui
1107 818 1204 898 ipsos
1216 818 1450 896 comitantur,

216 924 263 987 ad
292 925 545 1005 poenitentiam
577 935 613 988 et
644 924 922 988 nouissimorum
948 924 1156 991 memoriam
1191 924 1378 994 exhortari
1406 927 1454 992 de

214 1039 396 1094 moreest.
413 1031 502 1095 Tam
517 1031 641 1094 crebra
656 1041 692 1094 et
713 1041 787 1094 tam
810 1039 1037 1111 praematura
1051 1041 1105 1096 est
1120 1032 1336 1096 concionum·
1355 1032 1450 1100 effla-

215 1137 356 1216 gitatio,
383 1147 422 1200 vt
447 1138 642 1218 oportuerit
667 1137 871 1216 significare
890 1155 961 1201 non
982 1153 1059 1200 esse
1082 1138 1186 1202 nobis
1206 1147 1326 1204 tantae
1352 1141 1452 1208 vitae

215 1255 429 1328 conceptam
453 1262 565 1326 spem,
590 1261 660 1326 quo
686 1245 835 1309 liberum
860 1252 954 1310 esset
979 1244 1081 1311 nobis
1106 1245 1289 1325 proximas
1310 1255 1449 1312 tanturn

214 1351 425 1430 concedere,
447 1352 638 1432 exquibus
664 1352 808 1432 aliquae
831 1351 867 1416 in
893 1351 1118 1417 monasteriis
1137 1351 1393 1422 monachorum
1413 1364 1451 1416 et·

212 1459 422 1525 monialium
436 1459 579 1523 habitae
593 1469 685 1523 sunt.

273 1563 329 1630 De
351 1565 614 1630 confessionum
634 1565 832 1647 frequentia
855 1574 890 1629 et
913 1566 1030 1630 fructu
1053 1565 1089 1630 in
1104 1565 1392 1632 restitutionibus
1412 1578 1450 1632 et

210 1672 308 1735 vitae
322 1671 575 1736 reformatione
588 1672 674 1736 illud
689 1674 804 1736 solum
818 1671 987 1748 dixerim,
1007 1671 1103 1753 quod
1123 1689 1205 1736 cum
1230 1673 1266 1735 in
1286 1675 1448 1752 peccatis

212 1779 432 1842 inueteratos
451 1795 494 1841 ac
516 1779 589 1842 fere
613 1780 824 1860 desperatae
849 1777 975 1842 salutis
1000 1780 1138 1842 animos
1163 1779 1209 1842 ad
1235 1794 1300 1842 nos
1326 1779 1446 1844 trahat

210 1883 398 1964 Dominus
413 1886 449 1948 iu
471 1885 526 1950 his
547 1885 761 1950 mutationes
782 1885 952 1950 dexterae
973 1901 1059 1949 suae
1085 1885 1130 1948 ad
1144 1884 1388 1950 confusionem
1409 1899 1445 1949 et

209 1991 493 2056 humiliationem
507 2002 666 2056 nostram
680 1993 783 2057 nobis
798 1993 964 2056 ostendit.

270 2097 501 2162 Praecedenti
518 2115 637 2162 mense
653 2099 819 2163 Octobris
833 2099 919 2162 anni
934 2099 1021 2175 1555,
1033 2097 1239 2162 r'nur'sr'mus
1253 2105 1261 2140 ¹
1274 2096 1312 2161 Ρ.
1326 2097 1442 2179 Magr.

209 2203 372 2285 Baptista
387 2213 422 2268 et
438 2221 505 2283 ego
521 2205 531 2236 ¹
546 2204 676 2268 iratres
690 2216 845 2285 nostroS,
862 2206 921 2287 qui
936 2215 1018 2269 sunt
1033 2205 1069 2268 in
1084 2204 1214 2284 oppido
1241 2204 1443 2284 Santlucar;

206 2328 362 2392 cumque
376 2327 441 2392 per
455 2311 491 2375 id
506 2313 675 2391 temporis
689 2323 783 2377 esset
799 2312 930 2376 classis
945 2311 1049 2376 istinc
1072 2311 1117 2374 ad
1132 2311 1234 2376 indos
1256 2312 1440 2391 nauigatu-

205 2417 408 2496 ratuinus
429 2419 516 2482 satis
535 2420 698 2499 occupati
717 2419 955 2484 concionibus
975 2417 1020 2482 ad
1039 2417 1288 2497 nauigaturOS,
1310 2428 1382 2482 tam
1403 2419 1441 2482 in

204 2527 310 2588 litore
325 2541 431 2606 quam
447 2525 483 2588 iu
498 2526 649 2589 ecclesia
669 2525 853 2602 habendis,
876 2534 910 2588 et
930 2523 1233 2602 confessionibuS,
1250 2541 1341 2604 quae
1361 2541 1442 2588 sese

203 2631 413 2710 offerebant,
428 2631 625 2710 audiendis;
638 2632 801 2714 denique,
815 2649 895 2695 cum
908 2631 979 2696 iarn
991 2630 1119 2694 milites
1139 2647 1250 2694 naues
1265 2631 1442 2696 ascendis-

200 2747 295 2816 sent,
321 2739 476 2820 plurium
499 2740 657 2819 ipsorum
676 2739 918 2803 confessiones
939 2737 1160 2812 audiuimuS‚
1186 2737 1245 2818 qui
1265 2738 1368 2817 plane
1388 2739 1440 2803 vi·

198 2845 378 2909 debentur
392 2847 526 2927 absque
541 2846 761 2910 confessione
776 2846 857 2908 vela
873 2845 1001 2908 daturi.
1014 2843 1147 2908 Illbinc
1164 2845 1326 2907 venimus
1341 2845 1438 2925 oppi-

199 2954 289 3016 dum
301 2953 429 3030 Xerez,
447 2969 551 3033 aquo
565 2963 639 3016 tam
654 2952 780 3015 deuote
795 2962 945 3031 excepta
963 2961 1015 3016 est
1034 2951 1134 3014 verbi
1167 2951 1278 3014 diuini
1300 2951 1438 3030 praedi·

199 3059 308 3138 catio,
325 3071 375 3136 vt,
392 3059 683 3123 conuenientibus
697 3059 907 3138 primatibus
922 3058 1040 3138 populi
1056 3057 1149 3121 etde
1165 3059 1233 3120 boc
1247 3060 1440 3122 consulen-

198 3167 306 3245 tibuS,
327 3167 444 3230 visum
462 3165 584 3244 fuerit,
607 3165 652 3230 ad
672 3164 848 3229 sedandas
870 3167 976 3245 (quae
999 3174 1081 3228 sunt
1111 3165 1203 3228 inter
1230 3165 1326 3245 ipsos
1347 3167 1435 3229 anti-

198 3274 307 3354 quae)
321 3272 495 3336 factiones
510 3283 544 3336 et
559 3272 775 3354 extirpanda
791 3274 861 3335 alia
874 3281 1034 3352 peccata,
1051 3273 1215 3336 ultimum
1234 3271 1309 3336 iore
1325 3289 1432 3338 reme·

198 3381 310 3458 dium,
327 3381 359 3444 si
374 3382 493 3460 quiex
508 3379 737 3443 Societatein
754 3380 832 3460 ipsa
848 3381 995 3443 ciuitate
1008 3378 1216 3452 resederint,
1235 3377 1327 3457 quod
1348 3388 1435 3442 tunc

196 3496 405 3567 coeperunt,
423 3497 456 3549 et
472 3503 564 3548 nunc
580 3485 742 3565 flagitare
758 3496 1001 3567 perseuerant;
1020 3486 1063 3549 de
1079 3485 1165 3562 hoc,
1183 3484 1288 3547 dante
1311 3481 1434 3548 Domi-

196 3611 265 3672 no,
293 3592 423 3656 certior
448 3591 510 3655 fies
532 3594 579 3670 si,
601 3593 725 3655 eodem
752 3592 909 3670 fauente,
934 3592 979 3655 ad
1002 3591 1166 3654 effectum
1191 3589 1282 3652 res⁵
1307 3607 1432 3669 perue-

198 3703 305 3764 nerii.

259 3806 472 3870 Scholastici
487 3807 641 3887 quidam,
658 3807 718 3886 qui
734 3806 863 3870 ibidem
878 3806 942 3868 sub
964 3805 1150 3883 disciplina
1174 3803 1338 3881 Magistri
1361 3803 1430 3866 Ga·

197 3915 317 3994 sparis
331 3914 451 3994 Lopez
465 3914 666 3992 theologiae
681 3914 904 3990 incumbunt,
923 3929 994 3975 non
1009 3911 1236 3974 mediocriter
1251 3919 1333 3972 sunt
1356 3910 1432 3970 ani-

193 4023 285 4084 mati
299 4021 343 4083 ad
360 4022 537 4084 virtutem.
555 4020 739 4083 Venerunt
755 4020 914 4082 nonnulli
929 4019 1049 4081 statim
1061 4035 1104 4080 ex
1118 4018 1202 4096 ipsis
1216 4018 1250 4078 in
1262 4015 1427 4096 spiritua-

189 4127 287 4190 libus
300 4126 534 4204 exercitandi,
554 4127 692 4189 venturi
708 4143 833 4189 omnes
848 4125 1018 4204 paulatim
1033 4124 1063 4186 si
1082 4123 1255 4188 Dominus
1278 4121 1428 4200 dederit;

234 4331 241 4362 ¹
273 4333 450 4392 qisrlauimus
460 4332 586 4387 scriptum
596 4339 654 4376 eret
666 4343 681 4374 a
699 4330 810 4375 Xuarez.

229 4405 242 4435 ¹
272 4403 319 4456 Qui
337 4404 442 4448 taudem
457 4403 473 4447 il
490 4403 570 4452 luere,
586 4404 628 4457 qul
646 4409 748 4446 nostros
763 4402 832 4455 apud
851 4399 983 4444 Sanlucar
997 4399 1120 4452 degentes
1138 4397 1296 4441 inviserant?
1308 4397 1338 4440 P.
1359 4399 1427 4441 enirn

187 4475 371 4520 Gundisalvus
380 4475 517 4526 Gonzalez,
527 4487 615 4530 supra,
630 4486 690 4529 pag.
700 4475 735 4527 87,
752 4474 796 4516 alt:
811 4473 849 4516 “cl
866 4472 894 4516 P.
911 4471 1031 4524 Baptista
1042 4482 1059 4526 y
1072 4480 1127 4526 yo„;
1139 4481 1204 4513 nunc
1216 4475 1302 4514 autern
1320 4469 1384 4514 dlcit
1398 4470 1425 4514 Ρ.

187 4547 306 4592 xnnrca:
316 4547 360 4590 ·P.
371 4544 454 4600 him.
465 4546 586 4600 murata
600 4553 627 4590 et
642 4545 876 4600 ego.,-l>or.ancus
886 4545 912 4588 in
923 4542 1057 4594 Chronico,
1072 4547 1092 4586 t.
1103 4553 1128 4592 v,
1145 4553 1169 4584 n.
1182 4541 1241 4594 1318,
1252 4542 1345 4590 nodum
1356 4541 1427 4584 scin—

186 4620 257 4662 dens
269 4618 367 4662 acrlbit:
379 4617 486 4664 “ratres
496 4616 625 4662 Gonzalez
635 4623 661 4661 et
672 4619 778 4660 suarez.
789 4647 800 4669 „

235 4691 245 4718 r.
278 4700 320 4733 res
331 4690 446 4736 addim
454 4701 472 4736 a
482 4688 605 4734 Polaneo.
