3504 5532
731 510 793 568 Au.
817 509 885 568 1556
1365 509 1414 569 131

186 657 250 720 tali
264 657 433 720 nimirum
449 656 703 737 discipulorum
717 655 889 736 profectu,
907 665 941 718 et
956 655 1138 719 literarum
1158 657 1312 718 maximo
1338 674 1416 736 pro·

187 780 333 844 gressu;
355 781 447 843 quae
468 763 598 835 omnia,
620 762 687 825 Dei
708 761 891 840 beneficia,
912 761 947 824 in
971 763 1103 825 nostris
1121 763 1264 826 minime
1283 763 1416 826 deside·

188 882 333 949 rantur;
362 871 412 933 ita
438 870 532 933 enim
552 869 737 950 splendent
756 887 800 932 ac
822 870 1036 947 elucescunt,
1058 880 1096 932 ut
1117 869 1327 932 confirmare
1346 888 1417 933 non

189 979 338 1060 possim,
357 986 436 1040 utra
451 975 486 1038 in
501 993 539 1038 re
555 975 707 1038 maiores
723 975 856 1038 faciant
872 993 1099 1056 progressus:
1116 993 1196 1039 cum
1210 977 1304 1039 enim
1323 995 1416 1040 men·

188 1086 233 1150 tis
256 1087 383 1150 oculos
405 1085 449 1146 ati
474 1084 587 1146 bonos
607 1100 730 1145 eorum
752 1100 870 1145 mores
891 1084 1055 1163 uitaeque
1075 1084 1317 1162 integritatem
1333 1101 1418 1147 con·

188 1201 304 1268 uerto‚
323 1190 428 1254 uideo
444 1191 523 1252 illos
539 1189 647 1252 auita
664 1189 735 1262 illa,
752 1206 869 1269 quam,
887 1189 1092 1269 priusquam
1107 1190 1153 1252 ad
1167 1208 1232 1252 nos
1244 1191 1416 1266 uenirent,

190 1299 359 1379 agebant,
384 1297 588 1373 abhorrere,
611 1305 648 1358 ut
669 1312 748 1357 eam
768 1295 909 1358 exuisse
931 1313 1132 1375 nouamque
1151 1297 1344 1376 sumpsisse
1370 1298 1419 1360 ui-

190 1407 354 1469 deantur.
382 1403 504 1484 Neque
528 1404 595 1466 hoc
620 1405 735 1465 solum
760 1403 872 1478 nobis,
900 1403 962 1466 sed
988 1413 1022 1465 et
1047 1404 1251 1482 parentibus
1280 1422 1419 1484 quoque

189 1511 283 1574 idern
298 1511 453 1586 uidetur,
470 1510 540 1590 qui,
559 1527 638 1572 cum
650 1510 686 1572 in
698 1505 849 1572 filiorum
860 1509 1073 1572 mentionem
1085 1509 1253 1586 incidunt,
1266 1512 1419 1590 glorian·

189 1631 248 1683 tur
263 1619 359 1700 quod
375 1617 507 1680 liberos
521 1633 605 1679 suos
621 1617 656 1678 in
671 1616 803 1678 bonam
820 1626 982 1695 receptos
997 1615 1136 1694 frugem
1152 1617 1305 1695 uideant,
1327 1619 1420 1697 quod

190 1727 403 1791 miraculum
420 1743 440 1787 a
456 1722 664 1803 quibusdam
681 1725 888 1802 appellatur.
1485 1801 1488 1810 ‘

253 1832 358 1912 Quod
372 1832 409 1894 st'
421 1831 611 1893 literarum
626 1830 881 1892 incrementum
900 1831 991 1892 scire
1013 1836 1180 1911 exoptaS,
1203 1831 1268 1893 froc
1281 1831 1417 1895 laubaco,

192 1940 232 2003 ln
251 1939 452 2002 studiorum
472 1937 701 2000 renouatione
717 1937 882 1999 defensae
898 1947 978 2000 sunt
993 1955 1014 1999 a
1027 1937 1179 2017 quodam
1195 1939 1422 2002 scholastico·

191 2064 271 2110 rum
300 2057 507 2108 nostrorum
535 2045 569 2106 in
600 2045 687 2107 aede
716 2044 799 2108 Diui
829 2043 1026 2122 Laurentii,
1057 2045 1092 2107 in
1121 2063 1190 2124 qua
1219 2045 1256 2108 P.
1288 2045 1423 2109 Ductor

191 2154 324 2218 Loarte
352 2153 406 2230 (ut
432 2152 503 2214 iam
527 2151 616 2228 dixi)
643 2152 743 2230 legit,
772 2150 946 2230 quaedam
971 2152 1231 2229 grammaticae
1258 2151 1266 2181 ¹
1293 2153 1421 2230 thesea,

191 2278 285 2340 quae
301 2259 421 2321 triduo
437 2266 519 2320 ante
540 2257 814 2336 disputationem
836 2256 960 2320 affixae
983 2257 1124 2319 fuerunt
1146 2260 1181 2322 in
1203 2259 1347 2321 aedibus
1370 2277 1423 2322 sa-

192 2368 266 2430 cris
288 2367 438 2446 aliisque
457 2365 494 2427 in
514 2363 602 2426 locis
622 2363 725 2426 huius
747 2363 859 2441 urbis,
882 2363 927 2425 ad
946 2380 1035 2443 quos
1058 2365 1223 2443 frequens
1242 2365 1423 2428 hominum

190 2483 317 2537 coetus
336 2471 529 2534 conuenire
549 2472 650 2546 solet,
673 2471 721 2532 ita
744 2479 782 2533 ut
801 2470 889 2532 liber
910 2470 1051 2532 cuilibet
1073 2479 1210 2550 pateret
1232 2472 1347 2535 aditus
1363 2491 1424 2534 eas

191 2577 440 2660 impugnandi.
475 2576 633 2656 Cumque
663 2577 734 2639 iam
763 2577 838 2639 dies
866 2576 1074 2655 designatus
1108 2577 1326 2654 aduenisset,
1358 2579 1423 2642 fuit

191 2687 375 2750 maximus
389 2685 570 2748 hominum
582 2699 777 2746 concursus
790 2694 935 2762 propter
947 2683 998 2745 rei
1009 2685 1204 2747 nouitatem
1219 2684 1317 2762 (nihil
1331 2689 1424 2748 enirn

192 2793 321 2870 simile,
339 2801 378 2854 ut
398 2809 419 2852 a
434 2790 594 2870 plurimis
617 2790 831 2868 accepimuS,
855 2788 1001 2852 Genuae
1023 2790 1139 2853 uisum
1153 2791 1298 2870 iueratl:
1320 2793 1425 2855 inter·

192 2898 261 2962 fuit
282 2898 483 2980 Episcopus
502 2896 525 2974 ²,
542 2913 680 2959 necnon
702 2896 890 2958 uniuersus
912 2893 1063 2959 Senatus
1083 2915 1163 2961 cum
1177 2899 1272 2962 Ill.mo
1286 2899 1385 2963 Duce
1400 2899 1422 2976 ³,

189 3007 256 3086 qui
271 3006 431 3068 maxima
451 3021 532 3066 cum
553 3004 746 3066 attentione
769 3003 937 3066 audiuere
958 3003 1214 3082 praefationem
1234 3007 1424 3086 quamdam

189 3112 357 3176 habitam
383 3129 404 3173 a
429 3112 564 3190 primae
593 3110 718 3172 classis
748 3120 979 3189 praeceptore
1008 3121 1090 3173 ante
1118 3111 1214 3191 ipsos
1242 3113 1425 3177 literarum

189 3219 402 3296 conffictus;
430 3220 578 3280 alteram
604 3215 729 3280 deinde
758 3215 915 3279 eiusdem
940 3216 1153 3280 defensoris:
1176 3226 1290 3297 porro
1321 3237 1425 3301 argu·

189 3335 328 3404 menta,
343 3343 434 3405 quae
458 3324 645 3405 profligata
666 3322 806 3386 fuerunt
826 3341 849 3385 a
870 3320 882 3353 ⁴
901 3324 1087 3388 duodecim
1109 3343 1154 3388 ex
1176 3326 1306 3389 nostris
1326 3330 1424 3391 scho-

186 3434 354 3512 lasticis,
389 3433 447 3512 qui
474 3431 577 3494 huius
605 3431 657 3493 rei
686 3431 804 3510 gratia
834 3440 1124 3510 argumentorum
1152 3433 1230 3496 telis
1264 3435 1425 3499 instructi

190 3549 369 3603 uenerant
384 3535 406 3600 ⁸.
423 3537 497 3600 Vix
512 3554 602 3619 queo
618 3537 736 3601 dicere
751 3546 883 3617 quanta
904 3537 1008 3600 fuerit
1023 3538 1204 3602 hominum
1224 3541 1423 3618 admiratio,

190 3658 330 3729 quanta
361 3646 525 3710 attentio:
558 3644 777 3707 mirabantur
805 3644 978 3724 siquidem
1006 3663 1149 3724 pueros
1181 3648 1241 3726 qui
1268 3646 1423 3712 nondum

190 3753 446 3818 duodecimum
472 3767 604 3815 annum
629 3751 835 3830 attigerant,
864 3751 912 3813 ita
928 3751 1098 3815 audacter
1121 3761 1226 3833 atque
1241 3757 1427 3836 perspicue

191 3869 409 3940 argumenta
430 3859 465 3921 in
481 3857 634 3922 medium
655 3857 887 3937 proferentes
909 3868 1210 3937 propugnatorem
1225 3877 1363 3942 quoque
1378 3864 1426 3926 ita

188 3976 406 4034 constanter
431 3982 554 4029 eorum
579 3965 766 4027 conatibus
797 3963 1043 4043 obsistentem,
1072 3977 1111 4029 ut
1136 3983 1216 4030 eum
1240 3971 1428 4048 scopuloso

189 4073 399 4154 difficilique
424 4073 504 4136 loco
531 4080 745 4146 uersaretur,
770 4088 833 4151 per
853 4080 927 4133 tres
945 4073 1053 4136 horas
1074 4073 1153 4151 (boc
1178 4075 1272 4138 enim
1291 4085 1429 4157 tempus

188 4191 449 4262 consumptum
474 4189 527 4242 est
551 4178 588 4241 in
612 4177 920 4258 disputationibus)
937 4196 981 4240 ne
1003 4180 1150 4243 uerbum
1170 4181 1311 4262 quidem
1327 4193 1428 4246 extra

234 4387 243 4420 ¹
275 4396 310 4429 ex
318 4384 526 4430 humanioribus
537 4383 645 4428 litteris.
659 4383 800 4426 Focaneus.

233 4460 247 4492 ¹
275 4457 404 4511 Aegialus
414 4454 549 4508 Falcettu,
567 4453 716 4498 Cnorlensis
730 4454 774 4498 vel
789 4453 956 4508 caprulensls
974 4455 1126 4514 Episcopus.
1142 4457 1284 4503 Genuensfs
1298 4459 1432 4515 Archlepl·

186 4531 265 4586 ooopl
276 4529 477 4583 snttragnneus.

235 4601 248 4632 ³
279 4600 426 4652 augentio
436 4598 543 4642 Piuello.
554 4597 621 4642 Vide
633 4597 745 4642 Pounnct
757 4597 912 4649 chronicon,
922 4606 940 4643 t.
951 4613 977 4655 v,
987 4613 1047 4657 pag.
1060 4601 1107 4656 105,
1119 4610 1207 4650 annot.
1219 4606 1239 4649 1.

235 4673 248 4706 ⁴
277 4681 294 4714 o
304 4682 354 4724 quo
364 4675 520 4724 argumenta
530 4670 670 4724 prodigam
680 4669 793 4722 fuerunt,
804 4681 870 4724 pace.
880 4671 1021 4716 Potnucus.

237 4741 251 4776 ⁸
277 4747 416 4790 uenerant,
425 4745 631 4796 proposuerunt.
644 4739 681 4784 Io.
