3578 5534
387 539 406 598 6
775 541 948 600 errtrnna
966 557 1237 610 Qunoxruasrnss

389 703 484 748 mum
501 688 702 766 gratularer
719 687 763 750 de
777 687 870 751 felici
885 686 1038 752 filiorum
1052 699 1194 752 tuorum
1209 689 1302 768 apud
1313 705 1379 752 nos
1390 688 1487 752 lucta
1498 706 1618 754 acces-

390 792 500 870 sione,
517 793 604 856 nihil
620 811 663 857 ea
676 811 748 856 una
763 813 802 857 re
813 795 995 858 honestius
1006 796 1188 875 gratiusue
1199 813 1277 858 esse
1288 796 1507 872 existimans,
1521 796 1616 876 quod

390 897 487 961 Patri
509 900 665 964 nuntiari
680 909 741 964 aut
764 911 883 981 posset
898 909 959 964 aut
980 901 1135 980 deberet;
1158 911 1288 966 etcum
1309 903 1420 986 multa
1435 901 1528 982 apud
1549 921 1622 967 nos

390 1014 511 1069 extent
530 1007 721 1086 singularis
746 1024 833 1087 erga
857 1005 1069 1072 Societatem
1093 1009 1186 1071 hanc
1211 1009 1352 1072 diuinae
1371 1009 1621 1090 prouidentiae

390 1112 589 1176 clarissima
618 1113 841 1191 testimonia,
871 1114 940 1177 hoc
968 1131 1076 1178 unum
1105 1115 1196 1178 inter
1225 1126 1366 1178 caetera
1395 1115 1621 1180 manifestius

392 1219 494 1298 quasi
520 1219 705 1300 splendere
734 1219 885 1298 uidetur,
916 1220 1008 1301 quod
1037 1220 1189 1301 undique
1218 1239 1278 1284 eos
1306 1223 1391 1302 eligi
1418 1222 1614 1302 uideamuS,

356 1375 363 1388 .
391 1342 480 1405 quos
495 1326 632 1390 futuros
648 1327 789 1390 diuinae
804 1328 942 1405 gratiae
957 1328 1103 1391 idoneos
1118 1337 1367 1410 cooperatores
1381 1346 1573 1409 speremus.

452 1431 629 1513 Principio
645 1449 733 1512 ergo
748 1433 816 1497 hoc
831 1444 1009 1514 tempore,
1025 1435 1067 1498 de
1082 1451 1150 1514 quo
1166 1436 1341 1498 rotronem
1356 1453 1437 1498 sum
1459 1437 1616 1500 reddi-tu

393 1543 484 1600 rus
490 1540 640 1618 ,uiginti
655 1555 719 1602 sex
732 1538 812 1602 filiis
825 1551 968 1604 auctum
979 1550 1013 1603 te
1025 1542 1127 1616 scito,
1143 1559 1185 1604 ac
1195 1542 1343 1622 proinde
1355 1552 1498 1606 auctam
1509 1543 1620 1606 etiarn

392 1662 463 1708 non
489 1644 625 1709 modice
649 1664 725 1710 rem
749 1645 892 1724 Christi,
919 1649 1019 1711 cuius
1044 1648 1192 1712 bonitati
1214 1659 1249 1711 et
1272 1650 1481 1712 clementiae
1505 1658 1617 1713 totum

393 1752 460 1815 hoc
476 1761 661 1832 acceptum
676 1753 901 1818 referendum
916 1763 985 1832 est;
1009 1772 1091 1817 nam
1110 1764 1358 1835 praeterquam
1379 1757 1474 1836 quod
1495 1771 1623 1820 omnes

393 1858 437 1921 iis
452 1858 693 1922 sintmoribus
703 1861 886 1940 ,ingenio
910 1861 1128 1940 artibusque,
1151 1878 1242 1940 quae
1257 1861 1292 1925 in
1314 1859 1493 1925 Societate
1508 1864 1616 1928 multo

394 1965 472 2027 usui
486 1966 531 2028 ad
545 1983 719 2030 summam
734 1966 865 2032 Christi
880 1969 1031 2048 gloriam
1042 1985 1119 2030 esse
1130 1969 1278 2048 possint,
1293 1969 1362 2032 alia
1373 1979 1493 2032 tamen
1505 1987 1624 2050 neque-

369 2069 372 2077 “
394 2071 540 2146 incerta,
557 2090 671 2153 neque
684 2074 778 2138 leuia
800 2074 876 2137 eius
897 2075 949 2137 rei
967 2083 1178 2154 argumenta
1198 2074 1365 2154 colligere
1384 2076 1490 2138 liceat
1499 2075 1617 2156 ,quod

393 2179 541 2258 egregia
556 2177 707 2260 quadam
723 2180 831 2245 animi
823 2180 1012 2244 firmitate
1026 2178 1240 2244 Societatem
1261 2181 1353 2244 hanc
1372 2181 1495 2244 multi'
1485 2199 1522 2244 ιιι
1543 2182 1624 2245 dies.

393 2286 604 2367 expetierint
628 2297 840 2367 sanctaque,
864 2297 901 2350 ut
922 2288 973 2350 Sic
992 2288 1159 2365 dixerim,
1180 2287 1370 2351 ambitione
1390 2287 1622 2367 obtinuerint,

394 2393 550 2472 atquem
565 2411 606 2455 ea
623 2394 658 2455 in
673 2393 908 2472 abnegatione
923 2395 1066 2474 propria
1081 2395 1116 2456 di
1309 2392 1392 2457 me’
1406 2412 1443 2456 ιιι
1457 2394 1618 2458 obedien

393 2498 442 2561 tia
457 2497 725 2578 diligentissime
742 2509 988 2562 exerceantur.
1003 2517 1050 2562 ex
1065 2499 1119 2563 his
1133 2500 1202 2563 duo
1219 2508 1320 2562 erant
1338 2501 1507 2579 theologi,
1527 2517 1623 2564 unus

394 2605 565 2684 medicuS,
583 2606 652 2669 duo
668 2623 713 2669 ex
726 2604 804 2684 jure
820 2605 1051 2685 pontificio³,
1068 2615 1148 2669 octo
1163 2607 1338 2684 rhetoreS,
1356 2617 1491 2687 septem
1505 2625 1550 2670 ex
1565 2625 1619 2670 ar·

393 2711 481 2775 tium
496 2712 692 2775 liberalium
709 2712 884 2775 cursibus:
896 2713 989 2775 unde
1000 2730 1138 2793 semper
1151 2713 1356 2792 amplissimi
1369 2713 1504 2776 fructus
1516 2712 1623 2778 Chri

393 2828 448 2882 sto
462 2820 547 2902 Jesu
562 2819 728 2882 obuenire
744 2821 871 2882 solent:
889 2819 1014 2899 reliqui
1026 2836 1100 2896 sex,
1115 2820 1244 2900 partim
1255 2837 1357 2882 sacer
1360 2819 1471 2898 doteS,
1487 2821 1616 2900 partim

394 2927 598 2991 ministeriis
624 2927 828 2991 domesticis
855 2926 1024 2989 obeundis
1043 2943 1150 3006 quam
1174 2928 1327 2991 maxime
1356 2927 1486 3004 idonei,
1513 2936 1552 2989 vt
1572 2944 1618 2990 ex

392 3043 465 3096 tam
481 3033 631 3097 diuersis
646 3034 769 3112 granis
784 3033 914 3097 habeat
927 3032 994 3095 sibi
1010 3033 1123 3096 bonus
1137 3035 1306 3112 agricola,
1325 3034 1489 3098 Christus
1502 3033 1616 3116 JesuS,

393 3157 479 3205 suae
504 3139 692 3204 Societatis
716 3140 929 3204 foecundum
953 3140 1192 3204 seminarium.
1218 3139 1357 3204 Faxit'
1348 3157 1424 3220 lpse
1448 3141 1625 3208 immensa

393 3264 455 3310 sua
478 3248 610 3327 pietate
629 3257 663 3310 et
683 3248 885 3325 clementia,
909 3256 948 3310 vt
967 3264 1074 3327 quam
1098 3246 1247 3310 feliciter
1271 3255 1465 3310 sementem
1483 3245 1617 3326 jnctam

393 3354 558 3430 vidimus,
574 3363 647 3416 tam
662 3355 774 3417 laetos
788 3355 895 3418 etiarn
913 3354 1047 3434 percipi
1061 3353 1198 3415 sructus
1211 3353 1410 3416 uideamus.

452 3461 545 3524 Huic
559 3478 644 3524 uero
661 3461 827 3540 quoniam
843 3460 944 3523 affine
960 3461 1113 3524 maxime
1127 3469 1191 3538 est,
1209 3476 1271 3522 eos
1290 3459 1353 3522 tibi
1371 3460 1540 3534 releram,
1556 3460 1623 3540 qui

393 3567 474 3630 hinc
497 3567 567 3630 alio
587 3567 767 3629 amandati
789 3577 880 3629 sunt
908 3565 1093 3629 Sexdecim
1119 3581 1218 3644 erg0,
1240 3575 1313 3628 tum
1335 3564 1455 3642 exiis,
1477 3575 1550 3628 turn
1573 3582 1618 3628 ex

393 3673 483 3750 aliiS,
499 3675 559 3754 qui
581 3672 697 3736 adhuc
712 3672 805 3753 apud
820 3690 886 3736 nos
901 3674 1115 3753 tyrocinium
1130 3671 1299 3751 agebant,
1322 3669 1506 3735 Simancas
1520 3671 1620 3736 missi

393 3788 475 3844 sunt
491 3781 545 3859 (ea
561 3789 614 3843 est
630 3779 757 3843 domus
772 3779 990 3859 probationis
1004 3797 1068 3842 seu
1082 3778 1221 3842 officina
1235 3776 1423 3842 Societatis
1445 3775 1480 3852 ⁴.)
1498 3779 1552 3841 Ex
1566 3778 1624 3842 his

396 3897 548 3966 quatuor
564 3895 714 3964 tantum,
731 3883 877 3949 multis⁸
892 3886 927 3948 in
942 3903 981 3948 re
996 3886 1168 3970 spirituali
1183 3884 1287 3947 lactis
1300 3885 1558 3965 progressibus,
1574 3885 1623 3948 ad·

395 4011 462 4056 nos
480 3995 672 4057 redierunt:
690 3994 814 4073 reliqui
828 3994 957 4073 partim
979 3994 1026 4055 ibi
1045 3992 1159 4055 adhuc
1181 3992 1374 4072 probantur
1394 3992 1623 4071 militiamque

396 4099 530 4164 Christi
544 4101 629 4184 Jesu
645 4100 838 4163 edocentur
843 4098 992 4180 ,partim
1005 4099 1203 4162 Cordubam
1210 4099 1379 4178 „Butgos
1393 4097 1626 4177 Placentiam,

396 4207 524 4270 missos
539 4224 617 4269 esse
634 4207 803 4270 certiores
818 4205 902 4268 iacti
918 4222 1050 4268 sumus,
1067 4204 1212 4269 Praeter
1227 4206 1304 4284 hoS,
1322 4203 1411 4267 duos
1426 4203 1626 4283 Concham,

437 4410 447 4442 ¹
476 4409 576 4460 Verba,
584 4411 688 4454 italicis
699 4409 898 4454 characteribus
908 4415 1008 4458 notata.
1020 4409 1117 4454 addidit
1129 4409 1233 4464 propria
1244 4421 1320 4453 ιιιιιιιιι
1331 4409 1457 4453 Polancus
1467 4409 1492 4454 ln
1501 4409 1631 4464 margine.

435 4481 447 4513 ί
476 4481 580 4526 Attrita
590 4489 616 4524 et
628 4483 745 4526 abscissa
756 4483 798 4525 hic
809 4481 912 4533 charta,
925 4482 1045 4524 ιοειιὶιιιιί
1055 4481 1132 4535 hujus
1141 4491 1203 4536 pare
1211 4482 1336 4535 quaedam
1349 4482 1519 4525 desideratur.

436 4553 448 4586 ⁸
477 4553 582 4598 Scilicet
586 4552 808 4608 ,lnrlpontlficlq
819 4563 864 4596 eeu
876 4553 1007 4604 canonico,
1019 4563 1123 4607 opernm
1134 4561 1306 4596 novaverant

438 4626 450 4658 ⁴
477 4624 566 4669 Verba
577 4625 763 4679 praecedentia
773 4624 810 4668 alc
821 4634 838 4667 a
847 4622 958 4667 Polanco
969 4630 1026 4667 eunt
1042 4629 1152 4666 mutata:
1164 4622 1306 4667 Simanras
1317 4623 1359 4677 (ea
1374 4627 1413 4667 est
1428 4623 1524 4666 dontus
1532 4625 1631 4678 proha

396 4696 489 4750 lionis)
497 4697 579 4739 missi
587 4699 659 4740 sunl.

437 4765 450 4800 ⁸
476 4765 594 4821 Magnas.
605 4767 746 4812 Focaneus
