3504 5532
377 494 429 555 132
686 575 690 581 Ι
784 492 955 552 errsnns
973 477 1242 560 ounounrusraas

374 657 450 704 rem
482 640 672 719 proferret:
699 648 831 721 quanto
862 647 980 702 autem
1009 638 1141 717 gaudio
1171 637 1217 700 ab
1246 638 1413 700 uniuersa
1447 636 1602 716 ciuitate,

375 747 584 828 praesertim
598 763 620 808 a
635 744 778 823 Senatu,
796 755 945 825 excepta
966 745 1054 808 haec
1069 743 1210 822 suerint,
1241 743 1399 808 eiusdem
1429 744 1479 806 rei
1501 761 1606 807 euen-

375 863 432 917 tus
460 853 671 927 declarauit;
703 852 874 916 absolutis
902 869 1055 930 namque
1083 847 1397 930 disputationibus,
1428 849 1511 913 Dux
1545 868 1603 914 cu·

375 959 477 1040 pidus
491 958 732 1038 cognoscendi
746 959 921 1036 iuuenem,
942 959 1003 1037 qui
1023 958 1215 1036 positiones
1235 967 1369 1020 tutatus
1392 956 1518 1035 suerat,
1541 975 1603 1020 no-

373 1068 496 1147 bisque
510 1067 714 1146 gratulandi
729 1066 905 1130 desiderio
920 1064 1169 1138 inflammatus
1192 1081 1283 1142 eum,
1306 1081 1377 1126 una
1397 1081 1478 1127 cum
1498 1079 1602 1143 prae·

373 1183 527 1254 ceptore,
545 1172 744 1250 accersiuit,
761 1180 867 1252 atque
883 1173 1051 1235 comitate
1066 1171 1219 1250 quadam
1235 1169 1458 1234 confirmauit
1468 1170 1602 1250 gratis·

372 1280 481 1343 simas
495 1280 563 1342 sibi
577 1277 685 1342 luisse
707 1278 979 1359 disputationes;
1004 1277 1266 1341 adolescentem
1286 1293 1373 1340 uero
1395 1276 1441 1338 ad
1460 1277 1600 1340 maiora

373 1386 489 1449 studia
504 1386 722 1465 capessenda
738 1386 921 1464 animauit,
938 1384 1148 1465 promittens
1163 1401 1201 1446 se
1216 1400 1397 1464 nunquam
1411 1383 1487 1446 eius
1501 1399 1600 1446 com·

372 1493 486 1556 modis
501 1491 715 1570 defuturum,
732 1492 773 1570 si,
791 1510 861 1572 quo
876 1492 1052 1571 coepisset
1066 1489 1164 1570 pede,
1181 1507 1330 1570 pergere
1346 1491 1465 1553 uellet.

430 1597 603 1662 Postridie
617 1599 721 1661 huius
735 1599 816 1676 diei,
833 1616 901 1679 quo
917 1599 1006 1661 haec
1026 1607 1107 1660 acta
1127 1607 1225 1675 sunt,
1250 1596 1374 1660 eodem
1388 1595 1424 1659 in
1438 1598 1517 1659 loco
1539 1597 1601 1660 ha-

368 1707 442 1769 bita
456 1705 522 1768 luit
537 1707 651 1768 oratio
667 1707 703 1769 in
718 1707 858 1769 laudem
878 1705 1099 1785 eloquentiae
1121 1703 1311 1784 aquodam
1331 1721 1376 1766 ex
1395 1703 1527 1767 nostris
1548 1703 1599 1766 di·

368 1813 524 1892 scipulis,
541 1831 610 1892 qua
626 1822 810 1892 perorata,
826 1813 975 1875 recitata
996 1811 1103 1874 etiam
1123 1809 1221 1872 luere
1242 1810 1417 1890 quaedam
1436 1809 1598 1873 carmina

368 1919 404 1982 in
419 1919 558 1982 laudem
573 1920 670 1982 urbis
687 1919 844 1998 Gortuae,
861 1937 951 2000 quae
968 1919 1085 1982 omnia
1107 1934 1178 1980 non
1193 1917 1321 1980 minori
1342 1918 1514 1997 applausu
1539 1919 1598 1980 uel

366 2027 563 2107 frequentia
578 2044 684 2107 quam
700 2036 856 2104 caetera,
871 2044 962 2106 quae
981 2025 1143 2106 superius
1163 2025 1456 2102 commemoraui,
1474 2023 1597 2086 audita

365 2134 475 2197 fuere.
491 2133 581 2196 Nam
597 2144 636 2196 ut
651 2134 811 2196 omittam
831 2133 985 2210 Ducem,
1002 2149 1072 2195 una
1093 2149 1174 2194 cum
1194 2129 1344 2209 Senatu,
1365 2130 1597 2210 Episcopum·

365 2256 433 2318 que
448 2239 659 2317 interluisse,
676 2241 785 2312 multi,
803 2239 849 2301 ad
864 2256 951 2319 quos
967 2239 1122 2301 hesterni
1137 2237 1342 2300 certaminis
1357 2236 1453 2300 lama
1469 2253 1596 2316 perue-

364 2356 478 2424 nerat,
495 2346 695 2424 trequentes
711 2363 851 2408 uenere.
868 2345 1026 2408 Tandem
1043 2345 1091 2422 (ut
1108 2347 1217 2408 multa
1231 2344 1386 2407 breuiter
1406 2341 1594 2421 attingam)

364 2453 413 2516 ita
429 2471 467 2515 se
483 2470 651 2534 prospere
667 2471 723 2516 res
738 2453 908 2531 habuere,
926 2463 963 2515 ut
984 2470 1046 2532 per
1066 2461 1177 2515 totam
1196 2451 1319 2514 urbem
1341 2449 1435 2514 lama
1451 2451 1593 2529 collegii

364 2560 489 2637 nostri,
506 2560 600 2639 quod
615 2569 720 2622 antea
735 2560 844 2622 ueluti
859 2560 895 2622 in
909 2559 1064 2622 tenebris
1078 2560 1222 2636 latebat,
1236 2567 1429 2621 emanaret.
1448 2558 1500 2621 Eo
1511 2557 1592 2637 ipso

364 2666 432 2744 die,
449 2685 518 2746 quo
534 2676 705 2728 renouata
717 2665 815 2729 fuere
827 2667 943 2728 studia
956 2667 1057 2744 (haee
1069 2665 1161 2728 enim
1174 2665 1291 2728 omnia
1305 2665 1491 2744 quatriduo
1504 2673 1588 2728 ante

364 2773 633 2836 renouationem
648 2783 727 2835 acta
749 2773 865 2851 sunt),
887 2783 1076 2852 antequam
1098 2773 1267 2835 lectiones
1288 2772 1589 2852 praelegerentur,

363 2879 566 2942 scholastici
581 2896 703 2942 omnes
717 2896 915 2942 conuenere
930 2879 966 2942 in
978 2879 1101 2942 aedem
1121 2878 1235 2941 Diuae
1259 2877 1411 2955 Mariae,
1435 2877 1590 2940 audituri

362 3003 505 3049 sacrum
519 2987 674 3048 solemne
689 2985 842 3066 Spiritus
857 2985 994 3064 Sancti,
1015 2985 1108 3065 quod
1129 2995 1310 3048 cantatum
1324 2984 1390 3047 fuit
1405 3001 1425 3046 a
1449 2984 1589 3064 quibus·

362 3092 445 3155 dam
459 3093 701 3155 sacerdotibus
716 3103 918 3156 nostrorum
933 3093 1078 3155 Patrum
1092 3102 1232 3171 rogatu,
1249 3109 1318 3171 quo
1334 3091 1485 3171 Spiritus
1500 3088 1589 3154 San·

361 3207 439 3262 ctus
454 3209 576 3262 nostra
592 3199 709 3262 studia
726 3198 771 3262 ad
784 3200 923 3262 laudem
940 3213 973 3262 et
987 3199 1138 3277 gloriam
1154 3199 1403 3278 omnipotentis
1423 3196 1491 3260 Dei
1506 3197 1589 3260 diri·

359 3322 445 3384 gere
460 3306 576 3383 uellet,
594 3323 744 3386 cumque
760 3307 830 3368 iam
846 3306 891 3368 ad
906 3307 1058 3368 medium
1073 3306 1167 3368 sacri
1182 3315 1391 3386 peruentum
1411 3313 1515 3383 esset,
1538 3304 1588 3366 ol·

358 3411 562 3490 serendique
578 3421 714 3491 tempus
727 3413 877 3490 adesset,
891 3413 1096 3475 scholastici
1108 3430 1230 3475 omnes
1242 3413 1400 3475 cereolos
1411 3411 1585 3493 quosdam

358 3536 531 3582 accensos
549 3520 712 3582 manibus
730 3519 886 3582 serentes
905 3520 1052 3600 singuli,
1077 3537 1161 3582 suos
1185 3529 1434 3598 praeceptores
1459 3519 1584 3596 secuti,

357 3627 418 3706 qui
439 3631 546 3688 etiam
567 3625 733 3689 candelas
754 3627 924 3704 serebant,
951 3629 1107 3690 maxima
1131 3627 1322 3690 astantium
1348 3625 1582 3688 admiratione

356 3741 463 3813 atque
478 3732 583 3795 laude
598 3735 756 3796 cereolos
770 3750 853 3796 suos
867 3734 1037 3812 obtulere;
1054 3733 1179 3813 quibus
1195 3733 1299 3796 rebus
1306 3731 1489 3810 foeliciter
1504 3750 1581 3812 per·

356 3839 458 3916 actiS,
475 3839 618 3918 quidam
633 3849 753 3902 noster
768 3839 960 3920 discipulus
980 3851 1186 3919 suggestum
1207 3839 1366 3904 ascendit
1387 3839 1580 3920 habuitque

354 3946 551 4008 orationem
567 3945 769 4025 quamdam,
786 3963 876 4026 quae
893 3964 954 4026 per
969 3947 1093 4010 horam
1116 3946 1275 4025 durauit,
1292 3963 1415 4008 coram
1437 3945 1581 4025 Episco-

354 4070 413 4133 p0,
435 4052 583 4132 aliisque
606 4053 875 4132 quamplurimis
899 4053 1045 4132 ciuibus,
1072 4071 1178 4133 quam
1204 4055 1350 4116 summis
1370 4053 1415 4115 ad
1442 4053 1579 4116 coelum

353 4158 515 4222 laudibus
531 4161 702 4234 extulere;
721 4159 930 4239 praesertim
950 4160 1145 4240 Episcopus
1166 4160 1237 4222 alta
1260 4176 1348 4222 uoce
1363 4176 1484 4222 coram
1506 4159 1581 4223 uni·

353 4281 458 4328 uersa
480 4264 701 4328 multitudine
726 4281 833 4344 aegre
857 4265 949 4329 ferre
969 4285 1006 4328 se
1027 4267 1129 4344 dixit,
1157 4267 1252 4347 quod
1274 4283 1343 4330 non
1368 4266 1492 4330 luisset
1512 4268 1580 4331 fre·

355 4371 473 4452 quenti
489 4381 614 4433 senatu
629 4371 762 4434 habita:
779 4372 842 4435 suit
858 4372 1156 4453 deinde'precatio
1176 4375 1349 4453 quaedam
1373 4373 1417 4436 ad
1432 4374 1580 4438 Beatam

354 4457 543 4557 Virginem
558 4457 714 4540 carmine
734 4479 934 4543 decantata.
1040 4458 1043 4468 ’
1280 4459 1281 4464 ¹

411 4584 476 4646 His
491 4583 594 4646 iactis
608 4585 856 4664 fundamentis
874 4585 998 4649 eodem
1013 4589 1089 4668 ipso
1106 4589 1162 4651 die
1177 4588 1306 4668 singuli
1327 4603 1578 4670 praeceptores

352 4700 515 4754 auctores
529 4707 643 4754 nouos
658 4691 885 4773 interpretari
900 4689 1063 4773 aggressi
1085 4705 1183 4775 sunt,
1205 4698 1399 4782 praemissa
1420 4675 1578 4762 oratiun-
