3368 5528
357 510 412 570 534
741 513 913 574 errnrras
932 528 1202 582 ounoarulrsrnus

1198 605 1214 642 x

357 657 535 722 mensibus
549 657 632 722 fecit
647 660 866 740 singulisque
880 660 1004 724 diebus
1016 660 1112 724 lacit.
1127 660 1231 740 Quod
1241 659 1382 740 quidem
1398 657 1493 722 nobis
1503 656 1570 718 anl-

358 780 452 828 mum
468 783 511 830 ac
524 767 620 830 uires
634 766 764 831 addere
779 767 933 844 deberet,
951 777 989 830 ut
1002 767 1154 848 quoduis
1168 785 1268 845 onus,
1281 767 1364 829 licet
1380 765 1521 828 arduum
1534 779 1573 824 ac

357 869 507 949 difficile,
525 872 753 938 libentissime
768 875 918 955 aggredi
941 892 1010 938 non
1037 875 1291 939 dubitaremus:
1317 882 1352 937 et
1377 872 1444 936 hoc
1461 869 1571 934 Domi-

358 995 441 1042 num
467 978 664 1058 iacturum,
692 998 770 1044 cum
796 990 940 1061 propter
970 982 1095 1060 ingens
1121 981 1318 1046 animarum
1345 977 1573 1046 commodum.

356 1084 463 1165 quod,
478 1085 537 1148 illo
551 1085 653 1163 duce,
668 1089 770 1150 nobis
785 1087 955 1152 ministris
968 1089 1074 1167 longe
1089 1089 1228 1168 lateque
1243 1084 1491 1167 amplificatum
1510 1093 1574 1156 est,

358 1201 430 1256 tum
446 1201 483 1256 ut
498 1209 563 1256 nos
578 1193 623 1256 ad
637 1193 774 1258 maiora
787 1194 842 1258 his
856 1194 1028 1260 foeliciter
1052 1207 1086 1258 et
1106 1201 1175 1276 pro
1197 1193 1289 1258 uotis
1311 1191 1576 1257 succedentibus

337 1298 579 1379 exhortetur,
608 1301 750 1364 minime
774 1302 875 1364 nobis
901 1301 1131 1366 dubitandum
1159 1319 1236 1364 esse
1262 1301 1427 1364 arbitror.
1455 1298 1531 1379 Qui,
1557 1315 1576 1358 o

358 1405 472 1484 Pater,
490 1407 592 1470 huius
606 1409 723 1488 gentis
738 1409 815 1486 (bos
827 1408 931 1472 enim.
945 1411 1004 1490 qui
1020 1409 1054 1474 in
1070 1408 1137 1473 boc
1153 1408 1302 1488 collegio
1313 1407 1425 1470 literis
1438 1421 1574 1485 operam

359 1511 455 1587 dant,
480 1513 552 1577 fere
577 1516 785 1594 optimatum
812 1515 901 1582 filios
926 1533 1004 1580 esse
1029 1515 1143 1590 uideo)
1170 1524 1286 1578 mente
1311 1521 1346 1577 et
1371 1511 1577 1593 cogitatione

360 1622 652 1702 complecteretur
676 1626 1003 1700 commutationem,
1031 1624 1060 1686 si
1086 1623 1203 1704 aliqua
1232 1621 1431 1684 animarum
1460 1615 1577 1682 salutis

361 1726 553 1807 cupiditate
574 1737 762 1806 teneretur,
779 1730 983 1812 lachrymas
1008 1729 1207 1809 largissime
1226 1727 1464 1808 profunderet;
1480 1723 1576 1806 pluri·

360 1849 436 1895 mas
448 1833 536 1897 alias
551 1835 715 1913 regiones
729 1836 911 1900 daemonis
926 1836 1096 1901 seruitute
1112 1836 1324 1898 constrictas
1344 1833 1478 1910 uidens,
1502 1847 1577 1894 cum

368 1940 462 2003 nulla
485 1942 730 2021 opportunitas
752 1945 796 2006 sit
817 1955 854 2006 ut
875 1944 953 2006 illas
974 1944 1019 2007 ad
1041 1943 1289 2007 suauissimum
1311 1940 1441 2006 Christi
1465 1939 1577 2018 iugum

360 2047 501 2111 trabere
526 2049 713 2128 possimus;
739 2050 774 2113 in
799 2051 867 2114 bac
892 2062 1009 2115 autem
1034 2067 1125 2130 quae
1149 2059 1292 2130 propter
1318 2048 1523 2112 indomitam
1541 2063 1578 2106 ac

360 2171 448 2234 pene
464 2154 651 2218 barbaram
669 2165 831 2221 naturam
847 2157 950 2236 signa
965 2155 1114 2220 difficilis
1130 2175 1172 2220 ac
1185 2156 1286 2220 ardui
1297 2156 1433 2220 itineris
1444 2171 1528 2235 prae
1544 2167 1577 2213 se

360 2257 505 2336 serebat,
519 2271 593 2324 tam
605 2262 774 2327 foeliciter
786 2281 863 2327 esse
874 2280 1089 2328 successum.
1104 2263 1189 2343 Quis
1197 2263 1333 2327 uideret
1343 2262 1578 2326 adolescentes

361 2368 409 2430 ita
422 2368 562 2448 ineptiis
574 2370 648 2432 suis
657 2371 843 2448 inuolutoS,
858 2371 906 2434 ita
918 2370 1078 2451 supplicii
1091 2379 1266 2450 expertes,
1281 2385 1373 2432 nunc
1386 2369 1475 2431 adeo
1486 2383 1577 2448 prae·

360 2476 471 2556 ceptis
486 2493 528 2538 ac
544 2477 793 2556 magistrorum
809 2479 1035 2556 castigationi
1055 2477 1234 2558 parentes?
1254 2477 1341 2556 Quis
1360 2477 1520 2539 homines
1536 2474 1565 2534 iu

360 2583 539 2662 ramentis
557 2592 628 2658 aut,
645 2584 739 2664 quod
759 2585 857 2664 peius
877 2595 941 2661 est,
969 2585 1131 2664 periuriis
1155 2585 1202 2647 ita
1228 2583 1407 2660 addictos,
1435 2597 1525 2644 nunc
1541 2579 1578 2641 ab

361 2688 429 2752 illis
443 2689 550 2752 ueluti
566 2707 587 2750 a
612 2707 650 2752 re
665 2690 817 2770 quadam
833 2691 972 2754 insolita
989 2709 1031 2754 ac
1047 2692 1187 2770 penitus
1207 2689 1374 2753 inusitata
1396 2689 1577 2751 abhorren-

360 2796 428 2858 tes?
442 2796 485 2860 Et
501 2807 596 2860 certe
611 2814 681 2859 non
698 2814 822 2878 parum
837 2798 977 2862 ruboris
992 2797 1153 2861 omnibus
1169 2797 1270 2861 nobis
1286 2797 1415 2861 inferre
1427 2795 1576 2863 deberet,

360 2901 536 2982 quodnon
552 2903 699 2966 multum
715 2919 854 2983 operae,
872 2904 989 2980 studii,
1008 2904 1223 2982 diligentiae,
1241 2903 1374 2969 laboris
1394 2903 1438 2964 ad
1454 2902 1578 2964 animo·

362 3025 438 3072 rum
461 3018 663 3072 nostrorum
682 3009 935 3090 perfectionem
961 3009 1196 3086 conferamus,
1225 3021 1262 3073 ut
1288 3011 1418 3088 templa
1434 3005 1579 3071 Domino

360 3115 442 3178 olim
458 3125 678 3192 consecrata,
694 3133 786 3180 nunc
802 3116 897 3179 uitiis
910 3117 1072 3179 omnibus
1086 3116 1312 3197 coinquinata
1326 3116 1498 3179 mundare
1510 3127 1579 3193 pos·

360 3239 488 3285 semus.
506 3222 576 3299 Ille,
594 3222 693 3284 cuius
705 3233 791 3286 nutu
806 3233 840 3286 et
856 3223 1002 3287 arbitrio
1018 3225 1135 3286 omnia
1152 3233 1334 3302 reguntur,
1358 3240 1428 3285 non
1452 3239 1516 3284 nos
1531 3217 1579 3280 de·

360 3328 447 3391 biles
461 3346 503 3391 ac
519 3329 661 3392 minime
677 3330 722 3392 ad
738 3329 772 3392 id
788 3340 889 3411 aptos
906 3331 1109 3410 respiciens,
1134 3331 1292 3393 omnium
1311 3330 1451 3393 animos
1472 3345 1492 3389 a
1509 3325 1579 3387 dae·

362 3436 475 3498 monis
501 3436 703 3516 turpissimo
729 3437 813 3516 iugo
839 3437 883 3500 ad
908 3455 1009 3500 suam
1034 3437 1202 3502 ditionem
1228 3437 1390 3516 redigere
1413 3437 1579 3516 dignetur,

361 3543 530 3623 nobisque
556 3543 650 3607 uires
676 3560 818 3622 augere,
847 3553 884 3606 ut
907 3544 953 3606 ad
973 3544 1076 3608 huius
1097 3545 1261 3608 minimae
1283 3541 1472 3608 Societatis
1487 3541 1580 3604 finem

365 3667 446 3712 curn
461 3650 617 3714 maximo
637 3650 748 3729 ipsius
763 3650 896 3713 honore
913 3651 1099 3730 peruenire
1114 3653 1302 3731 possimus.

422 3755 461 3819 In
476 3757 543 3819 hoc
559 3757 708 3836 collegio
726 3757 829 3820 modo
846 3775 966 3820 sumus
985 3755 1041 3820 103
1053 3758 1193 3829 fratres,
1209 3769 1350 3838 praeter
1363 3775 1426 3822 eos
1443 3757 1581 3838 quisunt

368 3864 402 3925 in
418 3863 563 3946 antiquo
596 3863 756 3942 collegio,
783 3863 819 3926 in
844 3881 914 3944 quo
940 3882 1032 3928 nunc
1048 3864 1175 3930 domus
1200 3865 1418 3944 probationis
1444 3872 1506 3938 est,
1531 3857 1580 3938 qui

364 3983 445 4033 sunt
464 3979 600 4050 septem
621 3979 656 4032 et
682 3969 821 4048 uiginti:
845 3971 952 4051 aliqui
975 3969 1186 4052 Olyssipone
1198 3981 1232 4033 et
1254 3971 1371 4035 Ebora
1392 3971 1532 4034 ueniunt
1550 3973 1582 4024 ut

364 4093 508 4156 operam
523 4077 634 4140 literis
649 4075 743 4140 dent:
760 4087 840 4140 sunt
856 4077 966 4156 multi,
984 4079 1043 4158 qui
1057 4078 1092 4141 id
1104 4087 1282 4155 exercent,
1300 4079 1360 4160 qul
1375 4095 1456 4141 cum
1468 4072 1579 4138 claris-

365 4184 454 4248 simo
470 4183 682 4264 optimorum
698 4200 835 4248 morum
852 4183 1062 4248 documento
1088 4185 1263 4258 maximos
1288 4185 1393 4248 simul
1419 4185 1455 4248 in
1469 4177 1580 4246 studiis

365 4291 547 4354 literarum
570 4306 783 4371 progressus
810 4290 955 4368 faciunt,
983 4291 1106 4354 nouitii
1121 4292 1322 4378 praecipue,
1350 4293 1444 4370 quod
1467 4299 1516 4354 est
1530 4282 1581 4348 mi·

366 4399 528 4474 randum,
546 4414 626 4460 cum
641 4415 712 4460 nun
729 4397 876 4460 multum
892 4399 1064 4477 temporis
1085 4399 1248 4478 religioni
1268 4399 1510 4479 impenderint.
1530 4391 1582 4455 Pa·

366 4514 421 4568 ter
433 4503 637 4568 Ludovicus
650 4501 837 4582 Gonzalez,
852 4522 933 4567 cum
944 4505 1012 4567 huc
1027 4505 1133 4582 uenit,
1146 4507 1274 4570 multos
1283 4507 1317 4569 in
1327 4507 1459 4570 scholis
1467 4497 1578 4584 posuit,

368 4612 445 4675 illos
460 4611 505 4675 ad
520 4612 704 4675 literarum
717 4611 871 4674 studium
891 4612 1118 4692 amplissimis
1139 4613 1259 4676 verbis
1278 4614 1457 4680 excitans,
1476 4603 1582 4673 simul-

368 4735 434 4800 que
448 4727 532 4783 tona
547 4718 631 4798 (sic)
647 4717 839 4794 constituit,
853 4736 943 4798 quae
954 4728 1058 4785 antea
1070 4736 1150 4782 cum
1162 4719 1261 4786 tanto
1274 4721 1397 4786 ordine
1411 4735 1478 4786 non
1488 4711 1580 4781 habe·
