3578 5534
711 521 776 580 Aa.
798 521 870 582 imo
1369 525 1407 584 ⁴5

173 663 336 741 generali
361 663 550 728 comitatus
575 663 786 742 Aruerniae,
809 675 844 731 et
864 665 1067 730 consulibus
1088 666 1184 728 urbis
1207 666 1403 732 Vicensis'

173 779 336 848 rogatuS,
364 771 520 834 crastino
546 770 602 835 die
627 770 694 834 iter
719 789 761 834 eo
782 771 930 848 adorno,
952 771 1187 836 concionandi
1208 774 1326 851 gratia
1348 774 1406 838 die

174 876 338 955 proximo
352 876 543 954 dominico,
568 877 641 940 iam
654 889 737 942 ante
752 877 1010 958 quadrimestre
1025 877 1154 941 ibidem
1169 877 1402 943 desideratus

235 981 339 1060 Vale,
356 981 464 1046 Pater
477 983 514 1046 in
536 983 677 1048 Christo
698 983 1036 1060 obseruandissime‚
1060 999 1195 1064 nosque
1214 985 1406 1049 sacrificio·

175 1106 255 1154 rum
280 1099 387 1170 atque
412 1089 615 1154 orationum
635 1101 777 1154 tuarum
798 1089 976 1154 tutissimo
997 1089 1175 1170 praesidio
1201 1091 1247 1155 ad
1272 1093 1404 1172 praelia

175 1193 322 1260 Domini
336 1196 481 1260 heroice
494 1196 653 1276 gerenda
668 1197 842 1262 aduersus
856 1198 978 1262 hostes
997 1197 1160 1261 veritatis
1179 1215 1279 1262 arma
1299 1208 1407 1280 atque

174 1319 379 1383 propugnat
396 1303 442 1366 ad
456 1319 608 1384 quorum
619 1303 853 1368 certaminum
864 1321 1073 1384 prosperum
1085 1314 1250 1368 euentum
1261 1304 1405 1369 Parrum

178 1427 222 1474 ac
247 1409 417 1488 fratrum,
443 1409 504 1490 qui
523 1411 604 1474 istic
624 1411 808 1474 turmatim
833 1411 1076 1478 castrametati
1101 1421 1198 1490 sunt,
1225 1415 1408 1492 suppetias

174 1533 315 1597 quoque
332 1518 574 1596 imploramus.
587 1515 760 1581 Dominus
769 1517 885 1598 JesuS,
897 1534 1055 1582 summus
1066 1517 1273 1598 Imperator,
1290 1520 1405 1583 heroi·

175 1639 217 1685 ca
232 1633 294 1686 tua
308 1633 579 1703 stratagemata,
597 1641 662 1688 ceu
677 1623 777 1687 ducis
793 1624 972 1687 exercitus
986 1624 1110 1702 nostri,
1123 1641 1345 1704 prosperare,
1363 1644 1407 1690 ac

175 1729 319 1794 tandem
335 1747 509 1794 coronare
520 1730 685 1810 dignetur
700 1741 781 1810 post
795 1730 941 1794 militiae
955 1739 1101 1796 exactos
1113 1732 1239 1812 longos
1253 1731 1406 1796 iabores.

236 1837 387 1912 Biliomi,
404 1838 541 1901 decimo
554 1837 716 1920 Januarii
734 1837 823 1902 1556.

236 1942 388 2024 imperio
416 1943 487 2008 R.‘¹i
519 1944 557 2008 P.
584 1943 660 2008 Dat
685 1943 892 2025 Hieronymi
915 1944 1029 2008 Bassii
1054 1943 1253 2026 Praepositi
1276 1945 1407 2012 Aruer-

176 2049 290 2128 niani,

483 2158 575 2222 Rite
597 2159 674 2222 ΡΜ*
695 2170 776 2223 tuae
792 2159 959 2237 indignus
974 2157 1085 2237 filius,

782 2372 969 2437 Roauarus
990 2372 1243 2438 Cunussoruus.

236 2694 504 2774 Superscnpuo
519 2694 558 2756 in
572 2699 701 2757 octavo
709 2693 875 2773 pagina:
888 2690 966 2756 R.‹¹⁰
986 2692 1023 2756 in
1038 2693 1180 2757 Christo
1199 2693 1297 2758 Patri
1316 2693 1397 2758 D.no

175 2800 316 2880 ignatio
332 2802 377 2864 de
390 2800 527 2880 Loona
542 2799 750 2880 Praeposito
764 2801 926 2879 generali
940 2798 1128 2865 Societatis
1142 2801 1237 2882 Jesu.
1254 2799 1401 2865 Romae.

234 2906 319 2971 Alia
334 2923 459 2970 manu:
472 2907 586 2989 Jesus.
599 2905 750 2970 Biliomi.
760 2905 1045 2986 Quadrimestres
1055 2905 1090 2970 X
1100 2905 1261 2987 Januarii
1276 2906 1364 2970 1556.
1379 2906 1404 2986 †

299 3573 490 3618 Praecedeutes
500 3573 608 3618 Robetti
619 3573 766 3631 Clayaaonii
777 3574 886 3618 litterae
895 3583 911 3616 a
922 3571 949 3616 Ρ.
965 3571 1078 3615 Poianco
1089 3571 1242 3616 emendatae
1254 3571 1276 3617 ¹.

364 3869 547 3948 Quaedam
567 3887 617 3932 ax
637 3869 754 3933 literis
775 3869 826 3936 M.
852 3866 1003 3934 Rooertt
1026 3866 1220 3930 Clat'ssonir'

497 3973 665 4040 Briir'omi
687 3977 738 4039 10
759 3975 940 4056 januarii
962 3975 1081 4038 1556.

234 4189 421 4270 Vigesimo
436 4191 552 4270 primo
566 4189 783 4270 Septembris
794 4207 815 4252 a
826 4189 914 4253 R.¹¹²⁰
926 4190 1079 4254 Domino
1096 4191 1142 4254 ad
1154 4191 1345 4255 sacerdotii
1357 4191 1406 4255 di-

169 4297 358 4378 gnitatern,
374 4296 567 4376 indignus
581 4306 726 4361 euectus
739 4296 790 4360 iui
809 4296 1050 4361 Ciaromonte:
1071 4297 1242 4378 postridie
1264 4297 1406 4362 Biliomi

170 4405 211 4468 in
224 4421 364 4472 summo
379 4405 509 4484 templo
525 4405 677 4484 primum
692 4403 906 4469 sacrificium
922 4402 999 4468 Deo
1013 4405 1122 4469 obtuli
1138 4421 1221 4469 cum
1231 4416 1331 4469 tanta
1344 4405 1405 4470 ho-

217 4608 224 4640 ¹
259 4607 341 4652 Vir-le
352 4606 447 4652 amia.

213 4677 227 4710 ¹
253 4679 325 4732 Quae
334 4689 531 4734 aupprasaorum
541 4680 597 4724 ioco
606 4679 741 4724 substituit
753 4679 893 4729 Poiancus.
909 4679 1012 4725 itaiicis
1020 4680 1062 4725 iric
1074 4680 1272 4726 characteribus
1281 4693 1326 4727 seu
1336 4681 1405 4740 typis

173 4751 360 4796 describamus.
