3578 5534
699 516 763 582 Aa.
791 515 859 576 tom
1357 514 1398 590 bd

154 676 235 736 noa
247 661 427 735 nolebant:
435 661 585 739 fratros
600 659 613 703 ¹·
626 677 727 742 uero,
750 669 788 727 ut
807 660 996 724 stultorum
1015 659 1197 738 bominum
1215 671 1250 722 et
1263 660 1392 739 mulie.-

160 783 243 846 rom
254 766 412 850 tripudia
429 767 682 850 lasciuiamqpe
699 774 976 847 compescerent,
994 765 1128 832 crebris
1146 766 1390 846 concionibus,

159 873 347 944 nocturnis
361 873 469 952 boris,
494 875 530 938 in
551 875 671 956 platea
691 883 725 938 et
746 872 941 954 porticibus
960 871 1389 956 Dominodeseruiebant3

158 980 462 1062 reportabantque
477 989 551 1052 tarn
565 981 590 1046 ii
603 997 712 1063 quam
725 981 775 1044 illi
790 981 971 1062 ingentem
984 980 1139 1056 Dona'no
1154 980 1349 1060 utilitatem
1363 979 1390 1046 ἰ.

157 1083 220 1155 Sic
238 1087 333 1152 enim
353 1088 443 1153 solet
463 1087 638 1154 Dominus
656 1103 720 1167 per
738 1097 943 1155 nostrorum
968 1088 1202 1154 ministerium
1223 1097 1258 1151 et
1279 1087 1388 1152 hat'us

152 1193 413 1266 saactrssimae
424 1195 553 1259 domus
564 1211 703 1274 augere
715 1195 990 1264 sanctamom‘am
1001 1193 1023 1273 ³,
1033 1204 1068 1260 et
1079 1205 1222 1260 nostrae
1233 1193 1388 1276 Societa-

155 1300 206 1376 tis
218 1317 348 1371 nomen
362 1300 467 1381 longe
481 1301 622 1382 lateque
637 1300 853 1382 dispergere:
872 1301 964 1365 unde
978 1301 1238 1380 etiamsactum
1257 1298 1274 1353 ⁴·
1290 1300 1388 1373 intel·

155 1406 315 1486 ligimus,
332 1408 481 1472 utnulla
496 1407 541 1474 sit
555 1407 738 1484 Marciaiae
754 1407 893 1487 ciuitas,
908 1408 1043 1477 nullum
1057 1406 1237 1491 oppidum,
1253 1407 1310 1472 uel
1324 1407 1388 1477 tttt'·

154 1511 298 1590 nircum
310 1511 500 1576 castellum
514 1512 536 1592 ⁸,
553 1513 674 1595 inquo
690 1531 761 1580 non
776 1513 931 1579 resideat
945 1514 1079 1595 ingens
1094 1513 1284 1592 Socz‘ctatis
1301 1512 1387 1578 laus

153 1623 190 1682 et
205 1621 411 1700 expectatio
426 1618 449 1684 ⁸.
467 1621 543 1701 Quo
564 1622 670 1686 etiam
690 1620 729 1686 fit
748 1631 802 1700 ut,
823 1621 975 1702 siquem
988 1630 1191 1696 nostrorum
1210 1621 1258 1699 ad·
1275 1638 1386 1705 naara

155 1727 285 1792 saltem
300 1727 395 1792 diem
408 1727 539 1792 babere
553 1745 663 1808 penes
677 1745 717 1792 se
731 1728 877 1809 possint,
895 1727 994 1795 omni
1009 1727 1171 1792 hamana
1181 1726 1384 1806 faelicitate

145 1832 363 1910 soalt'ctbres
377 1851 416 1898 se
430 1840 596 1914 reputent
610 1833 633 1912 ¹,
651 1835 858 1916 praedicent
874 1843 908 1898 et
921 1834 1129 1916 glorientur.

218 1939 323 2020 Quod
347 1941 446 2006 bisce
465 1940 588 2013 diebus
607 1941 810 2022 plenissime
830 1941 1070 2019 manifestauit
1090 1941 1260 2022 oppidum
1278 1941 1387 2024 quod-

152 2045 244 2124 dam
256 2047 376 2112 nobile
390 2058 425 2112 et
440 2049 608 2128 amplum,
625 2048 683 2115 cui
697 2059 827 2114 natura
841 2048 911 2111 loci
925 2059 961 2112 et
980 2049 1179 2130 incolarum
1198 2041 1388 2128 integritas

152 2153 295 2219 celebre
308 2171 439 2226 nomen
455 2154 633 2236 imposuit,
649 2171 733 2218 nam
748 2154 849 2221 Mons
864 2153 1015 2220 Sanctus
1029 2143 1265 2236 nuncupatui.
1288 2153 1341 2217 Eo
1364 2172 1387 2218 a

154 2257 264 2324 Patre
278 2269 403 2324 nostro
417 2258 429 2292 ⁸
444 2261 515 2324 duo
530 2279 576 2324 ex
590 2261 721 2326 nostris
735 2259 899 2326 Patribus
913 2261 1089 2335 destinati,
1105 2260 1220 2341 primo
1232 2259 1388 2326 aduentu

153 2367 316 2434 omnium
341 2368 479 2431 animos
497 2367 547 2430 ita
568 2368 604 2431 in
623 2385 661 2432 se
682 2367 915 2446 concitarunt,
938 2377 978 2430 vt
996 2369 1113 2435 nullus
1131 2367 1385 2449 propemodum

144 2483 262 2552 esset,
280 2475 340 2554 qui
355 2474 516 2554 publicae
533 2475 688 2540 lactitiae
700 2475 802 2554 signa
813 2492 885 2538 non
897 2475 1072 2555 proderet.
1086 2473 1155 2538 Sed
1167 2485 1201 2537 et
1213 2475 1280 2554 ipsi
1292 2491 1385 2542 com·

152 2581 341 2645 munitatis
355 2579 527 2646 Rectores
543 2581 697 2658 (Priores
712 2582 853 2660 vocant)
868 2581 933 2645 sub
948 2583 1104 2662 ipsorum
1120 2581 1285 2661 aduentu,
1299 2581 1384 2646 tuba

153 2704 219 2767 per
233 2688 403 2769 oppidum
417 2689 622 2753 vniuersum
637 2689 757 2768 missa,
774 2705 897 2752 omnes
916 2689 962 2752 ad
982 2689 1172 2752 conciones
1192 2699 1225 2752 et
1249 2689 1384 2754 conses-

151 2795 276 2860 siones
291 2804 373 2859 sunt
388 2795 578 2866 adhortati.

215 2899 375 2964 Fuerunt
399 2902 448 2966 ibi
467 2904 686 2984 perdecem,
710 2905 767 2968 uel
787 2921 829 2968 eo
852 2903 1020 2983 amptius,
1048 2902 1139 2980 dieS,
1166 2900 1382 2982 quotidianis

151 3008 401 3084 concionibus,
426 3009 717 3088 confessionibus,
738 3009 1055 3085 adhortationibus,
1082 3008 1264 3072 doctrinae
1290 3007 1381 3074 chri-

151 3113 295 3177 stianae
310 3116 520 3180 lectionibus
531 3127 565 3179 et
578 3117 656 3180 aliis
667 3117 845 3196 perfectae
857 3117 997 3196 pietatis
1009 3115 1198 3191 exercitiis,
1212 3115 1382 3196 populum

150 3219 253 3284 illum
268 3220 313 3284 ad
329 3238 452 3284 veram
466 3223 633 3302 pietatem
653 3233 686 3288 et
709 3223 804 3286 vitae
826 3223 1097 3286 sanctimoniam
1117 3229 1378 3303 promouentes

150 3326 280 3395 Adfuit
293 3328 473 3408 piissimus
487 3327 660 3394 Dominus
680 3329 853 3410 singulari
873 3329 1012 3408 gratiae
1027 3327 1162 3392 influxu
1177 3343 1300 3392 eorum
1314 3327 1384 3410 piis

150 3434 354 3513 conatibus,
374 3445 412 3497 ut
433 3453 478 3498 ex
499 3435 665 3516 operibus
688 3437 763 3500 veri
775 3435 867 3517 ‘Jesu
890 3435 1022 3500 Christi
1044 3435 1182 3512 milites
1204 3444 1238 3497 et
1264 3433 1382 3498 dilecti

149 3537 317 3620 Virginis
330 3540 554 3606 Lauretanae
567 3541 640 3619 fita·
656 3540 668 3572 ⁹
688 3551 978 3623 agnoscerentur,
1002 3540 1093 3604 Nam
1106 3557 1215 3621 paces
1233 3541 1380 3622 aliquot,

148 3658 235 3727 post
261 3649 429 3712 diuturna
454 3648 643 3714 admodum
658 3661 692 3714 et
712 3650 927 3730 gravissima
942 3649 1034 3726 odia,
1051 3653 1328 3729 composuerunt
1344 3645 1379 3726 ¹⁰,

148 3755 396 3819 restitutiones
407 3754 837 3836 multasflert'curarant.
851 3758 1008 3819 arontam
1019 3755 1038 3786 ¹¹
1052 3756 1192 3836 pietatis
1204 3756 1239 3818 in
1250 3771 1380 3834 paupe·

191 3960 202 3992 Ι
231 3959 422 4005 attentarem.

189 4031 204 4063 ²
231 4031 573 4087 satiaberissructum.lo.

190 4099 205 4134 ⁸
231 4107 389 4158 commatri
399 4105 434 4148 od
445 4107 647 4150 sanctissimam
654 4105 723 4148 itanc
730 4105 839 4148 domum
848 4107 969 4156 veniunt,
975 4111 1134 4159 prottaotrcrc
1142 4103 1316 4159 spiritualem
1331 4105 1381 4146 vlt·

138 4171 313 4220 dttaetemdo.
473 4169 475 4174 ’

186 4246 201 4277 ⁴
228 4247 456 4292 concammio.

187 4316 202 4349 ⁸
231 4319 364 4361 minimus
372 4324 470 4373 pagus.
479 4319 517 4364 ln.

185 4386 200 4420 ⁸
227 4389 413 4444 sitingcusod
424 4391 584 4437 Societatem
603 4391 775 4446 affectuale.

187 4457 199 4488 ¹
229 4461 425 4513 quodammodo
429 4462 592 4517 foelicitatis
602 4473 669 4508 succ
679 4463 708 4506 ai
717 4473 784 4508 csso.
795 4461 833 4507 Io.

185 4531 200 4561 ⁸
225 4531 254 4575 P.
266 4531 381 4577 oliverio
391 4531 522 4588 Mancreo,
533 4533 676 4578 Lauretaui
688 4533 797 4589 Collegit
810 4535 931 4578 Rectoro.

189 4603 204 4632 ⁹
231 4603 499 4649 alumnil’otancas.

178 4673 204 4710 ὓ
232 4677 530 4732 sumcomposaamo.

172 4747 203 4782 ¹¹
234 4750 337 4793 multae
345 4749 446 4804 sactae.
457 4749 542 4794 Mons.
553 4751 591 4796 lo.
