3578 5534
740 581 793 641 An
827 581 896 642 1556
1411 581 1436 640 9

195 732 323 810 quibus
338 731 363 794 ii
377 739 470 808 sunt,
487 729 549 810 qui
563 745 621 792 res
634 727 901 807 ministeriaque
914 728 1111 791 domestica
1123 737 1157 790 et
1169 727 1268 791 obire
1284 736 1430 806 possent

195 849 234 901 et
248 838 427 914 deberent,
444 845 478 899 et
498 835 557 916 qui
578 835 863 898 confessionibus
886 835 1072 899 audiendis
1084 835 1165 898 huic
1189 833 1349 914 Collegio
1372 835 1429 900 de-

194 944 318 1007 stinati
336 952 449 1006 erant.
466 942 543 1022 Quo
557 941 596 1004 iit
618 951 674 1020 vt,
691 943 855 1021 quamuis
877 942 922 1005 ad
944 943 1187 1006 confessiones
1202 952 1236 1005 et
1257 943 1428 1006 exercitia

195 1051 396 1130 spiritualia
411 1050 576 1130 frequens
591 1050 637 1112 sit
649 1066 855 1128 concursus,
869 1050 1075 1130 paucissimi
1087 1049 1169 1128 sint,
1183 1049 1242 1130 qui
1257 1059 1330 1112 tam
1343 1051 1429 1112 mul-

198 1167 316 1220 torum
330 1157 424 1220 uotis
438 1157 575 1236 possint
590 1155 809 1220 satisfacere.

260 1263 379 1343 Atque
388 1263 478 1327 haec
490 1264 607 1340 habui,
622 1280 711 1342 quae
723 1262 768 1325 de
779 1273 897 1326 rerum
909 1272 1113 1326 nostrarum
1125 1271 1218 1326 statu
1230 1262 1428 1341 generatim

197 1369 389 1433 scribenda
405 1369 472 1432 isto
488 1379 645 1449 tempore
659 1369 881 1446 uidebantur;
899 1386 982 1433 nam
994 1369 1037 1432 de
1050 1368 1280 1446 aliisnostriS,
1295 1366 1337 1430 de
1349 1384 1428 1448 pro·

195 1476 305 1554 fectu,
322 1476 367 1539 de
381 1476 507 1540 studiis
521 1475 682 1554 fratrum,
700 1475 744 1538 de
758 1477 851 1539 bono
868 1477 977 1540 odore
993 1475 1200 1550 Societatis,
1224 1475 1307 1537 hinc
1330 1475 1430 1538 undi-

193 1599 268 1662 que
289 1599 433 1663 sparso,
449 1583 663 1672 reliquisque
682 1583 717 1646 id
736 1599 869 1662 geum,
887 1593 921 1646 et
940 1581 1143 1662 frequenter
1162 1579 1207 1644 ad
1222 1588 1256 1643 te
1275 1581 1312 1642 in
1327 1595 1426 1661 supe·

196 1689 353 1752 rioribus
378 1689 488 1753 literis
514 1689 795 1768 perscripsimus;
824 1667 858 1752 ei
882 1707 977 1753 nunc
1001 1690 1036 1753 id
1062 1690 1175 1751 solum
1198 1687 1242 1751 de
1264 1687 1429 1752 omnibus

194 1796 425 1860 scribendum
446 1795 491 1858 ad
510 1806 544 1859 te
563 1805 723 1859 nostrum
744 1797 916 1860 interesse
935 1797 1155 1873 existimaui,
1176 1804 1214 1858 ut
1233 1794 1428 1858 Dominum

189 1903 320 1985 ,Jesum
335 1903 463 1966 obnixe
477 1903 649 1983 preceris
666 1903 987 1966 obseruandissime
1007 1904 1043 1965 in
1058 1901 1198 1966 Christo
1219 1899 1335 1979 Pater,
1358 1901 1427 1964 ista

194 2011 319 2074 omnia
333 2021 456 2073 nostra
471 2019 544 2073 tam
559 2007 724 2073 secundis
738 2011 855 2073 nentis
870 2027 1013 2073 cursum
1030 2026 1132 2072 suum
1147 2017 1302 2087 teneant,
1323 2016 1361 2070 ut
1380 2007 1426 2072 ad

194 2117 417 2180 destinatum
438 2115 623 2180 Societatis
647 2132 793 2195 scopum
819 2133 900 2180 cum
926 2133 1063 2179 summa
1086 2115 1196 2179 diuini
1221 2115 1368 2177 honoris
1393 2123 1428 2178 et

188 2223 334 2302 gloriae
349 2223 553 2286 accessione
568 2223 788 2302 perueniant.
805 2221 907 2287 Vale.

258 2329 313 2392 Ex
329 2329 397 2392 isto
413 2337 473 2392 tuo
487 2328 646 2408 Collegio
661 2328 902 2410 Complutensi
917 2329 993 2392 Cal.
1010 2328 1170 2411 Januarii
1185 2345 1279 2391 anno
1298 2325 1385 2391 1556.

361 2435 401 2498 R.
417 2432 456 2497 P.
472 2434 513 2498 T.
787 2501 789 2507 ,

273 2543 277 2552 ’
438 2541 492 2604 Ex
507 2541 755 2605 commissione
773 2541 807 2606 Ρ.
825 2541 1080 2619 Emmanuelis,

600 2647 764 2712 Minimus
779 2661 904 2712 seruus
918 2651 952 2712 in
969 2648 1123 2725 Christo.

1019 2863 1202 2928 Arcturus,

256 3269 525 3368 Superscripir'o
539 3289 577 3350 in
593 3293 724 3368 quarta
738 3289 894 3369 pagina:
909 3235 995 3353 liis.
1013 3287 1091 3352 R.⁴¹0
1110 3291 1145 3352 in
1170 3289 1312 3353 Christo
1333 3287 1430 3354 Patri

187 3391 335 3475 ignatio
351 3394 394 3457 de
407 3396 554 3474 Loyola,
567 3393 773 3476 Praeposito
786 3395 953 3458 Generali
965 3393 1154 3460 Societatis
1169 3397 1265 3479 Jcsu‚
1279 3392 1426 3461 Romae.

256 3501 343 3564 Alia
357 3519 480 3564 manu:
499 3502 584 3565 1556.
603 3501 656 3565 Ex
672 3501 905 3582 complutensi
917 3503 1067 3582 collegio
1081 3503 1315 3585 p.⁰Januarii.
1332 3503 1426 3583 Qua·

188 3609 417 3672 drimestres.
434 3607 580 3672 Emend.

266 3714 466 3794 Vestigium
480 3731 580 3777 cerae
595 3713 724 3793 sigilli.
