<?xml version="1.0" encoding="UTF-8"?>
<!DOCTYPE html PUBLIC "-//W3C//DTD XHTML 1.0 Transitional//EN"
    "http://www.w3.org/TR/xhtml1/DTD/xhtml1-transitional.dtd">
<html xmlns="http://www.w3.org/1999/xhtml" xml:lang="en" lang="en">
 <head>
  <title>
</title>
<meta http-equiv="Content-Type" content="text/html;charset=utf-8" />
  <meta name='ocr-system' content='tesseract 3.04.00' />
  <meta name='ocr-capabilities' content='ocr_page ocr_carea ocr_par ocr_line ocrx_word'/>
</head>
<body>
  <div class='ocr_page' id='page_1' title='image "./litteraequadrim00jesugoog/litteraequadrim00jesugoog_0339.png"; bbox 0 0 3410 5528; ppageno 0'>
   <div class='ocr_carea' id='block_1_1' title="bbox 617 521 1304 582">
    <p class='ocr_par' dir='ltr' id='par_1_1' title="bbox 617 521 1304 582">
     <span class='ocr_line' id='line_1_1' title="bbox 617 521 1304 582; baseline 0 -1"><span class='ocrx_word' id='word_1_1' title='bbox 617 521 680 581; x_wconf 84' lang='lat' dir='ltr'>Au.</span> <span class='ocrx_word' id='word_1_2' title='bbox 703 521 772 582; x_wconf 77' lang='lat' dir='ltr'>tabo</span> <span class='ocrx_word' id='word_1_3' title='bbox 1250 521 1304 581; x_wconf 70' lang='lat'>333</span> 
     </span>
    </p>
   </div>
   <div class='ocr_carea' id='block_1_2' title="bbox 87 669 1304 3754">
    <p class='ocr_par' dir='ltr' id='par_1_2' title="bbox 93 669 1302 860">
     <span class='ocr_line' id='line_1_2' title="bbox 93 669 1302 751; baseline -0.001 -18"><span class='ocrx_word' id='word_1_4' title='bbox 93 669 229 736; x_wconf 81' lang='lat' dir='ltr'>saltibus</span> <span class='ocrx_word' id='word_1_5' title='bbox 243 682 278 736; x_wconf 89' lang='lat' dir='ltr'>et</span> <span class='ocrx_word' id='word_1_6' title='bbox 293 669 420 737; x_wconf 84' lang='lat' dir='ltr'>suturis</span> <span class='ocrx_word' id='word_1_7' title='bbox 434 671 611 751; x_wconf 85' lang='lat' dir='ltr'>periculis,</span> <span class='ocrx_word' id='word_1_8' title='bbox 628 672 743 736; x_wconf 88' lang='lat' dir='ltr'>solum</span> <span class='ocrx_word' id='word_1_9' title='bbox 757 669 872 736; x_wconf 91' lang='lat' dir='ltr'>Deum</span> <span class='ocrx_word' id='word_1_10' title='bbox 887 671 1062 750; x_wconf 90' lang='lat' dir='ltr'>timentes,</span> <span class='ocrx_word' id='word_1_11' title='bbox 1079 669 1147 750; x_wconf 88' lang='lat' dir='ltr'>ipsi</span> <span class='ocrx_word' id='word_1_12' title='bbox 1161 669 1227 734; x_wconf 90' lang='lat' dir='ltr'>soli</span> <span class='ocrx_word' id='word_1_13' title='bbox 1239 686 1302 750; x_wconf 92' lang='lat' dir='ltr'>per</span> 
     </span>
     <span class='ocr_line' id='line_1_3' title="bbox 93 777 1121 860; baseline 0.001 -20"><span class='ocrx_word' id='word_1_14' title='bbox 93 779 175 842; x_wconf 90' lang='lat' dir='ltr'>hona</span> <span class='ocrx_word' id='word_1_15' title='bbox 188 796 307 860; x_wconf 89' lang='lat' dir='ltr'>opera,</span> <span class='ocrx_word' id='word_1_16' title='bbox 323 778 360 844; x_wconf 92' lang='lat' dir='ltr'>in</span> <span class='ocrx_word' id='word_1_17' title='bbox 373 779 499 844; x_wconf 89' lang='lat' dir='ltr'>timore</span> <span class='ocrx_word' id='word_1_18' title='bbox 513 779 721 858; x_wconf 87' lang='lat' dir='ltr'>seruientes,</span> <span class='ocrx_word' id='word_1_19' title='bbox 738 777 885 842; x_wconf 82' lang='lat' dir='ltr'>tirmiter</span> <span class='ocrx_word' id='word_1_20' title='bbox 898 777 1121 842; x_wconf 82' lang='lat' dir='ltr'>haereamus.</span> 
     </span>
    </p>

    <p class='ocr_par' dir='ltr' id='par_1_3' title="bbox 89 881 1304 2666">
     <span class='ocr_line' id='line_1_4' title="bbox 147 881 1303 966; baseline -0.003 -16"><span class='ocrx_word' id='word_1_21' title='bbox 147 884 242 965; x_wconf 91' lang='lat' dir='ltr'>Quod</span> <span class='ocrx_word' id='word_1_22' title='bbox 257 886 303 950; x_wconf 89' lang='lat' dir='ltr'>ad</span> <span class='ocrx_word' id='word_1_23' title='bbox 318 885 488 965; x_wconf 86' lang='lat' dir='ltr'>ordinem,</span> <span class='ocrx_word' id='word_1_24' title='bbox 503 903 608 966; x_wconf 87' lang='lat' dir='ltr'>quem</span> <span class='ocrx_word' id='word_1_25' title='bbox 622 884 728 950; x_wconf 89' lang='lat' dir='ltr'>Pater</span> <span class='ocrx_word' id='word_1_26' title='bbox 742 883 918 950; x_wconf 89' lang='lat' dir='ltr'>Polancus</span> <span class='ocrx_word' id='word_1_27' title='bbox 939 885 1036 949; x_wconf 88' lang='lat' dir='ltr'>circa</span> <span class='ocrx_word' id='word_1_28' title='bbox 1056 883 1225 949; x_wconf 88' lang='lat' dir='ltr'>lectiones</span> <span class='ocrx_word' id='word_1_29' title='bbox 1245 881 1303 946; x_wconf 89' lang='lat' dir='ltr'>de·</span> 
     </span>
     <span class='ocr_line' id='line_1_5' title="bbox 94 989 1304 1074; baseline 0 -19"><span class='ocrx_word' id='word_1_30' title='bbox 94 989 139 1056; x_wconf 90' lang='lat' dir='ltr'>dit</span> <span class='ocrx_word' id='word_1_31' title='bbox 153 992 253 1074; x_wconf 87' lang='lat' dir='ltr'>(quod</span> <span class='ocrx_word' id='word_1_32' title='bbox 267 1000 388 1058; x_wconf 88' lang='lat' dir='ltr'>tamen</span> <span class='ocrx_word' id='word_1_33' title='bbox 401 991 594 1058; x_wconf 90' lang='lat' dir='ltr'>secundum</span> <span class='ocrx_word' id='word_1_34' title='bbox 608 991 765 1059; x_wconf 88' lang='lat' dir='ltr'>eiusdem</span> <span class='ocrx_word' id='word_1_35' title='bbox 784 993 1013 1058; x_wconf 89' lang='lat' dir='ltr'>intentionem</span> <span class='ocrx_word' id='word_1_36' title='bbox 1035 1001 1070 1058; x_wconf 93' lang='lat' dir='ltr'>et</span> <span class='ocrx_word' id='word_1_37' title='bbox 1090 990 1304 1057; x_wconf 88' lang='lat' dir='ltr'>desiderium</span> 
     </span>
     <span class='ocr_line' id='line_1_6' title="bbox 92 1098 1303 1182; baseline 0.002 -20"><span class='ocrx_word' id='word_1_38' title='bbox 92 1115 248 1164; x_wconf 86' lang='lat' dir='ltr'>essenon</span> <span class='ocrx_word' id='word_1_39' title='bbox 267 1098 495 1179; x_wconf 85' lang='lat' dir='ltr'>dubitamus),</span> <span class='ocrx_word' id='word_1_40' title='bbox 515 1100 655 1165; x_wconf 88' lang='lat' dir='ltr'>uidetur</span> <span class='ocrx_word' id='word_1_41' title='bbox 674 1100 850 1182; x_wconf 89' lang='lat' dir='ltr'>plerisque</span> <span class='ocrx_word' id='word_1_42' title='bbox 872 1099 960 1164; x_wconf 90' lang='lat' dir='ltr'>uiris</span> <span class='ocrx_word' id='word_1_43' title='bbox 981 1100 1101 1182; x_wconf 86' lang='lat' dir='ltr'>probis</span> <span class='ocrx_word' id='word_1_44' title='bbox 1124 1107 1158 1164; x_wconf 89' lang='lat' dir='ltr'>et</span> <span class='ocrx_word' id='word_1_45' title='bbox 1180 1099 1303 1164; x_wconf 90' lang='lat' dir='ltr'>amicis</span> 
     </span>
     <span class='ocr_line' id='line_1_7' title="bbox 92 1205 1304 1288; baseline 0.003 -20"><span class='ocrx_word' id='word_1_46' title='bbox 92 1222 156 1270; x_wconf 91' lang='lat' dir='ltr'>uon</span> <span class='ocrx_word' id='word_1_47' title='bbox 171 1223 245 1272; x_wconf 88' lang='lat' dir='ltr'>esse</span> <span class='ocrx_word' id='word_1_48' title='bbox 260 1207 460 1273; x_wconf 90' lang='lat' dir='ltr'>consultum</span> <span class='ocrx_word' id='word_1_49' title='bbox 473 1207 658 1272; x_wconf 89' lang='lat' dir='ltr'>obseruari</span> <span class='ocrx_word' id='word_1_50' title='bbox 671 1216 808 1272; x_wconf 85' lang='lat' dir='ltr'>exacte.</span> <span class='ocrx_word' id='word_1_51' title='bbox 824 1205 991 1286; x_wconf 89' lang='lat' dir='ltr'>Primum,</span> <span class='ocrx_word' id='word_1_52' title='bbox 1006 1209 1122 1288; x_wconf 88' lang='lat' dir='ltr'>quoad</span> <span class='ocrx_word' id='word_1_53' title='bbox 1138 1207 1231 1272; x_wconf 88' lang='lat' dir='ltr'>bunc</span> <span class='ocrx_word' id='word_1_54' title='bbox 1249 1225 1304 1272; x_wconf 91' lang='lat' dir='ltr'>ar·</span> 
     </span>
     <span class='ocr_line' id='line_1_8' title="bbox 92 1299 1304 1396; baseline 0.003 -21"><span class='ocrx_word' id='word_1_55' title='bbox 92 1312 241 1379; x_wconf 89' lang='lat' dir='ltr'>ticulum:</span> <span class='ocrx_word' id='word_1_56' title='bbox 258 1313 353 1396; x_wconf 89' lang='lat' dir='ltr'>quod</span> <span class='ocrx_word' id='word_1_57' title='bbox 366 1331 498 1395; x_wconf 87' lang='lat' dir='ltr'>paruos</span> <span class='ocrx_word' id='word_1_58' title='bbox 512 1331 584 1379; x_wconf 92' lang='lat' dir='ltr'>non</span> <span class='ocrx_word' id='word_1_59' title='bbox 598 1299 829 1396; x_wconf 75' lang='lat' dir='ltr'>recipiamu53</span> <span class='ocrx_word' id='word_1_60' title='bbox 843 1313 1007 1378; x_wconf 88' lang='lat' dir='ltr'>videntur</span> <span class='ocrx_word' id='word_1_61' title='bbox 1027 1315 1121 1379; x_wconf 90' lang='lat' dir='ltr'>enim</span> <span class='ocrx_word' id='word_1_62' title='bbox 1140 1315 1304 1381; x_wconf 91' lang='lat' dir='ltr'>omnibus</span> 
     </span>
     <span class='ocr_line' id='line_1_9' title="bbox 91 1419 1303 1504; baseline 0.002 -20"><span class='ocrx_word' id='word_1_63' title='bbox 91 1420 204 1486; x_wconf 88' lang='lat' dir='ltr'>amicis</span> <span class='ocrx_word' id='word_1_64' title='bbox 228 1421 455 1502; x_wconf 77' lang='lat' dir='ltr'>singulariter</span> <span class='ocrx_word' id='word_1_65' title='bbox 476 1419 680 1504; x_wconf 89' lang='lat' dir='ltr'>recipiendi,</span> <span class='ocrx_word' id='word_1_66' title='bbox 706 1430 779 1486; x_wconf 90' lang='lat' dir='ltr'>tam</span> <span class='ocrx_word' id='word_1_67' title='bbox 803 1422 1009 1500; x_wconf 78' lang='lat' dir='ltr'>ascitarum,</span> <span class='ocrx_word' id='word_1_68' title='bbox 1034 1438 1140 1503; x_wconf 91' lang='lat' dir='ltr'>quam</span> <span class='ocrx_word' id='word_1_69' title='bbox 1162 1421 1303 1486; x_wconf 83' lang='lat' dir='ltr'>iudaeo-</span> 
     </span>
     <span class='ocr_line' id='line_1_10' title="bbox 91 1527 1302 1611; baseline 0.002 -21"><span class='ocrx_word' id='word_1_70' title='bbox 91 1544 173 1607; x_wconf 87' lang='lat' dir='ltr'>rum,</span> <span class='ocrx_word' id='word_1_71' title='bbox 187 1545 266 1593; x_wconf 92' lang='lat' dir='ltr'>cum</span> <span class='ocrx_word' id='word_1_72' title='bbox 280 1529 431 1594; x_wconf 88' lang='lat' dir='ltr'>caeteris</span> <span class='ocrx_word' id='word_1_73' title='bbox 445 1530 642 1608; x_wconf 89' lang='lat' dir='ltr'>catholicis,</span> <span class='ocrx_word' id='word_1_74' title='bbox 658 1547 703 1594; x_wconf 92' lang='lat' dir='ltr'>ne</span> <span class='ocrx_word' id='word_1_75' title='bbox 717 1527 901 1593; x_wconf 86' lang='lat' dir='ltr'>uideamur</span> <span class='ocrx_word' id='word_1_76' title='bbox 917 1528 1096 1610; x_wconf 67' lang='lat' dir='ltr'>partiales</span> <span class='ocrx_word' id='word_1_77' title='bbox 1114 1538 1147 1594; x_wconf 89' lang='lat' dir='ltr'>et</span> <span class='ocrx_word' id='word_1_78' title='bbox 1168 1531 1302 1611; x_wconf 84' lang='lat' dir='ltr'>specia-</span> 
     </span>
     <span class='ocr_line' id='line_1_11' title="bbox 90 1635 1303 1718; baseline 0.003 -22"><span class='ocrx_word' id='word_1_79' title='bbox 90 1635 162 1698; x_wconf 89' lang='lat' dir='ltr'>liter</span> <span class='ocrx_word' id='word_1_80' title='bbox 176 1637 325 1713; x_wconf 87' lang='lat' dir='ltr'>uenisse‚</span> <span class='ocrx_word' id='word_1_81' title='bbox 340 1646 379 1701; x_wconf 88' lang='lat' dir='ltr'>ut</span> <span class='ocrx_word' id='word_1_82' title='bbox 393 1636 530 1718; x_wconf 90' lang='lat' dir='ltr'>aliquos</span> <span class='ocrx_word' id='word_1_83' title='bbox 545 1635 785 1716; x_wconf 86' lang='lat' dir='ltr'>excludamus,</span> <span class='ocrx_word' id='word_1_84' title='bbox 801 1645 837 1699; x_wconf 89' lang='lat' dir='ltr'>et</span> <span class='ocrx_word' id='word_1_85' title='bbox 851 1636 948 1717; x_wconf 89' lang='lat' dir='ltr'>ipsos</span> <span class='ocrx_word' id='word_1_86' title='bbox 963 1653 984 1699; x_wconf 89' lang='lat' dir='ltr'>a</span> <span class='ocrx_word' id='word_1_87' title='bbox 999 1651 1064 1700; x_wconf 88' lang='lat' dir='ltr'>sua</span> <span class='ocrx_word' id='word_1_88' title='bbox 1083 1646 1180 1700; x_wconf 87' lang='lat' dir='ltr'>secta</span> <span class='ocrx_word' id='word_1_89' title='bbox 1202 1653 1303 1700; x_wconf 88' lang='lat' dir='ltr'>reuo-</span> 
     </span>
     <span class='ocr_line' id='line_1_12' title="bbox 91 1741 1303 1825; baseline 0.003 -23"><span class='ocrx_word' id='word_1_90' title='bbox 91 1757 202 1807; x_wconf 87' lang='lat' dir='ltr'>cemus</span> <span class='ocrx_word' id='word_1_91' title='bbox 227 1744 249 1803; x_wconf 84' lang='lat'>².</span> <span class='ocrx_word' id='word_1_92' title='bbox 273 1743 376 1825; x_wconf 91' lang='lat' dir='ltr'>Quod</span> <span class='ocrx_word' id='word_1_93' title='bbox 395 1753 517 1825; x_wconf 86' lang='lat' dir='ltr'>aperte</span> <span class='ocrx_word' id='word_1_94' title='bbox 535 1743 654 1808; x_wconf 83' lang='lat' dir='ltr'>iacere</span> <span class='ocrx_word' id='word_1_95' title='bbox 678 1743 832 1808; x_wconf 85' lang='lat' dir='ltr'>maxime</span> <span class='ocrx_word' id='word_1_96' title='bbox 858 1741 1055 1808; x_wconf 87' lang='lat' dir='ltr'>cauendum</span> <span class='ocrx_word' id='word_1_97' title='bbox 1080 1752 1134 1807; x_wconf 89' lang='lat' dir='ltr'>est</span> <span class='ocrx_word' id='word_1_98' title='bbox 1158 1751 1303 1824; x_wconf 90' lang='lat' dir='ltr'>propter</span> 
     </span>
     <span class='ocr_line' id='line_1_13' title="bbox 92 1847 1302 1932; baseline 0.001 -19"><span class='ocrx_word' id='word_1_99' title='bbox 92 1849 288 1916; x_wconf 81' lang='lat' dir='ltr'>seditionem</span> <span class='ocrx_word' id='word_1_100' title='bbox 301 1851 434 1932; x_wconf 89' lang='lat' dir='ltr'>populi,</span> <span class='ocrx_word' id='word_1_101' title='bbox 452 1851 524 1932; x_wconf 93' lang='lat' dir='ltr'>qui,</span> <span class='ocrx_word' id='word_1_102' title='bbox 540 1850 572 1915; x_wconf 90' lang='lat' dir='ltr'>si</span> <span class='ocrx_word' id='word_1_103' title='bbox 590 1849 734 1915; x_wconf 89' lang='lat' dir='ltr'>uideant</span> <span class='ocrx_word' id='word_1_104' title='bbox 753 1866 819 1913; x_wconf 91' lang='lat' dir='ltr'>nos</span> <span class='ocrx_word' id='word_1_105' title='bbox 840 1847 1079 1914; x_wconf 81' lang='lat' dir='ltr'>indifferenter</span> <span class='ocrx_word' id='word_1_106' title='bbox 1101 1866 1222 1914; x_wconf 89' lang='lat' dir='ltr'>omnes</span> <span class='ocrx_word' id='word_1_107' title='bbox 1244 1851 1302 1914; x_wconf 90' lang='lat' dir='ltr'>ad·</span> 
     </span>
     <span class='ocr_line' id='line_1_14' title="bbox 91 1956 1303 2038; baseline 0.003 -19"><span class='ocrx_word' id='word_1_108' title='bbox 91 1956 230 2038; x_wconf 90' lang='lat' dir='ltr'>mittere,</span> <span class='ocrx_word' id='word_1_109' title='bbox 247 1975 313 2024; x_wconf 87' lang='lat' dir='ltr'>neo</span> <span class='ocrx_word' id='word_1_110' title='bbox 327 1958 541 2023; x_wconf 90' lang='lat' dir='ltr'>mentionem</span> <span class='ocrx_word' id='word_1_111' title='bbox 554 1956 672 2022; x_wconf 83' lang='lat' dir='ltr'>facere</span> <span class='ocrx_word' id='word_1_112' title='bbox 687 1956 730 2021; x_wconf 91' lang='lat' dir='ltr'>de</span> <span class='ocrx_word' id='word_1_113' title='bbox 744 1956 983 2022; x_wconf 88' lang='lat' dir='ltr'>conuertendo</span> <span class='ocrx_word' id='word_1_114' title='bbox 998 1973 1060 2022; x_wconf 91' lang='lat' dir='ltr'>eos</span> <span class='ocrx_word' id='word_1_115' title='bbox 1079 1957 1125 2022; x_wconf 90' lang='lat' dir='ltr'>ad</span> <span class='ocrx_word' id='word_1_116' title='bbox 1144 1966 1303 2023; x_wconf 91' lang='lat' dir='ltr'>nostram</span> 
     </span>
     <span class='ocr_line' id='line_1_15' title="bbox 92 2062 1303 2147; baseline 0.002 -22"><span class='ocrx_word' id='word_1_117' title='bbox 92 2064 300 2147; x_wconf 78' lang='lat' dir='ltr'>religionem,</span> <span class='ocrx_word' id='word_1_118' title='bbox 315 2066 379 2130; x_wconf 88' lang='lat' dir='ltr'>sed</span> <span class='ocrx_word' id='word_1_119' title='bbox 394 2065 556 2130; x_wconf 86' lang='lat' dir='ltr'>omnibus</span> <span class='ocrx_word' id='word_1_120' title='bbox 570 2062 715 2129; x_wconf 91' lang='lat' dir='ltr'>audiant</span> <span class='ocrx_word' id='word_1_121' title='bbox 728 2080 794 2128; x_wconf 92' lang='lat' dir='ltr'>nos</span> <span class='ocrx_word' id='word_1_122' title='bbox 810 2064 900 2128; x_wconf 90' lang='lat' dir='ltr'>uelle</span> <span class='ocrx_word' id='word_1_123' title='bbox 915 2064 1093 2144; x_wconf 87' lang='lat' dir='ltr'>prodesse,</span> <span class='ocrx_word' id='word_1_124' title='bbox 1111 2081 1182 2128; x_wconf 88' lang='lat' dir='ltr'>non</span> <span class='ocrx_word' id='word_1_125' title='bbox 1193 2064 1303 2129; x_wconf 87' lang='lat' dir='ltr'>uerba</span> 
     </span>
     <span class='ocr_line' id='line_1_16' title="bbox 89 2167 1303 2254; baseline 0.003 -22"><span class='ocrx_word' id='word_1_126' title='bbox 89 2167 242 2238; x_wconf 88' lang='lat' dir='ltr'>iaciendo</span> <span class='ocrx_word' id='word_1_127' title='bbox 257 2173 300 2238; x_wconf 92' lang='lat' dir='ltr'>de</span> <span class='ocrx_word' id='word_1_128' title='bbox 315 2173 501 2254; x_wconf 81' lang='lat' dir='ltr'>religione,</span> <span class='ocrx_word' id='word_1_129' title='bbox 517 2169 621 2236; x_wconf 82' lang='lat' dir='ltr'>facile</span> <span class='ocrx_word' id='word_1_130' title='bbox 637 2179 690 2234; x_wconf 89' lang='lat' dir='ltr'>est</span> <span class='ocrx_word' id='word_1_131' title='bbox 704 2179 739 2234; x_wconf 90' lang='lat' dir='ltr'>et</span> <span class='ocrx_word' id='word_1_132' title='bbox 758 2171 887 2235; x_wconf 90' lang='lat' dir='ltr'>multos</span> <span class='ocrx_word' id='word_1_133' title='bbox 907 2171 1039 2236; x_wconf 90' lang='lat' dir='ltr'>habere</span> <span class='ocrx_word' id='word_1_134' title='bbox 1060 2170 1247 2250; x_wconf 90' lang='lat' dir='ltr'>studiosos,</span> <span class='ocrx_word' id='word_1_135' title='bbox 1268 2181 1303 2236; x_wconf 89' lang='lat' dir='ltr'>et</span> 
     </span>
     <span class='ocr_line' id='line_1_17' title="bbox 90 2277 1303 2362; baseline 0.003 -22"><span class='ocrx_word' id='word_1_136' title='bbox 90 2295 220 2346; x_wconf 92' lang='lat' dir='ltr'>omnem</span> <span class='ocrx_word' id='word_1_137' title='bbox 233 2279 464 2362; x_wconf 89' lang='lat' dir='ltr'>suspitionem</span> <span class='ocrx_word' id='word_1_138' title='bbox 474 2281 605 2344; x_wconf 88' lang='lat' dir='ltr'>maiam</span> <span class='ocrx_word' id='word_1_139' title='bbox 616 2277 843 2359; x_wconf 87' lang='lat' dir='ltr'>partialitatis</span> <span class='ocrx_word' id='word_1_140' title='bbox 858 2280 992 2359; x_wconf 92' lang='lat' dir='ltr'>toliere,</span> <span class='ocrx_word' id='word_1_141' title='bbox 1010 2279 1303 2361; x_wconf 89' lang='lat' dir='ltr'>auersionemque</span> 
     </span>
     <span class='ocr_line' id='line_1_18' title="bbox 90 2385 1303 2468; baseline 0 -18"><span class='ocrx_word' id='word_1_142' title='bbox 90 2386 189 2452; x_wconf 87' lang='lat' dir='ltr'>animi</span> <span class='ocrx_word' id='word_1_143' title='bbox 209 2405 331 2452; x_wconf 88' lang='lat' dir='ltr'>eorum</span> <span class='ocrx_word' id='word_1_144' title='bbox 351 2387 498 2464; x_wconf 88' lang='lat' dir='ltr'>euitare,</span> <span class='ocrx_word' id='word_1_145' title='bbox 520 2385 583 2450; x_wconf 87' lang='lat' dir='ltr'>sed</span> <span class='ocrx_word' id='word_1_146' title='bbox 605 2385 798 2451; x_wconf 86' lang='lat' dir='ltr'>amicitiam</span> <span class='ocrx_word' id='word_1_147' title='bbox 820 2387 937 2468; x_wconf 89' lang='lat' dir='ltr'>potius</span> <span class='ocrx_word' id='word_1_148' title='bbox 956 2403 1079 2452; x_wconf 91' lang='lat' dir='ltr'>eorum</span> <span class='ocrx_word' id='word_1_149' title='bbox 1102 2387 1303 2452; x_wconf 89' lang='lat' dir='ltr'>conciliabi-</span> 
     </span>
     <span class='ocr_line' id='line_1_19' title="bbox 89 2493 1302 2578; baseline 0.001 -21"><span class='ocrx_word' id='word_1_150' title='bbox 89 2509 169 2560; x_wconf 90' lang='lat' dir='ltr'>mus.</span> <span class='ocrx_word' id='word_1_151' title='bbox 186 2494 317 2560; x_wconf 90' lang='lat' dir='ltr'>Dicunt</span> <span class='ocrx_word' id='word_1_152' title='bbox 331 2497 426 2560; x_wconf 88' lang='lat' dir='ltr'>enim</span> <span class='ocrx_word' id='word_1_153' title='bbox 439 2495 572 2576; x_wconf 84' lang='lat' dir='ltr'>passim</span> <span class='ocrx_word' id='word_1_154' title='bbox 586 2511 650 2575; x_wconf 88' lang='lat' dir='ltr'>per</span> <span class='ocrx_word' id='word_1_155' title='bbox 665 2493 787 2558; x_wconf 88' lang='lat' dir='ltr'>urbem</span> <span class='ocrx_word' id='word_1_156' title='bbox 799 2494 954 2578; x_wconf 89' lang='lat' dir='ltr'>Jesuitas</span> <span class='ocrx_word' id='word_1_157' title='bbox 968 2512 1039 2559; x_wconf 90' lang='lat' dir='ltr'>non</span> <span class='ocrx_word' id='word_1_158' title='bbox 1053 2495 1113 2559; x_wconf 90' lang='lat' dir='ltr'>diu</span> <span class='ocrx_word' id='word_1_159' title='bbox 1129 2493 1186 2558; x_wconf 91' lang='lat' dir='ltr'>hic</span> <span class='ocrx_word' id='word_1_160' title='bbox 1206 2511 1302 2558; x_wconf 88' lang='lat' dir='ltr'>man·</span> 
     </span>
     <span class='ocr_line' id='line_1_20' title="bbox 89 2617 193 2666; baseline 0 -4"><span class='ocrx_word' id='word_1_161' title='bbox 89 2617 193 2666; x_wconf 88' lang='lat' dir='ltr'>suros.</span> 
     </span>
    </p>

    <p class='ocr_par' dir='ltr' id='par_1_4' title="bbox 87 2706 1302 3524">
     <span class='ocr_line' id='line_1_21' title="bbox 141 2706 1302 2789; baseline 0.002 -17"><span class='ocrx_word' id='word_1_162' title='bbox 141 2706 319 2789; x_wconf 90' lang='lat' dir='ltr'>Secundo,</span> <span class='ocrx_word' id='word_1_163' title='bbox 336 2710 495 2775; x_wconf 90' lang='lat' dir='ltr'>sisoium</span> <span class='ocrx_word' id='word_1_164' title='bbox 509 2709 661 2784; x_wconf 88' lang='lat' dir='ltr'>maiores</span> <span class='ocrx_word' id='word_1_165' title='bbox 677 2709 922 2787; x_wconf 83' lang='lat' dir='ltr'>admittamus,</span> <span class='ocrx_word' id='word_1_166' title='bbox 942 2710 1141 2775; x_wconf 90' lang='lat' dir='ltr'>uidebimur</span> <span class='ocrx_word' id='word_1_167' title='bbox 1159 2710 1228 2774; x_wconf 91' lang='lat' dir='ltr'>illis</span> <span class='ocrx_word' id='word_1_168' title='bbox 1242 2722 1302 2774; x_wconf 88' lang='lat' dir='ltr'>aut</span> 
     </span>
     <span class='ocr_line' id='line_1_22' title="bbox 90 2814 1300 2897; baseline 0.006 -23"><span class='ocrx_word' id='word_1_169' title='bbox 90 2814 341 2880; x_wconf 89' lang='lat' dir='ltr'>communitatis</span> <span class='ocrx_word' id='word_1_170' title='bbox 355 2824 389 2880; x_wconf 92' lang='lat' dir='ltr'>et</span> <span class='ocrx_word' id='word_1_171' title='bbox 405 2814 630 2897; x_wconf 87' lang='lat' dir='ltr'>Reipublicae</span> <span class='ocrx_word' id='word_1_172' title='bbox 645 2816 738 2880; x_wconf 88' lang='lat' dir='ltr'>bono</span> <span class='ocrx_word' id='word_1_173' title='bbox 760 2824 795 2879; x_wconf 92' lang='lat' dir='ltr'>et</span> <span class='ocrx_word' id='word_1_174' title='bbox 813 2815 955 2880; x_wconf 89' lang='lat' dir='ltr'>utilitati</span> <span class='ocrx_word' id='word_1_175' title='bbox 976 2833 1043 2879; x_wconf 90' lang='lat' dir='ltr'>nos</span> <span class='ocrx_word' id='word_1_176' title='bbox 1057 2833 1128 2881; x_wconf 93' lang='lat' dir='ltr'>non</span> <span class='ocrx_word' id='word_1_177' title='bbox 1147 2817 1300 2891; x_wconf 80' lang='lat' dir='ltr'>uenisse.</span> 
     </span>
     <span class='ocr_line' id='line_1_23' title="bbox 89 2921 1302 3004; baseline 0.004 -21"><span class='ocrx_word' id='word_1_178' title='bbox 89 2921 198 3004; x_wconf 87' lang='lat' dir='ltr'>sicque</span> <span class='ocrx_word' id='word_1_179' title='bbox 220 2922 327 2988; x_wconf 80' lang='lat' dir='ltr'>&#39;facile</span> <span class='ocrx_word' id='word_1_180' title='bbox 347 2939 527 2989; x_wconf 85' lang='lat' dir='ltr'>murmura</span> <span class='ocrx_word' id='word_1_181' title='bbox 546 2931 581 2986; x_wconf 91' lang='lat' dir='ltr'>et</span> <span class='ocrx_word' id='word_1_182' title='bbox 601 2923 765 3003; x_wconf 88' lang='lat' dir='ltr'>querelas</span> <span class='ocrx_word' id='word_1_183' title='bbox 786 2921 1013 2988; x_wconf 88' lang='lat' dir='ltr'>concitabunt</span> <span class='ocrx_word' id='word_1_184' title='bbox 1037 2923 1129 2988; x_wconf 86' lang='lat' dir='ltr'>inter</span> <span class='ocrx_word' id='word_1_185' title='bbox 1154 2939 1210 2989; x_wconf 90' lang='lat' dir='ltr'>se:</span> <span class='ocrx_word' id='word_1_186' title='bbox 1236 2941 1302 2990; x_wconf 91' lang='lat' dir='ltr'>nec</span> 
     </span>
     <span class='ocr_line' id='line_1_24' title="bbox 89 3027 1302 3111; baseline 0.006 -22"><span class='ocrx_word' id='word_1_187' title='bbox 89 3027 263 3094; x_wconf 87' lang='lat' dir='ltr'>admittent</span> <span class='ocrx_word' id='word_1_188' title='bbox 291 3027 384 3111; x_wconf 88' lang='lat' dir='ltr'>quod</span> <span class='ocrx_word' id='word_1_189' title='bbox 411 3029 569 3110; x_wconf 79' lang='lat' dir='ltr'>linguam</span> <span class='ocrx_word' id='word_1_190' title='bbox 594 3029 795 3094; x_wconf 79' lang='lat' dir='ltr'>Boemrcam</span> <span class='ocrx_word' id='word_1_191' title='bbox 820 3029 1042 3110; x_wconf 80' lang='lat' dir='ltr'>ignoremus3</span> <span class='ocrx_word' id='word_1_192' title='bbox 1068 3047 1151 3095; x_wconf 90' lang='lat' dir='ltr'>nam</span> <span class='ocrx_word' id='word_1_193' title='bbox 1176 3041 1211 3096; x_wconf 92' lang='lat' dir='ltr'>et</span> <span class='ocrx_word' id='word_1_194' title='bbox 1235 3048 1302 3096; x_wconf 90' lang='lat' dir='ltr'>nos</span> 
     </span>
     <span class='ocr_line' id='line_1_25' title="bbox 88 3133 1302 3219; baseline 0.007 -23"><span class='ocrx_word' id='word_1_195' title='bbox 88 3133 174 3202; x_wconf 85' lang='lat' dir='ltr'>illam</span> <span class='ocrx_word' id='word_1_196' title='bbox 188 3137 280 3202; x_wconf 87' lang='lat' dir='ltr'>scire</span> <span class='ocrx_word' id='word_1_197' title='bbox 294 3145 599 3219; x_wconf 88' lang='lat' dir='ltr'>praesupponunt,</span> <span class='ocrx_word' id='word_1_198' title='bbox 617 3146 653 3200; x_wconf 92' lang='lat' dir='ltr'>et</span> <span class='ocrx_word' id='word_1_199' title='bbox 665 3137 924 3218; x_wconf 86' lang='lat' dir='ltr'>germanicam,</span> <span class='ocrx_word' id='word_1_200' title='bbox 941 3146 975 3201; x_wconf 90' lang='lat' dir='ltr'>et</span> <span class='ocrx_word' id='word_1_201' title='bbox 989 3137 1085 3202; x_wconf 92' lang='lat' dir='ltr'>illam</span> <span class='ocrx_word' id='word_1_202' title='bbox 1100 3137 1228 3205; x_wconf 89' lang='lat' dir='ltr'>debere</span> <span class='ocrx_word' id='word_1_203' title='bbox 1242 3140 1302 3204; x_wconf 88' lang='lat' dir='ltr'>ha-</span> 
     </span>
     <span class='ocr_line' id='line_1_26' title="bbox 88 3239 1302 3325; baseline 0.006 -21"><span class='ocrx_word' id='word_1_204' title='bbox 88 3239 161 3306; x_wconf 89' lang='lat' dir='ltr'>bere</span> <span class='ocrx_word' id='word_1_205' title='bbox 178 3251 349 3324; x_wconf 92' lang='lat' dir='ltr'>tanquam</span> <span class='ocrx_word' id='word_1_206' title='bbox 372 3243 486 3325; x_wconf 89' lang='lat' dir='ltr'>primo</span> <span class='ocrx_word' id='word_1_207' title='bbox 510 3259 634 3308; x_wconf 88' lang='lat' dir='ltr'>ueram</span> <span class='ocrx_word' id='word_1_208' title='bbox 656 3253 859 3324; x_wconf 89' lang='lat' dir='ltr'>certamque</span> <span class='ocrx_word' id='word_1_209' title='bbox 878 3244 1129 3309; x_wconf 89' lang='lat' dir='ltr'>conditionem.</span> <span class='ocrx_word' id='word_1_210' title='bbox 1152 3245 1191 3310; x_wconf 91' lang='lat' dir='ltr'>In</span> <span class='ocrx_word' id='word_1_211' title='bbox 1211 3261 1302 3310; x_wconf 91' lang='lat' dir='ltr'>sum·</span> 
     </span>
     <span class='ocr_line' id='line_1_27' title="bbox 87 3349 1301 3432; baseline 0.002 -19"><span class='ocrx_word' id='word_1_212' title='bbox 87 3361 152 3426; x_wconf 88' lang='lat' dir='ltr'>rna,</span> <span class='ocrx_word' id='word_1_213' title='bbox 174 3366 246 3416; x_wconf 92' lang='lat' dir='ltr'>non</span> <span class='ocrx_word' id='word_1_214' title='bbox 259 3350 355 3432; x_wconf 83' lang='lat' dir='ltr'>grati</span> <span class='ocrx_word' id='word_1_215' title='bbox 369 3350 517 3429; x_wconf 87' lang='lat' dir='ltr'>erimus,</span> <span class='ocrx_word' id='word_1_216' title='bbox 539 3349 608 3413; x_wconf 87' lang='lat' dir='ltr'>nisi</span> <span class='ocrx_word' id='word_1_217' title='bbox 622 3361 657 3414; x_wconf 92' lang='lat' dir='ltr'>et</span> <span class='ocrx_word' id='word_1_218' title='bbox 672 3349 850 3428; x_wconf 89' lang='lat' dir='ltr'>minimos,</span> <span class='ocrx_word' id='word_1_219' title='bbox 868 3349 1037 3416; x_wconf 89' lang='lat' dir='ltr'>donatum</span> <span class='ocrx_word' id='word_1_220' title='bbox 1052 3352 1261 3416; x_wconf 90' lang='lat' dir='ltr'>inchoantes</span> <span class='ocrx_word' id='word_1_221' title='bbox 1278 3351 1301 3432; x_wconf 81' lang='lat'>⁸,</span> 
     </span>
     <span class='ocr_line' id='line_1_28' title="bbox 87 3455 344 3524; baseline 0.016 -7"><span class='ocrx_word' id='word_1_222' title='bbox 87 3455 306 3524; x_wconf 86' lang='lat' dir='ltr'>admittamus</span> <span class='ocrx_word' id='word_1_223' title='bbox 321 3456 344 3521; x_wconf 77' lang='lat'>⁸.</span> 
     </span>
    </p>

    <p class='ocr_par' dir='ltr' id='par_1_5' title="bbox 87 3563 1303 3754">
     <span class='ocr_line' id='line_1_29' title="bbox 138 3563 1303 3649; baseline 0 -18"><span class='ocrx_word' id='word_1_224' title='bbox 138 3563 363 3649; x_wconf 87' lang='lat' dir='ltr'>Quapropter</span> <span class='ocrx_word' id='word_1_225' title='bbox 382 3566 573 3632; x_wconf 89' lang='lat' dir='ltr'>lectoribus</span> <span class='ocrx_word' id='word_1_226' title='bbox 594 3566 754 3648; x_wconf 89' lang='lat' dir='ltr'>pluribus</span> <span class='ocrx_word' id='word_1_227' title='bbox 774 3565 1088 3647; x_wconf 83' lang='lat' dir='ltr'>grammaticarum</span> <span class='ocrx_word' id='word_1_228' title='bbox 1103 3566 1303 3648; x_wconf 89' lang='lat' dir='ltr'>disciplina·</span> 
     </span>
     <span class='ocr_line' id='line_1_30' title="bbox 87 3673 1303 3754; baseline 0.006 -23"><span class='ocrx_word' id='word_1_229' title='bbox 87 3685 157 3736; x_wconf 86' lang='lat' dir='ltr'>rum</span> <span class='ocrx_word' id='word_1_230' title='bbox 169 3689 259 3754; x_wconf 88' lang='lat' dir='ltr'>opus</span> <span class='ocrx_word' id='word_1_231' title='bbox 273 3683 328 3738; x_wconf 88' lang='lat' dir='ltr'>est</span> <span class='ocrx_word' id='word_1_232' title='bbox 348 3673 466 3754; x_wconf 91' lang='lat' dir='ltr'>nobis,</span> <span class='ocrx_word' id='word_1_233' title='bbox 488 3673 790 3754; x_wconf 85' lang='lat' dir='ltr'>quandoquidem,</span> <span class='ocrx_word' id='word_1_234' title='bbox 810 3682 950 3753; x_wconf 89' lang='lat' dir='ltr'>praeter</span> <span class='ocrx_word' id='word_1_235' title='bbox 970 3673 1165 3738; x_wconf 83' lang='lat' dir='ltr'>rethoricos</span> <span class='ocrx_word' id='word_1_236' title='bbox 1186 3682 1221 3738; x_wconf 92' lang='lat' dir='ltr'>et</span> <span class='ocrx_word' id='word_1_237' title='bbox 1242 3674 1303 3739; x_wconf 91' lang='lat' dir='ltr'>hu·</span> 
     </span>
    </p>
   </div>
   <div class='ocr_carea' id='block_1_3' title="bbox 83 3965 1305 4837">
    <p class='ocr_par' dir='ltr' id='par_1_6' title="bbox 84 3965 1305 4262">
     <span class='ocr_line' id='line_1_31' title="bbox 119 3965 1304 4044; baseline -0.001 -10"><span class='ocrx_word' id='word_1_238' title='bbox 119 3985 126 4016; x_wconf 73' lang='lat'>⁸</span> <span class='ocrx_word' id='word_1_239' title='bbox 153 3965 229 4034; x_wconf 70' lang='lat' dir='ltr'>liant</span> <span class='ocrx_word' id='word_1_240' title='bbox 238 3990 305 4034; x_wconf 88' lang='lat' dir='ltr'>aatia</span> <span class='ocrx_word' id='word_1_241' title='bbox 315 3989 379 4034; x_wconf 86' lang='lat' dir='ltr'>haec</span> <span class='ocrx_word' id='word_1_242' title='bbox 390 3999 533 4044; x_wconf 62' lang='lat' dir='ltr'>confluere</span> <span class='ocrx_word' id='word_1_243' title='bbox 544 3988 667 4033; x_wconf 79' lang='lat' dir='ltr'>ridentur</span> <span class='ocrx_word' id='word_1_244' title='bbox 681 3998 738 4034; x_wconf 86' lang='lat' dir='ltr'>cum</span> <span class='ocrx_word' id='word_1_245' title='bbox 750 3987 789 4044; x_wconf 89' lang='lat' dir='ltr'>iia,</span> <span class='ocrx_word' id='word_1_246' title='bbox 804 3989 908 4044; x_wconf 83' lang='lat' dir='ltr'>quaein</span> <span class='ocrx_word' id='word_1_247' title='bbox 926 3985 1077 4032; x_wconf 79' lang='lat' dir='ltr'>Istruaione</span> <span class='ocrx_word' id='word_1_248' title='bbox 1090 3994 1141 4043; x_wconf 81' lang='lat' dir='ltr'>per</span> <span class='ocrx_word' id='word_1_249' title='bbox 1156 3989 1176 4032; x_wconf 84' lang='lat' dir='ltr'>r&#39;t</span> <span class='ocrx_word' id='word_1_250' title='bbox 1191 3987 1304 4043; x_wconf 68' lang='lat' dir='ltr'>collegio</span> 
     </span>
     <span class='ocr_line' id='line_1_32' title="bbox 85 4056 1302 4116; baseline 0.003 -14"><span class='ocrx_word' id='word_1_251' title='bbox 85 4056 110 4100; x_wconf 74' lang='lat' dir='ltr'>di</span> <span class='ocrx_word' id='word_1_252' title='bbox 119 4057 205 4116; x_wconf 56' lang='lat' dir='ltr'>&amp;aaa</span> <span class='ocrx_word' id='word_1_253' title='bbox 216 4061 381 4106; x_wconf 81' lang='lat' dir='ltr'>continentur</span> <span class='ocrx_word' id='word_1_254' title='bbox 390 4059 469 4116; x_wconf 82' lang='lat' dir='ltr'>&lt;Vide</span> <span class='ocrx_word' id='word_1_255' title='bbox 479 4058 578 4104; x_wconf 70' lang='lat' dir='ltr'>&amp;rrae</span> <span class='ocrx_word' id='word_1_256' title='bbox 587 4059 621 4104; x_wconf 80' lang='lat' dir='ltr'>de</span> <span class='ocrx_word' id='word_1_257' title='bbox 631 4059 687 4104; x_wconf 78' lang='lat' dir='ltr'>san</span> <span class='ocrx_word' id='word_1_258' title='bbox 697 4058 817 4116; x_wconf 72' lang='lat' dir='ltr'>ignatio,</span> <span class='ocrx_word' id='word_1_259' title='bbox 827 4066 847 4104; x_wconf 89' lang='lat' dir='ltr'>t.</span> <span class='ocrx_word' id='word_1_260' title='bbox 858 4069 894 4114; x_wconf 81' lang='lat' dir='ltr'>vr,</span> <span class='ocrx_word' id='word_1_261' title='bbox 905 4071 966 4116; x_wconf 72' lang='lat' dir='ltr'>pag.</span> <span class='ocrx_word' id='word_1_262' title='bbox 978 4061 1016 4104; x_wconf 79' lang='lat' dir='ltr'>tut</span> <span class='ocrx_word' id='word_1_263' title='bbox 1026 4069 1052 4104; x_wconf 84' lang='lat' dir='ltr'>er</span> <span class='ocrx_word' id='word_1_264' title='bbox 1067 4060 1125 4112; x_wconf 68' lang='lat' dir='ltr'>titi).</span> <span class='ocrx_word' id='word_1_265' title='bbox 1140 4059 1177 4105; x_wconf 85' lang='lat' dir='ltr'>lbi</span> <span class='ocrx_word' id='word_1_266' title='bbox 1188 4061 1256 4106; x_wconf 85' lang='lat' dir='ltr'>enirn</span> <span class='ocrx_word' id='word_1_267' title='bbox 1266 4061 1302 4106; x_wconf 87' lang='lat' dir='ltr'>di·</span> 
     </span>
     <span class='ocr_line' id='line_1_33' title="bbox 84 4129 1305 4188; baseline 0.001 -12"><span class='ocrx_word' id='word_1_268' title='bbox 84 4129 151 4176; x_wconf 74' lang='lat' dir='ltr'>titum</span> <span class='ocrx_word' id='word_1_269' title='bbox 161 4134 368 4180; x_wconf 78' lang='lat' dir='ltr'>&#39;Aceetteranno</span> <span class='ocrx_word' id='word_1_270' title='bbox 376 4134 443 4178; x_wconf 84' lang='lat' dir='ltr'>nelle</span> <span class='ocrx_word' id='word_1_271' title='bbox 453 4133 540 4178; x_wconf 85' lang='lat' dir='ltr'>acuoie</span> <span class='ocrx_word' id='word_1_272' title='bbox 551 4132 612 4187; x_wconf 67' lang='lat' dir='ltr'>oeni</span> <span class='ocrx_word' id='word_1_273' title='bbox 620 4138 691 4177; x_wconf 76' lang='lat' dir='ltr'>sorte</span> <span class='ocrx_word' id='word_1_274' title='bbox 702 4131 727 4176; x_wconf 87' lang='lat' dir='ltr'>di</span> <span class='ocrx_word' id='word_1_275' title='bbox 738 4141 856 4188; x_wconf 84' lang='lat' dir='ltr'>persone,</span> <span class='ocrx_word' id='word_1_276' title='bbox 868 4131 916 4176; x_wconf 82' lang='lat' dir='ltr'>ebe</span> <span class='ocrx_word' id='word_1_277' title='bbox 926 4132 1049 4186; x_wconf 67' lang='lat' dir='ltr'>aotliano</span> <span class='ocrx_word' id='word_1_278' title='bbox 1061 4142 1200 4177; x_wconf 81' lang='lat' dir='ltr'>oaaervare</span> <span class='ocrx_word' id='word_1_279' title='bbox 1210 4133 1237 4177; x_wconf 93' lang='lat' dir='ltr'>la</span> <span class='ocrx_word' id='word_1_280' title='bbox 1251 4143 1305 4178; x_wconf 87' lang='lat' dir='ltr'>nro·</span> 
     </span>
     <span class='ocr_line' id='line_1_34' title="bbox 84 4202 565 4262; baseline 0.01 -18"><span class='ocrx_word' id='word_1_281' title='bbox 84 4202 181 4249; x_wconf 70' lang='lat' dir='ltr'>eattae</span> <span class='ocrx_word' id='word_1_282' title='bbox 192 4205 329 4262; x_wconf 86' lang='lat' dir='ltr'>diaclplina</span> <span class='ocrx_word' id='word_1_283' title='bbox 338 4206 565 4258; x_wconf 79' lang='lat' dir='ltr'>conveniente.....,</span> 
     </span>
    </p>

    <p class='ocr_par' dir='ltr' id='par_1_7' title="bbox 117 4275 969 4332">
     <span class='ocr_line' id='line_1_35' title="bbox 117 4275 969 4332; baseline -0.001 -10"><span class='ocrx_word' id='word_1_284' title='bbox 117 4275 127 4306; x_wconf 86' lang='lat'><strong>¹</strong></span> <span class='ocrx_word' id='word_1_285' title='bbox 152 4275 257 4324; x_wconf 81' lang='lat' dir='ltr'>Scilicet</span> <span class='ocrx_word' id='word_1_286' title='bbox 269 4276 365 4322; x_wconf 84' lang='lat' dir='ltr'>Donati</span> <span class='ocrx_word' id='word_1_287' title='bbox 375 4276 528 4322; x_wconf 76' lang='lat' dir='ltr'>rudimenti·</span> <span class='ocrx_word' id='word_1_288' title='bbox 538 4277 726 4330; x_wconf 68' lang='lat' dir='ltr'>grammaticae</span> <span class='ocrx_word' id='word_1_289' title='bbox 737 4287 844 4332; x_wconf 85' lang='lat' dir='ltr'>operam</span> <span class='ocrx_word' id='word_1_290' title='bbox 854 4278 969 4323; x_wconf 84' lang='lat' dir='ltr'>daturos.</span> 
     </span>
    </p>

    <p class='ocr_par' dir='ltr' id='par_1_8' title="bbox 83 4347 1305 4837">
     <span class='ocr_line' id='line_1_36' title="bbox 118 4347 1305 4406; baseline 0.002 -12"><span class='ocrx_word' id='word_1_291' title='bbox 118 4348 129 4382; x_wconf 71' lang='grc' dir='ltr'>Ι</span> <span class='ocrx_word' id='word_1_292' title='bbox 154 4347 192 4394; x_wconf 85' lang='lat' dir='ltr'>Da</span> <span class='ocrx_word' id='word_1_293' title='bbox 202 4349 327 4396; x_wconf 75' lang='lat' dir='ltr'>minimi-a</span> <span class='ocrx_word' id='word_1_294' title='bbox 337 4349 413 4404; x_wconf 81' lang='lat' dir='ltr'>baec,</span> <span class='ocrx_word' id='word_1_295' title='bbox 422 4349 449 4394; x_wconf 93' lang='lat' dir='ltr'>ln</span> <span class='ocrx_word' id='word_1_296' title='bbox 458 4348 613 4394; x_wconf 77' lang='lat' dir='ltr'>Iatmaioara</span> <span class='ocrx_word' id='word_1_297' title='bbox 627 4359 707 4404; x_wconf 81' lang='lat' dir='ltr'>snpra</span> <span class='ocrx_word' id='word_1_298' title='bbox 722 4357 875 4402; x_wconf 85' lang='lat' dir='ltr'>memorata,</span> <span class='ocrx_word' id='word_1_299' title='bbox 890 4350 1026 4394; x_wconf 76' lang='lat' dir='ltr'>hahentur:</span> <span class='ocrx_word' id='word_1_300' title='bbox 1041 4349 1106 4394; x_wconf 78' lang='lat' dir='ltr'>“Per</span> <span class='ocrx_word' id='word_1_301' title='bbox 1116 4351 1134 4395; x_wconf 88' lang='lat' dir='ltr'>li</span> <span class='ocrx_word' id='word_1_302' title='bbox 1149 4351 1246 4396; x_wconf 83' lang='lat' dir='ltr'>minimi</span> <span class='ocrx_word' id='word_1_303' title='bbox 1257 4363 1305 4406; x_wconf 86' lang='lat' dir='ltr'>per</span> 
     </span>
     <span class='ocr_line' id='line_1_37' title="bbox 86 4419 1304 4478; baseline 0.004 -16"><span class='ocrx_word' id='word_1_304' title='bbox 86 4419 168 4466; x_wconf 83' lang='lat' dir='ltr'>adaaao</span> <span class='ocrx_word' id='word_1_305' title='bbox 177 4433 227 4468; x_wconf 87' lang='lat' dir='ltr'>non</span> <span class='ocrx_word' id='word_1_306' title='bbox 236 4433 301 4478; x_wconf 80' lang='lat' dir='ltr'>pare</span> <span class='ocrx_word' id='word_1_307' title='bbox 310 4421 359 4466; x_wconf 85' lang='lat' dir='ltr'>che</span> <span class='ocrx_word' id='word_1_308' title='bbox 369 4421 391 4468; x_wconf 87' lang='lat' dir='ltr'>ai</span> <span class='ocrx_word' id='word_1_309' title='bbox 399 4421 476 4466; x_wconf 87' lang='lat' dir='ltr'>diano</span> <span class='ocrx_word' id='word_1_310' title='bbox 485 4421 603 4476; x_wconf 76' lang='lat' dir='ltr'>mentri,</span> <span class='ocrx_word' id='word_1_311' title='bbox 613 4423 644 4466; x_wconf 72' lang='lat' dir='ltr'>ne</span> <span class='ocrx_word' id='word_1_312' title='bbox 655 4422 747 4476; x_wconf 84' lang='lat' dir='ltr'>claaae,</span> <span class='ocrx_word' id='word_1_313' title='bbox 757 4429 834 4477; x_wconf 86' lang='lat' dir='ltr'>parte</span> <span class='ocrx_word' id='word_1_314' title='bbox 844 4433 950 4478; x_wconf 80' lang='lat' dir='ltr'>pernen</span> <span class='ocrx_word' id='word_1_315' title='bbox 960 4424 1060 4468; x_wconf 83' lang='lat' dir='ltr'>eaaervl</span> <span class='ocrx_word' id='word_1_316' title='bbox 1074 4423 1115 4466; x_wconf 86' lang='lat' dir='ltr'>chi</span> <span class='ocrx_word' id='word_1_317' title='bbox 1126 4423 1243 4478; x_wconf 78' lang='lat' dir='ltr'>attende,</span> <span class='ocrx_word' id='word_1_318' title='bbox 1253 4434 1304 4467; x_wconf 92' lang='lat' dir='ltr'>non</span> 
     </span>
     <span class='ocr_line' id='line_1_38' title="bbox 83 4491 1303 4550; baseline 0.003 -16"><span class='ocrx_word' id='word_1_319' title='bbox 83 4493 173 4539; x_wconf 78' lang='lat' dir='ltr'>arendo</span> <span class='ocrx_word' id='word_1_320' title='bbox 187 4495 215 4540; x_wconf 85' lang='lat' dir='ltr'>la</span> <span class='ocrx_word' id='word_1_321' title='bbox 228 4493 320 4548; x_wconf 72' lang='lat' dir='ltr'>unm</span> <span class='ocrx_word' id='word_1_322' title='bbox 334 4491 472 4546; x_wconf 81' lang='lat' dir='ltr'>boemica,;</span> <span class='ocrx_word' id='word_1_323' title='bbox 487 4503 579 4538; x_wconf 82' lang='lat' dir='ltr'>vetum</span> <span class='ocrx_word' id='word_1_324' title='bbox 590 4491 617 4536; x_wconf 87' lang='lat' dir='ltr'>hl</span> <span class='ocrx_word' id='word_1_325' title='bbox 627 4493 660 4537; x_wconf 82' lang='lat' dir='ltr'>ad</span> <span class='ocrx_word' id='word_1_326' title='bbox 670 4501 773 4550; x_wconf 83' lang='lat' dir='ltr'>ternpus</span> <span class='ocrx_word' id='word_1_327' title='bbox 783 4499 886 4539; x_wconf 86' lang='lat' dir='ltr'>tantum</span> <span class='ocrx_word' id='word_1_328' title='bbox 900 4495 1104 4539; x_wconf 83' lang='lat' dir='ltr'>excludebantur</span> <span class='ocrx_word' id='word_1_329' title='bbox 1114 4499 1141 4538; x_wconf 88' lang='lat' dir='ltr'>et</span> <span class='ocrx_word' id='word_1_330' title='bbox 1156 4495 1205 4539; x_wconf 90' lang='lat' dir='ltr'>hac</span> <span class='ocrx_word' id='word_1_331' title='bbox 1219 4496 1303 4538; x_wconf 82' lang='lat' dir='ltr'>exclu-</span> 
     </span>
     <span class='ocr_line' id='line_1_39' title="bbox 83 4563 1302 4623; baseline 0.002 -14"><span class='ocrx_word' id='word_1_332' title='bbox 83 4563 145 4609; x_wconf 74' lang='lat' dir='ltr'>alone</span> <span class='ocrx_word' id='word_1_333' title='bbox 154 4568 311 4623; x_wconf 82' lang='lat' dir='ltr'>aperabatnr</span> <span class='ocrx_word' id='word_1_334' title='bbox 321 4565 376 4609; x_wconf 83' lang='lat' dir='ltr'>iore</span> <span class='ocrx_word' id='word_1_335' title='bbox 386 4571 415 4609; x_wconf 86' lang='lat' dir='ltr'>ut</span> <span class='ocrx_word' id='word_1_336' title='bbox 424 4574 515 4609; x_wconf 79' lang='lat' dir='ltr'>eorum</span> <span class='ocrx_word' id='word_1_337' title='bbox 524 4565 652 4621; x_wconf 82' lang='lat' dir='ltr'>eupiditaa</span> <span class='ocrx_word' id='word_1_338' title='bbox 662 4566 783 4612; x_wconf 83' lang='lat' dir='ltr'>veniendi</span> <span class='ocrx_word' id='word_1_339' title='bbox 793 4567 826 4610; x_wconf 86' lang='lat' dir='ltr'>ad</span> <span class='ocrx_word' id='word_1_340' title='bbox 833 4567 937 4612; x_wconf 85' lang='lat' dir='ltr'>acholas</span> <span class='ocrx_word' id='word_1_341' title='bbox 948 4567 1219 4621; x_wconf 66' lang='lat' dir='ltr'>augeretarnequttnr</span> <span class='ocrx_word' id='word_1_342' title='bbox 1227 4568 1302 4612; x_wconf 86' lang='lat' dir='ltr'>enlm:</span> 
     </span>
     <span class='ocr_line' id='line_1_40' title="bbox 83 4634 1304 4694; baseline 0.002 -13"><span class='ocrx_word' id='word_1_343' title='bbox 83 4634 161 4690; x_wconf 71' lang='lat' dir='ltr'>&#39;pane</span> <span class='ocrx_word' id='word_1_344' title='bbox 170 4639 267 4694; x_wconf 80' lang='lat' dir='ltr'>perche</span> <span class='ocrx_word' id='word_1_345' title='bbox 277 4637 296 4682; x_wconf 89' lang='lat' dir='ltr'>ii</span> <span class='ocrx_word' id='word_1_346' title='bbox 306 4635 423 4691; x_wconf 69' lang='lat' dir='ltr'>collegio</span> <span class='ocrx_word' id='word_1_347' title='bbox 432 4636 545 4692; x_wconf 85' lang='lat' dir='ltr'>acquiatl</span> <span class='ocrx_word' id='word_1_348' title='bbox 554 4638 689 4692; x_wconf 74' lang='lat' dir='ltr'>mautore</span> <span class='ocrx_word' id='word_1_349' title='bbox 700 4637 844 4692; x_wconf 77' lang='lat' dir='ltr'>autharith,</span> <span class='ocrx_word' id='word_1_350' title='bbox 854 4645 930 4693; x_wconf 86' lang='lat' dir='ltr'>parte</span> <span class='ocrx_word' id='word_1_351' title='bbox 941 4639 1035 4693; x_wconf 84' lang='lat' dir='ltr'>perche</span> <span class='ocrx_word' id='word_1_352' title='bbox 1046 4639 1086 4683; x_wconf 80' lang='lat' dir='ltr'>sla</span> <span class='ocrx_word' id='word_1_353' title='bbox 1096 4639 1139 4693; x_wconf 84' lang='lat' dir='ltr'>plu</span> <span class='ocrx_word' id='word_1_354' title='bbox 1154 4639 1304 4684; x_wconf 80' lang='lat' dir='ltr'>desiderata</span> 
     </span>
     <span class='ocr_line' id='line_1_41' title="bbox 84 4705 1305 4764; baseline 0.005 -14"><span class='ocrx_word' id='word_1_355' title='bbox 84 4705 105 4750; x_wconf 82' lang='lat' dir='ltr'>la</span> <span class='ocrx_word' id='word_1_356' title='bbox 113 4711 195 4756; x_wconf 78' lang='lat' dir='ltr'>arnoia</span> <span class='ocrx_word' id='word_1_357' title='bbox 205 4721 219 4755; x_wconf 79' lang='lat' dir='ltr'>c</span> <span class='ocrx_word' id='word_1_358' title='bbox 229 4711 247 4755; x_wconf 91' lang='lat' dir='ltr'>l&#39;</span> <span class='ocrx_word' id='word_1_359' title='bbox 258 4707 397 4755; x_wconf 79' lang='lat' dir='ltr'>iattnaione</span> <span class='ocrx_word' id='word_1_360' title='bbox 407 4707 450 4752; x_wconf 82' lang='lat' dir='ltr'>dei</span> <span class='ocrx_word' id='word_1_361' title='bbox 459 4709 551 4764; x_wconf 69' lang='lat' dir='ltr'>parti..</span> <span class='ocrx_word' id='word_1_362' title='bbox 562 4708 647 4763; x_wconf 83' lang='lat' dir='ltr'>Quare</span> <span class='ocrx_word' id='word_1_363' title='bbox 657 4715 779 4764; x_wconf 80' lang='lat' dir='ltr'>putamur</span> <span class='ocrx_word' id='word_1_364' title='bbox 788 4721 838 4754; x_wconf 89' lang='lat' dir='ltr'>non</span> <span class='ocrx_word' id='word_1_365' title='bbox 845 4709 911 4754; x_wconf 82' lang='lat' dir='ltr'>aratia</span> <span class='ocrx_word' id='word_1_366' title='bbox 921 4709 1084 4756; x_wconf 81' lang='lat' dir='ltr'>Goisaoninna</span> <span class='ocrx_word' id='word_1_367' title='bbox 1093 4715 1205 4756; x_wconf 82' lang='lat' dir='ltr'>ruentem</span> <span class='ocrx_word' id='word_1_368' title='bbox 1216 4718 1242 4755; x_wconf 85' lang='lat' dir='ltr'>et</span> <span class='ocrx_word' id='word_1_369' title='bbox 1250 4721 1305 4756; x_wconf 87' lang='lat' dir='ltr'>aco·</span> 
     </span>
     <span class='ocr_line' id='line_1_42' title="bbox 84 4779 991 4837; baseline 0.001 -11"><span class='ocrx_word' id='word_1_370' title='bbox 84 4789 137 4834; x_wconf 77' lang='lat' dir='ltr'>pum</span> <span class='ocrx_word' id='word_1_371' title='bbox 146 4783 214 4828; x_wconf 79' lang='lat' dir='ltr'>illlaa</span> <span class='ocrx_word' id='word_1_372' title='bbox 223 4783 417 4828; x_wconf 72' lang='lat' dir='ltr'>instructionis</span> <span class='ocrx_word' id='word_1_373' title='bbox 427 4791 583 4836; x_wconf 64' lang='lat' dir='ltr'>mutum,</span> <span class='ocrx_word' id='word_1_374' title='bbox 594 4782 654 4826; x_wconf 82' lang='lat' dir='ltr'>dum</span> <span class='ocrx_word' id='word_1_375' title='bbox 664 4783 729 4827; x_wconf 85' lang='lat' dir='ltr'>haee</span> <span class='ocrx_word' id='word_1_376' title='bbox 740 4779 841 4837; x_wconf 71' lang='lat' dir='ltr'>ignatio</span> <span class='ocrx_word' id='word_1_377' title='bbox 850 4783 991 4828; x_wconf 77' lang='lat' dir='ltr'>rcribebat.</span> 
     </span>
    </p>
   </div>
   <div class='ocr_carea' id='block_1_4' title="bbox 0 0 1710 5528">
    <p class='ocr_par' dir='ltr' id='par_1_9' title="bbox 0 0 1710 5528">
     <span class='ocr_line' id='line_1_43' title="bbox 0 0 1710 5528; baseline 0 2"><span class='ocrx_word' id='word_1_378' title='bbox 0 0 1710 5528; x_wconf 95' lang='lat' dir='ltr'> </span> 
     </span>
    </p>
   </div>
  </div>
 </body>
</html>
