3590 5542
406 577 442 635 Qu
795 578 963 636 erruuau
983 593 1253 646 Quartnrttssrttas

407 739 579 800 uxorum,
599 722 762 802 prolium
784 740 826 786 ac
852 724 1062 787 ancillarum
1090 723 1321 804 frequentiori
1342 739 1503 800 numero,
1530 738 1630 801 quae,

407 838 550 908 praeter
572 828 793 909 frequentem
819 830 1090 909 confessionem,
1118 827 1311 893 maioribus
1324 827 1577 893 festiuitatibus
1592 845 1632 888 ac

405 935 450 1000 D.
466 933 611 1015 Virgini
625 936 739 1000 sacris
754 937 1017 1000 communicare
1031 947 1242 1015 coeperunt;
1255 936 1325 1000 imo
1339 953 1406 999 nec
1423 936 1494 998 vlla
1506 935 1634 996 transit

404 1043 594 1122 dominica,
611 1044 647 1106 in
661 1061 731 1123 qua
745 1061 817 1107 non
832 1045 972 1124 aliquae
986 1044 1064 1122 (etsi
1079 1041 1227 1122 paucae)
1244 1044 1290 1106 ad
1307 1041 1542 1106 sacratissimi
1559 1056 1634 1104 cor·

405 1150 503 1230 poris
527 1149 694 1213 dominici
719 1150 820 1213 omni
838 1167 920 1213 cum
939 1149 1128 1214 deuotione
1153 1168 1312 1214 mensam
1334 1149 1519 1225 accedant3
1544 1147 1633 1210 viro·

406 1274 484 1319 rum
509 1267 628 1320 autem
651 1258 782 1320 raritas
807 1266 859 1320 est
884 1269 1047 1336 magna,·
1071 1257 1233 1338 quamuis
1258 1257 1351 1320 enim
1376 1257 1426 1337 pii
1447 1254 1635 1332 deuotique

404 1353 613 1442 habeantur,
629 1375 668 1426 vt
682 1363 743 1444 qui
762 1364 870 1427 etiam
881 1363 1008 1442 proles
1023 1375 1057 1426 et
1076 1380 1208 1427 vxores
1228 1364 1274 1426 ad
1296 1362 1365 1426 hoc
1388 1362 1634 1434 adhortantur,

404 1469 471 1548 ipsi
485 1469 713 1533 nihilominus
728 1482 874 1550 propter
897 1471 1189 1534 consuetudinem
1210 1471 1428 1533 contrariam
1453 1485 1516 1532 eas
1537 1466 1635 1546 sequi

404 1586 583 1640 verentur.
598 1577 638 1640 In
652 1583 772 1640 tamen
784 1577 874 1641 festo
887 1578 954 1641 isto
968 1576 1174 1641 Natiuitatis
1185 1575 1340 1654 Domini,
1354 1577 1460 1639 etiam
1473 1575 1634 1638 virorum

405 1684 505 1746 multi
525 1685 677 1747 confessi
702 1695 796 1764 sunt,
814 1685 863 1748 ita
885 1685 981 1764 quod
998 1695 1138 1765 praeter
1153 1701 1209 1747 me
1225 1685 1300 1765 ipse
1314 1700 1455 1765 quoque
1468 1681 1638 1744 Decanus

403 1807 484 1853 cum
507 1791 587 1853 aliis
608 1792 799 1870 nonnullis,
827 1793 962 1871 aliquot
983 1791 1059 1853 dies
1084 1791 1343 1854 confessionem
1366 1790 1490 1852 audire
1511 1788 1636 1852 debue-

402 1905 496 1975 runt,
512 1898 604 1960 sicut
618 1898 761 1960 solitum
775 1909 828 1961 est
843 1897 919 1961 fieri
934 1896 1076 1961 infesto
1091 1899 1284 1978 paschatis;
1306 1908 1427 1961 tantus
1441 1896 1508 1958 fuit
1525 1893 1635 1958 eonfi-

403 2004 552 2067 tentium
567 2020 748 2067 numerus:
764 2005 1114 2068 communicauerunt
1134 2004 1210 2084 ipso
1234 2004 1290 2067 die
1310 2002 1516 2066 Natiuitatis
1535 2001 1636 2064 circi·

404 2122 458 2174 ter
472 2112 566 2173 mille
577 2120 610 2174 et
623 2110 778 2188 ducenti3
793 2127 919 2190 parum
935 2111 1076 2190 quidem
1091 2111 1240 2173 Louanii
1256 2108 1276 2186 ¹,
1294 2111 1355 2172 sed
1371 2111 1407 2172 in
1423 2110 1492 2172 hac
1507 2113 1637 2170 nostra

404 2221 479 2279 tam
495 2224 617 2295 parua
644 2216 911 2295 communitate,
931 2217 1087 2296 adeoque
1102 2233 1123 2279 a
1137 2217 1385 2279 communione
1403 2215 1638 2293 frequentiori

402 2321 573 2398 alienata,
589 2325 668 2402 quis
682 2341 753 2386 non
768 2327 916 2386 multum
931 2323 1074 2386 dixerit?
1092 2324 1186 2387 Inter
1198 2323 1298 2398 alioS,
1320 2339 1392 2385 non
1408 2323 1484 2384 sine
1501 2337 1637 2400 magna

403 2427 648 2492 aedificatione
663 2431 772 2492 totius
786 2430 952 2506 ciuitatis
970 2427 1125 2492 confessi
1135 2441 1217 2492 sunt
1232 2443 1267 2492 et
1279 2429 1638 2492 communicauerunt

404 2552 528 2597 omnes
555 2537 691 2597 nobiles
719 2536 822 2598 aulae
848 2535 1032 2614 utriusque
1061 2553 1184 2610 sexus,
1213 2547 1247 2597 et
1280 2538 1450 2615 primates
1479 2535 1639 2597 ciuitatis

404 2659 537 2714 omnes
558 2641 735 2705 videlicet:
762 2642 873 2704 ΙΙΙΜ8
896 2641 992 2704 ΠΜ
1011 2643 1138 2707 Comes
1160 2643 1478 2716 HoechstratanuS,
1506 2641 1640 2703 Comes

406 2765 546 2828 quoque
575 2761 695 2810 noster
720 2747 1031 2828 Culenborgensis,
1058 2749 1301 2828 superioribus
1322 2750 1421 2813 hisce
1443 2748 1572 2810 diebus
1593 2745 1641 2809 ad

537 2853 758 2934 'susceptus,
775 2853 857 2916 Dat
875 2854 1064 2918 Comitissa
1087 2855 1372 2918 Hoechstratana
1388 2872 1471 2917 cum
1484 2854 1636 2934 reliquis

404 2962 506 3024 aulae
522 2978 633 3039 vsque
648 2962 693 3024 ad
708 2961 749 3023 40
763 2970 823 3025 aut
834 2961 875 3024 50
887 2979 1061 3042 personas
1075 2961 1259 3042 Vtriusque
1280 2979 1388 3024 sexus
1410 2964 1462 3037 (vt
1476 2961 1568 3024 mihi
1585 2977 1640 3022 re·

402 3067 570 3144 tulerunt)
592 3069 713 3146 aulae,
739 3069 874 3132 scilicet
897 3069 1099 3149 superiores
1126 3085 1247 3131 omnes
1273 3069 1445 3146 ciuitatis,
1479 3085 1637 3148 quorum

401 3174 586 3254 praecipui
601 3174 686 3237 mihi
701 3174 854 3238 confessi
868 3187 962 3254 sunt,
979 3177 1166 3255 pluresque
1177 3174 1338 3254 fuissent,
1359 3175 1477 3238 sinon
1499 3183 1603 3238 totus
1618 3193 1640 3236 a

401 3283 532 3360 populo
548 3281 693 3343 obrutus
707 3281 862 3344 fuissem.
880 3281 1000 3360 Aliqui
1014 3282 1106 3343 hanc
1129 3282 1175 3342 ob
1189 3298 1335 3344 eausam
1351 3298 1464 3361 vsque
1482 3281 1518 3343 in
1534 3281 1634 3344 diem

402 3385 438 3449 S.
452 3384 622 3466 Stephani
636 3396 882 3466 expectarunt3
898 3403 1022 3450 verum
1037 3387 1142 3450 aulici
1156 3388 1215 3450 isti
1226 3399 1301 3452 tarn
1311 3387 1381 3451 viri
1397 3404 1505 3467 quam
1519 3387 1641 3449 dami—

401 3490 523 3570 cellae,
542 3504 688 3573 propter
703 3504 852 3556 mortem
874 3491 984 3554 Ill.mae
1009 3491 1106 3554 Dae
1124 3503 1267 3557 nostrae
1287 3494 1512 3572 comitissae,
1541 3511 1640 3573 quae

401 3599 556 3678 amplam
571 3598 663 3662 hanc
678 3601 796 3661 aulam
811 3598 868 3659 hic
883 3597 1038 3674 fouebat,
1061 3600 1105 3662 ad
1125 3599 1286 3662 diuersas
1306 3601 1411 3662 huius
1425 3599 1579 3680 patriae
1591 3601 1641 3662 ci-

400 3705 530 3767 uitates
555 3706 824 3784 separabuntur.
852 3701 956 3764 Vnde
978 3721 1161 3781 speramus
1183 3707 1314 3768 bonum
1338 3706 1396 3769 hic
1418 3717 1640 3786 conceptum

401 3809 545 3873 odorem
571 3809 656 3872 altis
675 3825 813 3888 quoque
830 3809 868 3868 in
885 3806 975 3869 locis
988 3807 1158 3885 fructum
1172 3809 1211 3870 in
1234 3810 1388 3874 Domino
1415 3811 1638 3877 allaturum.

404 3916 459 3978 Ad
484 3915 572 3979 haec
596 3932 736 3995 quoque
764 3913 850 3976 facit
876 3915 993 3975 cultus
1015 3912 1237 3978 Venerabilis
1259 3916 1498 3992 Sacramenti,
1526 3936 1641 3998 quem

401 4021 634 4099 incoepimus,
655 4031 693 4082 vt
707 4037 805 4082 more
821 4017 1091 4095 louaniensium,
1113 4021 1262 4098 singulis
1282 4024 1471 4088 dominicis
1490 4025 1636 4102 diebus,

399 4128 437 4190 in
459 4143 563 4189 vsum
591 4124 928 4190 communicantium
953 4125 1153 4202 expositum
1178 4139 1340 4192 servetur
1365 4146 1473 4208 super
1498 4133 1634 4206 altare,

402 4233 529 4296 debilis
544 4231 786 4308 luminaribus,
803 4241 837 4292 et
849 4231 1013 4310 pretiosis
1027 4235 1243 4295 ornamentis
1255 4235 1291 4297 in
1304 4252 1475 4315 magnum
1485 4240 1641 4317 applau-

407 4415 472 4422 ,-..
483 4413 527 4418 ---

443 4511 450 4539 ¹
481 4507 591 4552 Scilicet.
600 4513 700 4559 parum
712 4504 820 4556 quidem
831 4503 958 4546 fracesset
970 4505 1118 4546 intitulare
1131 4505 1251 4551 Lovomt'.

440 4580 451 4610 ¹
479 4579 642 4620 Vocabulum
659 4575 786 4628 quoddam
802 4581 841 4615 est
852 4575 902 4616 bic.
918 4574 983 4627 quod
1000 4575 1085 4627 legere
1103 4587 1152 4618 non
1169 4579 1293 4622 tutemus.
1305 4579 1351 4625 Est
1367 4591 1456 4627 atatem
1471 4587 1559 4630 simile
1578 4589 1643 4632 huic

402 4652 562 4694 Dmmmum
584 4659 641 4690 cum
660 4645 866 4688 abbreviationis
880 4655 924 4686 sen
939 4645 1124 4688 contractionis
1143 4649 1340 4704 signonsnpra
1359 4656 1472 4707 primum
1492 4668 1519 4698 m
1540 4659 1643 4711 pomo·

400 4723 475 4778 qnasi
486 4723 600 4764 scribere
618 4717 743 4762 voluisset
763 4715 863 4759 Hezeos
873 4713 935 4766 cm,
950 4717 1016 4770 quod
1033 4725 1100 4760 esset
1121 4717 1208 4761 Deum
1223 4730 1268 4764 aut
1281 4722 1438 4780 Dominum,
1456 4737 1491 4780 et,
1511 4730 1600 4783 prior}
1614 4743 1642 4774 m

401 4807 451 4838 non
461 4795 608 4842 immutato,
616 4789 771 4832 vocabulum
782 4785 927 4829 Dorttiuum
939 4787 1098 4840 perfecisset.
