3382 5528
628 501 692 560 Au.
713 501 783 560 1556
1264 503 1318 560 417

94 649 176 712 rium
190 664 380 711 numerum
392 646 565 712 excedere
579 656 730 726 constat,
743 658 778 710 et
793 664 835 710 eo
846 647 954 710 etiam
965 646 1126 727 amplius:
1143 663 1238 726 nam,
1251 649 1318 712 etsi

96 754 306 836 aprincipio
327 754 546 819 fundationis
569 754 675 818 huius
697 753 888 834 gymnasii,
911 754 1320 818 eorummultitudinem

97 873 212 925 nostra
228 861 353 925 domus
368 862 429 926 uix
443 870 564 942 posset
579 877 719 942 capere;
736 877 861 924 uerum
875 860 945 938 ubi,
961 861 1175 940 procedente
1186 869 1317 943 tempo·

98 966 399 1046 re,·consessionis
422 977 548 1048 coepta
572 976 626 1031 est
644 967 720 1032 fieri
742 968 885 1048 mentio,
911 967 1067 1031 maxima
1090 984 1213 1032 eorum
1233 985 1321 1048 pars

98 1076 236 1139 uerbum
250 1074 374 1138 durius
394 1091 500 1154 quam
515 1093 580 1156 par
602 1085 678 1139 erat
695 1075 843 1156 accepit,
861 1074 964 1138 acad
983 1075 1153 1155 pristinos
1172 1074 1318 1140 ludima-

97 1181 222 1258 gistros
236 1198 383 1245 reuersa
398 1190 463 1261 est,
480 1182 546 1245 sub
561 1181 688 1262 quibus
703 1181 844 1260 linguae
863 1182 994 1245 latinae
1013 1182 1172 1245 fecerant
1188 1183 1315 1262 tyroci-

98 1289 197 1352 nium.
221 1286 310 1352 Sunt
331 1287 461 1351 etenim
483 1288 636 1368 plurimi,
659 1289 720 1370 qui
740 1304 854 1351 annos
875 1288 1048 1369 pueritiae
1072 1280 1319 1370 excesserunt,

96 1395 247 1459 indomiti
262 1413 349 1459 sane
364 1396 469 1476 etqui
484 1395 615 1459 nemini
630 1395 787 1459 submitti
799 1412 836 1458 se
851 1395 1043 1474 patiantur:
1060 1404 1160 1459 estet
1176 1396 1270 1460 aliud
1281 1397 1318 1460 in

91 1519 210 1579 causa,
226 1502 322 1582 quod
333 1519 413 1566 curn
424 1503 582 1584 plerique
597 1503 668 1566 sint
682 1501 821 1566 oriundi
832 1519 877 1565 ex
891 1501 1134 1566 adiacentibus
1148 1502 1231 1567 huic
1241 1504 1321 1568 vrbi

97 1609 192 1689 pagis
206 1626 270 1672 seu
281 1609 385 1687 uillis,
403 1626 618 1672 cumeorum
633 1609 840 1688 parentibus
851 1609 1049 1672 institutum
1061 1620 1222 1674 nostrum
1236 1628 1321 1675 non-

99 1715 173 1779 dum
193 1716 398 1794 innotuerit,
420 1716 551 1794 liberis,
572 1733 662 1797 quos
682 1717 819 1780 libitum
841 1716 959 1794 suerit,
981 1717 1171 1796 magistros
1190 1717 1323 1798 eligere

98 1806 309 1901 permittunt:
329 1823 385 1886 his
404 1822 541 1887 accedit
562 1823 658 1902 quod
677 1823 744 1886 sibi
763 1823 895 1886 habent
914 1838 1121 1903 persuasum
1145 1824 1322 1888 neminem

99 1946 194 2008 posse
213 1930 492 2010 grammaticum
505 1929 671 2007 euadere,
688 1929 755 1992 nisi
770 1929 803 1992 ei
818 1929 941 1993 decem
961 1940 1021 1994 aut
1041 1930 1205 1994 undecim
1219 1931 1323 1995 simul

99 2039 343 2117 praelegantur
364 2037 455 2116 libri;
471 2036 663 2116 quodcum
683 2035 789 2099 nimis
809 2037 855 2099 sit
875 2036 1044 2100 absonum
1062 2055 1083 2099 a
1098 2037 1243 2100 scholae
1263 2056 1321 2102 no·

98 2155 186 2207 strae
202 2143 375 2218 instituto,
393 2143 536 2206 minime
551 2142 621 2206 huc
636 2143 760 2205 venire
777 2144 909 2206 uolunt:
926 2159 1049 2206 uerum
1065 2144 1158 2222 quod
1176 2144 1322 2208 maximi
1339 2191 1347 2209 ,

98 2247 166 2314 fieri
176 2250 279 2313 debet
294 2258 359 2328 est,
376 2265 500 2313 omnes
514 2266 603 2328 pene
618 2249 790 2312 nobilium
804 2247 905 2326 filios,
922 2250 982 2328 qui
998 2249 1109 2312 literis
1124 2249 1321 2332 indulgent,

98 2355 129 2418 in
139 2366 298 2420 nostram
310 2373 389 2418 sese
400 2355 611 2420 erudiendos
623 2354 785 2418 conferre
796 2355 951 2435 domum;
965 2356 1191 2421 nihilominus
1203 2367 1322 2422 tamen

100 2472 129 2523 et
142 2464 290 2526 aliorum
305 2462 342 2526 in
356 2462 517 2542 singulos
531 2461 606 2525 dies
626 2461 799 2525 accrescit
819 2479 999 2537 numerus,
1017 2472 1051 2525 et
1071 2463 1227 2528 futurum
1246 2481 1322 2546 spe-

100 2587 212 2634 ramus
236 2570 354 2649 magis
375 2587 417 2632 ac
440 2570 555 2648 magis
577 2568 794 2647 augendum,
822 2569 881 2631 ubi
902 2580 1105 2633 nostrorum
1130 2570 1319 2650 profectus

99 2684 165 2740 tam
178 2677 215 2740 in
228 2677 342 2740 literis
352 2693 460 2756 quam
471 2677 508 2738 in
523 2676 691 2748 moribus
705 2676 854 2754 intelligi
866 2676 1034 2754 coeperit:
1047 2693 1200 2755 graecae
1213 2678 1321 2742 etiam

99 2783 346 2859 grammatices
371 2785 513 2864 incepta
539 2792 620 2845 sunt
645 2782 739 2846 tradi
761 2782 971 2861 rudimenta,
1000 2784 1126 2864 inqua
1151 2784 1323 2849 facultate

101 2891 318 2955 mediocriter
338 2888 538 2970 proficiunt:
558 2890 640 2952 licet
659 2889 703 2951 ob
723 2889 790 2952 hoc
814 2891 820 2920 ¹
844 2890 1039 2953 rhetorices
1058 2891 1229 2955 exercitia
1252 2910 1323 2955 non

100 2997 163 3060 sint
184 2997 400 3061 intermissa.

151 3103 206 3167 Ex
220 3103 354 3168 nostris
369 3114 488 3166 autem
502 3103 726 3166 scholasticis
742 3102 811 3166 duo
834 3103 940 3182 (quod
955 3104 1057 3166 uobis
1072 3102 1138 3167 suit
1160 3105 1323 3184 gratissi·

99 3213 200 3285 mum)
216 3211 394 3274 cucullam
413 3225 595 3288 accepere:
617 3210 706 3271 alter
726 3209 1030 3288 hieronimianam,
1052 3211 1142 3274 alter
1161 3227 1247 3273 uero
1264 3228 1322 3274 au·

99 3317 345 3394 gustinianain;
361 3316 482 3379 itidem
497 3326 531 3378 et
546 3315 606 3378 alii
621 3315 689 3378 duo
705 3316 742 3378 in
757 3316 881 3380 eodem
894 3327 974 3378 sunt
990 3316 1186 3396 proposito.
1203 3315 1322 3380 Omni·

99 3432 217 3500 potens
240 3423 310 3487 Dei
334 3423 476 3486 bonitas
503 3423 554 3485 eis
579 3423 750 3502 nobisque
775 3439 917 3486 manum
944 3422 1209 3486 misericordiae
1237 3441 1323 3488 suae

99 3531 269 3610 porrigat,
292 3529 528 3609 gratiamque,
548 3545 617 3608 qua
640 3526 797 3592 diuinam
816 3530 1034 3592 uoluntatem
1055 3546 1155 3592 suam
1177 3530 1322 3610 implere

100 3638 281 3714 possimus,
298 3637 400 3700 nobis
415 3637 602 3716 largiatur.
619 3635 721 3714 Quod
732 3645 770 3698 ut
786 3636 928 3715 assequi
942 3637 1136 3712 ualeamus,
1154 3636 1194 3698 T.
1212 3636 1250 3700 P.
1262 3638 1323 3701 hu·

100 3743 222 3808 militer
241 3743 475 3825 deprecamur
490 3759 556 3822 pro
572 3741 699 3822 pusillo
715 3741 784 3805 hoc
798 3757 920 3821 grege,
938 3752 976 3804 ut
990 3739 1087 3806 Patri
1103 3745 1324 3823 complaceat

99 3847 262 3930 Aeterno,
279 3850 504 3930 interpellare
519 3848 677 3912 diuinam
692 3848 972 3912 misericordiam
987 3867 1031 3912 ue
1047 3866 1176 3928 cesseS,
1193 3867 1263 3930 quo
1278 3850 1325 3914 ad

99 3955 257 4022 dextram
272 3957 349 4020 siue
363 3955 544 4020 sinistram
564 3972 635 4018 non
655 3955 884 4032 declinanteS,
905 3956 1066 4019 brauium
1087 3957 1190 4020 huius
1211 3968 1325 4020 certa-

95 4063 198 4126 minis
212 4064 390 4144 possimus
404 4063 623 4142 contingere.

154 4169 292 4250 BurgiS,
309 4180 411 4233 sexto
428 4170 506 4234 idus
517 4169 685 4250 Augusti.

253 4277 306 4340 De
322 4277 492 4340 mandato
503 4276 541 4340 P.
558 4276 732 4356 RectoriS,
752 4278 884 4341 inutilis
899 4295 1035 4354 seruuS,

918 4439 983 4504 Fa.
1004 4441 1157 4504 Touuiss

105 4585 308 4598 ⁶·—n-——a

137 4659 145 4688 ¹
170 4660 234 4704 licet
250 4661 344 4706 abhoc.
359 4661 400 4707 Itu
410 4662 493 4716 primo
503 4661 629 4716 scriptun
646 4669 712 4716 erat,
724 4673 815 4707 verum
831 4663 993 4707 emendatum
1008 4671 1057 4718 est,
1072 4675 1118 4708 nec
1135 4663 1200 4710 satis
1217 4645 1327 4721 apparet

8 4712 14 4789 f
97 4730 153 4782 qnid
165 4732 269 4776 tandem
279 4734 416 4788 legendnm
426 4735 470 4788 alt,
481 4733 545 4778 licet
555 4735 585 4778 ob
596 4733 672 4782 haec.
681 4735 724 4778 vel
736 4734 777 4778 Ad
787 4734 859 4779 llaec.

203 4817 247 4878 T.
263 4837 302 4880 lv.
1152 4841 1186 4897 27
