3472 5528
749 514 919 575 erruaau
939 532 1211 586 ouaouruesraus

421 1654 599 1722 (Antonius
614 1655 683 1728 dei?
697 1657 814 1718 Rueda

453 1751 547 1812 Patri
568 1753 694 1828 ignatio
715 1756 755 1814 de
775 1755 913 1832 Loyola.

488 1849 703 1926 Salmantica,
717 1853 753 1912 30
768 1854 893 1928 Aprilis
910 1855 978 1913 1556
992 1855 1010 1908 ¹.

423 2491 499 2555 R.de
519 2495 554 2557 in
569 2492 632 2556 X.⁰
649 2493 764 2558 Pater.

426 2599 552 2663 Gratia
567 2610 601 2664 et
615 2620 687 2681 pax
702 2601 844 2665 Christi.

424 2704 652 2772 Obedientiae
672 2726 806 2772 morem
826 2725 970 2789 gerens,
991 2709 1108 2772 Visam
1128 2710 1380 2773 paternitatem
1400 2711 1592 2774 certiorem

363 2814 507 2878 reddam
524 2815 567 2878 de
584 2814 640 2878 his
650 2817 826 2894 omnibus,
843 2833 933 2898 quae
948 2817 1004 2879 his
1018 2826 1170 2896 quatuor
1186 2817 1365 2882 mensibus
1381 2827 1460 2880 acta
1476 2817 1589 2896 suere,

363 2939 512 3002 quorum
528 2903 635 2987 multa
652 2923 740 2985 adeo
758 2924 958 3003 praeteritis
973 2924 1100 2986 similia
1116 2941 1193 2987 esse
1209 2935 1393 3004 apparent,
1411 2935 1449 2987 vt
1462 2925 1536 2988 iere
1553 2926 1591 2988 in

363 3029 454 3099 idern
469 3029 669 3094 coincidere
687 3031 883 3093 videantur.
901 3029 973 3093 Nos
988 3031 1116 3094 etenim
1132 3047 1254 3093 omnes
1267 3032 1478 3110 vigesimum
1494 3043 1592 3095 octa-

364 3154 445 3199 uum
461 3154 643 3200 numerum
657 3139 848 3216 explemus
862 3155 988 3199 nouem
1001 3135 1164 3198 videlicet
1177 3148 1307 3216 patreS,
1321 3147 1354 3200 et
1368 3138 1593 3218 undeuiginti

363 3245 503 3308 iratres.
520 3244 642 3324 Vsque
663 3245 778 3307 adhuc
801 3242 879 3322 (Dei
899 3245 996 3321 nutu)
1012 3245 1237 3306 mediocriter
1253 3245 1440 3320 valuimus
1466 3247 1514 3308 ita
1536 3259 1591 3324 vt,

362 3352 458 3414 nullo
474 3353 660 3430 ingruente
677 3352 811 3428 morbo,
830 3368 849 3413 a
866 3351 978 3414 solitis
993 3351 1172 3414 exercitiis
1191 3335 1386 3432 praepediti
1406 3352 1593 3418 fuerimus:

363 3458 492 3521 fratres
508 3474 594 3520 vero
610 3459 680 3520 iam
698 3460 835 3520 alacres
852 3457 1181 3520 mortificationibus
1200 3467 1234 3521 et
1254 3461 1458 3537 regularum
1473 3460 1593 3525 obser·

363 3565 504 3628 uatione
520 3565 643 3643 induti,
661 3565 763 3645 quasi
778 3566 985 3644 quibusdam
1001 3565 1133 3628 aculeis
1148 3566 1193 3628 ad
1206 3565 1346 3628 virtutis
1359 3569 1493 3629 calcem
1506 3569 1595 3648 (sic)

302 3679 307 3688 '
363 3673 548 3752 peruenire
571 3683 780 3752 properant:
801 3673 984 3735 literarum
1009 3671 1297 3735 exercitationem
1323 3675 1490 3737 continuo
1514 3674 1594 3739 fieri

364 3789 527 3842 curatum
541 3788 605 3856 est,
623 3796 665 3842 ac
681 3780 788 3842 etiam
801 3779 1045 3842 conclusiones
1058 3781 1206 3842 istarum
1220 3779 1425 3844 facultatum
1438 3782 1593 3860 singulis

363 3886 556 3966 quibusque
573 3885 759 3948 dominicis
773 3886 895 3948 diebus
910 3886 1051 3948 habitae
1071 3895 1170 3964 sunt,
1192 3887 1486 3966 quadragesimae
1501 3899 1591 3954 tent-

363 4011 448 4073 pore
469 3992 622 4072 dempt0,
644 4011 734 4073 quae
759 3992 841 4070 (sic)
866 4001 1003 4055 tantum
1029 3993 1193 4072 priuatim
1219 3991 1334 4056 factae
1360 4004 1451 4072 sunt,
1475 3997 1593 4074 patris

332 4128 334 4132 ·
364 4099 547 4164 cuiusdam
566 4101 700 4180 gratia,
722 4099 779 4180 qui
805 4098 928 4162 diebus
954 4099 1139 4162 dominicis
1164 4100 1346 4163 doctrinae
1370 4101 1594 4166 christianae

364 4219 439 4270 erat
466 4208 575 4270 verba
601 4206 772 4284 facturus;
799 4205 833 4269 id
853 4216 971 4269 autem
996 4207 1109 4285 primo
1135 4207 1169 4268 in
1193 4208 1342 4270 ecclesia
1369 4218 1501 4284 nostra,
1526 4211 1594 4273 sed

363 4324 462 4378 tanta
488 4315 605 4396 populi
626 4314 811 4378 multitudo
833 4311 1013 4392 confluxit,
1038 4323 1076 4375 vt
1098 4325 1221 4393 postea
1242 4313 1381 4377 demum
1403 4332 1596 4380 necessum

363 4423 468 4486 luerit
485 4423 568 4486 alibi
583 4422 760 4502 prosequi,
777 4421 836 4484 vbi
852 4437 989 4500 semper
1004 4438 1155 4500 magnus
1169 4422 1349 4486 hominum
1370 4433 1493 4486 coetus
1508 4441 1595 4487 con·

363 4530 470 4608 uenit,
488 4529 544 4592 cui
559 4529 749 4592 vehemens
769 4527 969 4591 intercessit
989 4527 1144 4606 affectio,
1167 4529 1248 4592 licet
1273 4531 1379 4593 etiam
1401 4531 1477 4610 ipsa
1499 4531 1594 4595 hora

404 4772 411 4804 ¹
441 4771 631 4826 Autographae
642 4770 736 4824 duplici
748 4769 815 4824 lolio,
826 4770 908 4824 primo
919 4781 942 4813 n.
953 4769 1002 4823 ³67,
1013 4771 1097 4813 altero
1108 4781 1156 4813 non
1168 4777 1309 4814 numerato.
