3368 5528
368 543 424 609 572
753 545 926 609 errxxas
944 545 1216 617 onaoxruasrnss

377 699 380 706 '
429 701 535 762 Pater
544 705 666 761 noster
679 695 809 762 Rector
820 697 874 762 bis
889 697 924 762 in
938 695 1159 763 bebdomada
1174 701 1239 762 aut
1249 693 1395 777 saeptas
1409 692 1574 760 conciona-

371 809 428 867 tur
443 804 494 882 (ut
513 802 557 868 de
582 803 825 885 frequentibus
850 803 1165 883 exhortationibus,
1192 821 1281 886 quas
1303 801 1398 884 apud
1422 801 1578 877 mulieres,

371 926 461 992 quas
480 928 675 976 conuersas
692 915 802 992 uulgo
821 923 967 992 uocant,
987 913 1111 990 habet,
1137 911 1278 977 interim
1303 910 1453 988 taceam)
1473 909 1582 974 diebus

370 1017 555 1082 dominicis
575 1027 609 1082 et
629 1017 740 1098 lestis,
761 1037 899 1084 necnon
919 1019 1044 1084 diebus
1062 1019 1216 1098 veneris,
1232 1019 1334 1084 cuius
1349 1017 1510 1082 doctrina
1522 1033 1583 1080 non

370 1124 476 1206 pauci
487 1124 533 1190 ad
546 1125 677 1190 bonam
696 1143 734 1190 se
754 1127 930 1209 recipiunt
951 1127 1100 1206 frugem.
1124 1127 1216 1192 Nam
1235 1121 1586 1208 praeterquamquod

370 1232 594 1297 scholasticis
608 1233 797 1314 plurimum
812 1235 968 1316 prodest,
985 1235 1015 1299 si
1037 1235 1121 1318 quid
1136 1235 1172 1299 in
1187 1233 1336 1298 lectione
1356 1231 1500 1297 veneris
1516 1230 1589 1296 dici·

370 1347 438 1421 tur,
455 1340 548 1422 quod
563 1341 678 1421 magis
693 1341 740 1406 ad
753 1358 943 1422 puerorum
965 1351 1132 1424 parentes
1153 1342 1302 1406 attinere
1322 1339 1497 1419 videatur,
1519 1339 1590 1403 hor·

371 1457 468 1513 tatur
481 1465 543 1512 eos
559 1459 597 1514 ut
617 1449 711 1514 idem
736 1451 897 1531 patribus
917 1450 1104 1530 inculcent;
1129 1450 1248 1533 itaque
1269 1448 1329 1513 filii
1354 1457 1498 1530 patrum
1515 1447 1591 1512 fiunt

371 1556 654 1636 concionatores,
671 1557 765 1640 quod
779 1563 813 1621 et
825 1557 1018 1623 maximum
1030 1559 1150 1638 affert
1161 1560 1449 1635 emolumentum,
1466 1562 1588 1619 etsunr·

371 1681 450 1729 mae
465 1673 518 1729 est
533 1664 695 1729 omnibus
710 1663 947 1730 admirationi.
964 1665 1053 1730 Sunt
1068 1675 1103 1730 et
1117 1667 1177 1730 alii
1192 1667 1300 1730 etiam
1315 1665 1385 1730 duo
1400 1681 1446 1728 ex
1457 1662 1588 1734 nostris,

371 1772 431 1853 qui
445 1772 515 1836 alio
531 1771 567 1836 in
582 1775 724 1854 templo,
741 1773 895 1838 maxima
908 1790 986 1838 curn
1007 1773 1208 1838 auditorum
1225 1772 1387 1850 utilitate,
1410 1767 1531 1836 diebus
1546 1768 1588 1832 iti·

372 1880 452 1943 dem
467 1879 656 1944 dominicis
671 1897 713 1944 ac
729 1881 840 1960 l'estis,
856 1883 1003 1944 verbum
1018 1881 1320 1962 Da‘proponunt.

432 1985 470 2049 P.
485 1987 640 2069 Jacobus
654 1987 806 2068 primum
827 2005 969 2053 sacrum
994 1989 1186 2052 celebrauit
1212 1987 1351 2069 publice
1376 1986 1413 2050 in
1434 1984 1585 2056 ecclesia,

371 2111 462 2176 quae
474 2111 544 2158 non
553 2095 658 2174 longe
670 2111 691 2158 a
703 2096 854 2176 collegio
863 2105 985 2159 nostro
997 2096 1108 2170 abest;
1119 2095 1236 2176 ibique
1247 2093 1353 2158 Pater
1362 2091 1504 2170 Rector,
1518 2105 1586 2155 cum

372 2199 541 2266 offerendi
556 2211 694 2282 tempus
714 2203 935 2282 accessisset,
958 2202 1191 2267 concionatus
1210 2212 1276 2280 est,
1293 2201 1466 2266 extollens
1486 2213 1586 2263 sacer·

372 2297 692 2388 dotri‘dignitatcm,
709 2319 912 2392 quantaque
927 2319 1020 2374 esset
1035 2310 1234 2376 reuerentia
1250 2309 1447 2373 colendum.
1464 2305 1586 2372 Deinde

372 2415 565 2497 discipulus
589 2416 733 2497 quidam
758 2417 795 2482 P.
822 2417 947 2501 Jacobi
972 2417 1095 2483 habuit
1117 2419 1315 2483 orationem
1344 2417 1501 2481 eiusdem
1525 2415 1586 2478 lere

372 2524 580 2603 sententiae,
596 2541 718 2590 coram
733 2509 907 2607 frequenti
922 2526 1155 2606 multitudine,
1172 2541 1263 2606 quae
1278 2525 1327 2589 ibi
1342 2525 1478 2590 aderat.
1495 2521 1586 2586 Mira·

372 2630 501 2695 bantur
516 2632 675 2714 plerique
689 2649 796 2713 quam
811 2634 856 2697 ob
870 2649 1017 2697 causam
1032 2633 1165 2698 nullam
1185 2642 1389 2714 pateremur
1408 2629 1523 2696 offerri
1537 2645 1586 2708 pe·

372 2739 513 2803 cuniam
528 2739 583 2819 (ut
598 2746 737 2820 semper
751 2739 904 2820 lricfiert'
915 2739 1040 2819 solet),·
1055 2741 1118 2804 sed
1132 2741 1277 2805 tandem
1288 2739 1326 2803 td
1343 2739 1504 2804 omnibus
1516 2751 1573 2818 pro
1641 2795 1643 2806 Α

373 2847 535 2925 babetur,
551 2852 586 2909 et
601 2847 820 2928 experientia
836 2847 912 2928 ipsa
929 2857 1173 2927 cognouerunt
1192 2842 1264 2911 nos
1280 2863 1352 2912 non
1372 2863 1436 2910 sua
1455 2845 1515 2909 sed
1534 2856 1587 2906 eos

376 2963 515 3018 tantum
534 2971 720 3035 quaerere.
1443 3003 1446 3010 .
1529 2969 1533 2976 ·

432 3060 548 3125 Credo
564 3061 636 3125 iam
661 3061 913 3126 Paternitatem
935 3062 1048 3127 Tuam
1063 3063 1144 3128 aliis
1158 3063 1245 3126 meis
1270 3062 1384 3126 literis
1405 3059 1586 3141 accepisse,
1674 3077 1675 3106 t

373 3169 579 3232 chartarum
593 3167 676 3233 ludo
694 3168 840 3235 huiusce
863 3169 1017 3234 ciuitatis
1039 3170 1200 3234 homines
1219 3185 1443 3250 summopere
1463 3165 1589 3231 deditos

373 3289 463 3352 esse;
477 3275 834 3358 consuetudinemque
849 3275 941 3340 hanc
956 3277 1148 3358 pessimam
1162 3277 1198 3340 in
1214 3278 1364 3341 alteram
1377 3275 1486 3340 veluti
1500 3279 1588 3338 natu

374 3399 451 3446 ram
467 3399 544 3446 esse
559 3398 782 3462 conuersam;
798 3400 916 3465 quum,
932 3383 1014 3448 licet
1030 3384 1187 3464 expellas
1205 3384 1319 3461 furca,
1341 3391 1381 3446 ut
1400 3381 1457 3446 ille
1472 3380 1530 3459 ait,
1545 3387 1591 3440 ta·

373 3505 454 3554 men
468 3505 579 3570 usqne
593 3489 756 3568 recurrit;
773 3506 862 3572 quae
877 3491 974 3554 labes
990 3499 1160 3573 quantum
1177 3490 1302 3555 afferat
1317 3488 1525 3567 detrimenti,
1541 3485 1591 3550 uel

374 3595 457 3660 hinc
472 3596 626 3662 maxime
641 3597 789 3674 intelligi
804 3605 931 3678 potest,
948 3597 1115 3678 quoniam
1129 3596 1327 3662 tenuissimi
1345 3589 1473 3679 quique
1492 3603 1590 3675 atquc

373 3704 602 3785 pauperrimi,
619 3703 677 3784 qui
692 3720 754 3784 per
769 3712 881 3768 totam
901 3703 1159 3768 hebdomadam
1178 3703 1358 3768 laboribus
1374 3702 1590 3783 franguntur,

373 3827 443 3892 quo
462 3811 598 3891 possint
612 3811 744 3874 victum
760 3811 826 3874 sibi
841 3827 1063 3892 comparare,
1080 3821 1180 3875 tanta
1196 3819 1360 3876 tenentur
1376 3809 1516 3875 ludendi
1534 3823 1592 3871 cu·
1673 3847 1674 3862 η

373 3917 534 4000 piditate,
550 3927 588 3981 ut
602 3917 724 3982 diebus
739 3918 851 3992 iestis,
873 3918 1039 4000 quicquid
1062 3919 1217 3982 maximo
1239 3935 1321 3983 cunt
1339 3917 1461 3982 labore
1483 3911 1592 3996 acqui·
1673 3909 1674 3976 l

375 4025 521 4106 sierunt,
537 4023 732 4105 dilapident
747 4034 852 4107 atque
869 4023 1098 4105 profundant.
1114 4025 1206 4090 Huic
1232 4026 1323 4090 adeo
1339 4025 1535 4106 pernicioso
1552 4034 1593 4083 ac

374 4133 573 4197 inueterato
588 4132 711 4196 morbo
726 4131 857 4196 fratres
874 4133 987 4196 nostri
1006 4133 1190 4212 cupientes
1209 4133 1366 4215 aliquam
1382 4131 1593 4196 curationem

374 4239 513 4320 afferre,
530 4255 670 4304 omnem
686 4238 793 4321 (quod
810 4239 918 4317 aiunt)
943 4248 1129 4304 mouerunt
1151 4239 1317 4320 lapidem,
1343 4255 1412 4304 nec
1431 4237 1596 4304 desistunt

376 4347 504 4426 adhuc;
531 4346 700 4428 quinimo,
728 4345 903 4410 desiderio
928 4346 1051 4409 salutis
1077 4345 1276 4411 animarum
1302 4347 1456 4412 maiores
1476 4342 1596 4409 indies

375 4455 471 4518 vires
490 4453 630 4534 spiritui
654 4451 912 4534 suppeditante,
929 4455 1105 4519 cursitant
1124 4469 1188 4533 per
1210 4453 1307 4518 urbis
1322 4454 1414 4532 loca,
1435 4451 1595 4530 oblitique

374 4560 602 4640 suiipsorum
617 4559 765 4623 libenter
780 4567 885 4638 atque
901 4574 1013 4638 aequo
1028 4559 1147 4624 animo
1158 4557 1276 4624 lerunt
1291 4559 1489 4639 maledicta,
1509 4569 1594 4638 quae

375 4667 411 4732 in
436 4667 533 4748 ipsos
551 4666 596 4730 ab
625 4665 795 4746 improbis
814 4665 1062 4731 coniiciuntur.
1088 4665 1250 4748 Denique
1269 4685 1340 4750 quo
1355 4667 1525 4733 difficilior
1543 4669 1594 4726 est

375 4775 464 4840 haec
480 4771 679 4857 provincia,
694 4786 801 4852 quum
816 4771 977 4852 subeunt,
994 4789 1036 4836 eo
1051 4773 1234 4839 uberiores
1253 4773 1391 4840 fructus
1410 4773 1592 4854 decerpun-
