3472 5528
159 1598 360 1660 Eleutherios
374 1597 545 1662 Fontanus

190 1695 277 1757 Patri
288 1695 418 1772 ignatio
432 1697 473 1758 de
487 1697 626 1774 Loyola.

223 1793 357 1868 Bibona,
371 1796 408 1856 20
421 1795 500 1872 mall
516 1796 585 1858 1556
599 1799 618 1855 ¹.

696 2010 718 2082 †
747 2043 754 2062 .

165 2219 235 2284 Pax
248 2218 392 2285 Domini
407 2221 519 2286 nostri
533 2219 617 2304 Jesu
634 2219 781 2302 Christi,
798 2231 865 2288 etc.

163 2325 345 2394 Rationem
359 2328 519 2410 proxime
533 2329 646 2409 elapsi
660 2329 927 2412 quadrimestris
947 2331 1023 2410 tibi,
1040 2329 1260 2395 obseruande
1282 2329 1319 2392 in

112 2434 240 2500 Christo
264 2435 383 2512 Pater,
410 2435 622 2517 redditurus
648 2455 720 2502 non
745 2437 848 2502 uideo
867 2435 960 2502 unde
979 2436 1200 2502 commodius
1222 2453 1322 2500 exor-

111 2541 198 2608 dium
218 2561 371 2624 sumam,
393 2560 499 2626 quam
519 2561 540 2608 a
561 2543 657 2608 sacili
682 2553 715 2609 et
740 2545 921 2611 succincta
947 2545 1082 2610 itineris
1107 2545 1221 2609 nostri
1242 2561 1320 2607 nar·

112 2651 247 2740 ratione.

162 2757 277 2840 Itaque
288 2759 403 2842 primo
415 2777 458 2824 ac
469 2759 761 2840 quinquagesimo
776 2760 832 2824 die
845 2767 1033 2842 postquam
1045 2757 1159 2824 Roma
1171 2759 1323 2842 proiecti

111 2883 233 2944 sumus,
249 2865 462 2946 Messanam,
479 2864 620 2931 Siciliae
639 2867 876 2949 metropolim,
897 2868 982 2932 laeti
1002 2877 1107 2950 atque
1128 2868 1323 2932 incolumes

113 2974 335 3054 peruenimus,
353 2971 478 3038 itinere
492 2976 601 3055 longo
615 2974 758 3039 omnino
774 2993 817 3038 ac
831 2973 973 3044 difficili.
990 2973 1099 3039 Cuius
1119 2991 1186 3056 ego
1201 2975 1232 3040 si
1247 2993 1324 3040 suc·

112 3098 223 3145 cessus
237 3098 360 3146 omnes
373 3081 538 3162 persequi
553 3081 670 3162 uelim,
686 3090 842 3146 nontam
853 3083 1038 3163 epistolam
1050 3082 1205 3147 scribere
1217 3099 1324 3162 quam

111 3187 284 3253 historiam
300 3187 446 3252 uidebor
461 3197 662 3253 contexere.
684 3187 837 3254 Tantum
857 3189 975 3253 scribo
995 3197 1176 3271 nunquam
1196 3207 1253 3254 me
1267 3207 1324 3254 ne·

112 3313 171 3377 que
185 3295 380 3376 longiorem
393 3311 508 3376 neque
521 3295 790 3360 laboriosiorem
809 3297 1131 3377 peregrinationem
1151 3297 1323 3378 suscepis-

111 3421 153 3482 se,
169 3413 334 3468 ettamen
349 3403 483 3467 nullam
496 3420 652 3484 unquam
670 3403 784 3468 uisam
804 3403 890 3467 mihi
904 3405 1090 3483 leuiorem,
1113 3413 1153 3468 vt
1174 3405 1324 3469 mirarer

112 3511 332 3592 ipsemecum
351 3509 445 3573 unde
460 3508 505 3574 ad
525 3509 754 3590 perferendas
774 3511 865 3574 coeli
884 3511 1062 3593 marisque
1081 3511 1228 3575 iniurias
1248 3519 1324 3575 tan·

111 3627 179 3681 tum
193 3618 307 3682 subito
327 3616 466 3682 roboris
486 3617 604 3681 animo
627 3617 847 3682 accessisset.
865 3616 956 3682 Nam
972 3627 1010 3682 ut
1025 3626 1163 3683 taceam
1178 3625 1325 3682 exactas

112 3735 165 3789 aut
178 3741 283 3807 super
297 3723 428 3788 tabulis
442 3724 587 3788 nauium
602 3733 662 3789 aut
678 3725 775 3789 humi
789 3724 924 3789 subdio
937 3734 1058 3790 noctes
1073 3725 1255 3806 plurimas,
1272 3740 1324 3788 re·

113 3832 266 3914 pentinas
284 3833 322 3897 in
340 3849 408 3897 nos
429 3831 472 3896 de
491 3833 591 3897 coelo
612 3832 776 3898 imbrium
795 3832 1005 3912 effusiones,
1027 3849 1196 3897 nauseam
1218 3843 1325 3915 atque

112 3949 274 4006 sexcenta
292 3939 364 4005 alia
380 3939 618 4020 nauigationis
636 3941 876 4020 incommoda,
893 3942 953 4006 illa
974 3940 1081 4004 etiarn
1101 3940 1177 4022 ipsa
1194 3941 1326 4005 saeuis·

111 4047 412 4130 simatempestas,
429 4063 618 4129 quaecum
636 4048 721 4112 naui
742 4064 812 4112 una
831 4064 921 4128 pene
941 4064 1063 4112 omnes
1082 4055 1187 4114 nocte
1207 4047 1326 4111 absor-

110 4155 190 4235 buit,
205 4171 274 4219 non
289 4156 406 4220 solum
420 4155 578 4220 animum
593 4171 710 4219 meum
725 4153 812 4219 nihil
830 4154 995 4236 perculit,
1013 4171 1138 4222 uerum
1152 4155 1259 4218 etiam
1280 4155 1326 4219 ad

111 4262 259 4342 pericula
273 4278 338 4344 pro
354 4260 497 4327 Christo
517 4279 562 4326 ex
582 4259 811 4342 Superiorum
833 4279 992 4327 meorum
1014 4262 1226 4327 authoritate
1248 4261 1327 4326 sub·

111 4369 220 4436 eunde
236 4369 445 4435 alacriorem
460 4366 623 4433 reddidit.
640 4367 755 4448 Quam
775 4384 842 4448 ego
858 4368 894 4432 in
909 4368 1087 4432 laboribus
1103 4384 1145 4431 ac
1161 4367 1326 4449 periculis

109 4477 160 4542 his
180 4475 417 4542 constantiam
439 4476 481 4555 (si
507 4475 613 4540 modo
639 4489 712 4540 tam
736 4475 866 4539 leuium
889 4491 1008 4540 rerum
1033 4474 1215 4557 perpessio
1237 4474 1326 4539 adeo

147 4753 155 4786 ¹
183 4753 369 4810 Antogrnphae
380 4752 475 4809 duplici
485 4751 554 4802 tollo.
563 4763 604 4797 nn.
617 4750 656 4796 170
665 4758 691 4796 et
703 4751 868 4797 l7l.-l’auca
880 4751 905 4794 ln
914 4750 953 4795 bis
961 4750 1108 4797 immutavit
1118 4751 1253 4806 Polnncur,
1262 4762 1328 4808 qnae

112 4835 153 4868 noo
162 4823 194 4868 nd
203 4823 314 4880 paginae
324 4825 424 4869 calcem
435 4823 614 4869 indicabimus.
