3382 5528
221 1079 434 1126 Praecedemum
444 1079 552 1135 ,loannls
562 1079 666 1125 Antonii
679 1079 802 1135 leeranl
815 1080 963 1125 llttonrum
971 1079 1081 1125 latlnum
1091 1078 1236 1134 exemplum
1246 1073 1267 1122 Ι.

734 1289 756 1364 †

193 1529 268 1596 Pax
282 1531 339 1595 X.¹

193 1637 272 1703 Hoc
287 1638 364 1716 suit,
380 1637 457 1703 R.‘¹e
468 1637 584 1718 Pater,
601 1638 703 1702 nobis
717 1638 913 1703 iniunctum
927 1637 1046 1702 oneris
1061 1655 1082 1700 a
1097 1635 1175 1700 R.‘¹⁰
1198 1634 1237 1699 Ρ.
1257 1619 1361 1714 lgna:

132 1746 195 1824 tio,
213 1746 292 1827 piae
307 1764 350 1810 ac
364 1747 501 1810 foelicis
515 1747 719 1826 memoriae,
737 1755 841 1828 atque
854 1745 1027 1810 hactenus
1041 1743 1228 1824 diligenter
1243 1741 1360 1805 obser-

133 1861 267 1932 uatum,
283 1861 321 1916 ut
336 1862 462 1934 quarto
476 1870 616 1935 quoque
631 1870 752 1917 mense
767 1853 810 1918 de
821 1853 927 1918 huius
941 1851 1089 1932 Collegii
1105 1849 1209 1914 rebus
1219 1849 1265 1914 ad
1280 1866 1361 1913 eum

133 1961 169 2023 in
183 1961 391 2024 uniuersum
405 1960 650 2024 scriberemus:
673 1961 708 2024 id
724 1961 818 2042 quod
837 1959 939 2024 nobis
959 1959 1294 2042 inpraesentiarum
1314 1955 1360 2020 ad

134 2077 181 2147 te,
205 2067 263 2148 qui
282 2067 358 2131 eius
376 2069 493 2132 locum
514 2076 637 2146 tenes,
652 2067 882 2132 deserendum
906 2085 984 2132 esse
1005 2067 1217 2149 putauimus.
1238 2064 1362 2145 Itaque

132 2173 289 2238 scribam
302 2174 459 2238 breuiter
473 2173 515 2248 de
531 2175 661 2239 nostris
675 2175 791 2254 rebus,
805 2184 842 2240 ut
854 2175 1032 2256 intelligas
1045 2191 1178 2254 omnes,
1195 2171 1360 2252 Deoopt.

132 2281 264 2361 gratia,
279 2281 368 2345 bene
383 2281 514 2371 ualere,
531 2299 574 2346 ac
588 2299 761 2364 quemque
776 2300 840 2346 suo
853 2283 966 2346 officio
981 2281 1168 2362 diligenter
1180 2277 1363 2374 occupari·

134 2387 214 2468 Quo
227 2387 277 2466 fit,
293 2398 331 2452 ut
347 2389 435 2452 haec
451 2397 570 2452 nostra
586 2388 745 2453 Societas
766 2399 872 2480 atque¹
886 2390 980 2454 uitae
1002 2387 1210 2478 coniunctio·
1219 2387 1364 2465 consen-¹

135 2507 252 2574 uetur,
268 2504 303 2558 et
318 2495 354 2558 in
369 2505 550 2576 posterum
570 2496 742 2560 uberioris
761 2496 897 2560 fructus
920 2495 1015 2560 haud
1035 2495 1186 2559 obscura
1206 2477 1365 2560 suboria-

139 2615 199 2666 tur
214 2618 305 2681 spes.
323 2601 484 2683 Augetur
497 2602 589 2666 enim
604 2604 639 2666 in
655 2603 730 2667 dies
749 2621 867 2676 rerum
882 2602 1081 2667 diuinarum
1103 2601 1290 2682 cupiditas,
1310 2599 1365 2672 ine

136 2709 326 2788 grauescr't
346 2707 358 2739 ¹
380 2709 549 2788 studium,
570 2709 699 2773 utiam
720 2711 796 2774 eius
817 2709 1118 2790 intercessionem,
1139 2726 1243 2791 quem
1263 2706 1365 2771 nobis

136 2815 266 2908 eripuit
282 2831 388 2895 mors,
405 2815 572 2897 prodesse
587 2797 682 2880 certe
698 2819 886 2897 plurimum
900 2825 935 2884 et
949 2817 994 2880 ad
1006 2815 1251 2893 constantiam,
1269 2823 1304 2878 et
1319 2812 1365 2877 ad

136 2923 234 2987 uitae
255 2923 506 3004 integritatem,
531 2924 779 3005 intelligamus.
808 2922 917 3005 Quod
935 2924 980 2988 ad
1002 2924 1142 3005 publica
1163 2922 1300 3000 attinet,
1327 2919 1363 2985 id

138 3029 293 3110 primum
307 3045 474 3111 exequar,
491 3031 585 3112 quod
604 3032 661 3111 pie
676 3049 719 3095 ac
734 3032 898 3112 religiose
920 3033 1040 3095 uiuere
1061 3029 1282 3111 cupientibus
1298 3046 1364 3093 usu

140 3137 264 3201 uenire
278 3135 378 3201 solet:
401 3139 591 3202 multorum
611 3139 769 3219 iniuriaS,
791 3156 881 3222 quae
900 3140 1100 3203 clanculum
1124 3147 1158 3201 et
1177 3144 1298 3217 aperte
1318 3136 1365 3201 ia·

138 3244 339 3322 etabantur,
356 3243 423 3307 hoc
437 3244 536 3309 breui
551 3254 709 3326 tempore
728 3246 947 3327 pertulimus;
969 3246 1059 3310 haec
1074 3253 1193 3310 tamen
1208 3244 1367 3308 immissa

140 3351 211 3414 tela
236 3358 272 3414 et
299 3349 489 3416 maledicta
513 3353 800 3434 contempsimus,
827 3354 1017 3437 praecipue
1045 3370 1127 3416 cum
1155 3370 1177 3416 a
1205 3352 1368 3416 doctrina

140 3470 268 3522 eorum·
279 3475 322 3522 ac
339 3457 432 3522 uitae
447 3459 614 3538 moribus,
632 3477 653 3522 a
668 3460 795 3543 quibus
808 3461 866 3524 illa
878 3468 1099 3540 emanarunt,
1116 3460 1223 3540 longe
1237 3459 1370 3524 dissen-

140 3566 223 3629 tiret
238 3565 365 3646 oratio,
381 3567 446 3630 etsi
461 3568 618 3648 plerique
633 3585 767 3646 eorum,
783 3568 843 3650 qui
858 3569 949 3633 inter
964 3569 1141 3650 sapientes
1152 3567 1256 3632 huius
1272 3567 1368 3631 urbis

142 3683 406 3753 enumerantur,
423 3675 459 3738 in
473 3673 659 3739 Societatis
674 3686 818 3740 nostrae
833 3673 1042 3753 doctrinam,
1058 3675 1248 3756 puritatem
1260 3675 1366 3753 uitae,

141 3780 284 3844 modum
308 3791 343 3844 et
357 3781 565 3856 xinstitutum
590 3783 830 3862 insurgerent;
859 3781 921 3848 sed
941 3799 1013 3846 non
1030 3781 1368 3862 probatissimorum

141 3888 324 3952 hominum
339 3889 487 3953 consilia
502 3887 600 3952 Deus
615 3892 697 3966 (non
713 3890 807 3954 enirn
822 3907 883 3953 ero
897 3888 966 3953 hac
981 3889 1016 3953 in
1032 3906 1071 3952 re
1085 3889 1235 3970 longior,
1256 3905 1369 3970 neque

141 3995 282 4074 singula
297 3993 446 4059 dicendo
461 3996 665 4077 persequar)
681 3995 814 4077 frangit
825 4006 859 4060 et
871 3996 1021 4060 conterit
1034 3993 1046 4027 ³
1061 3995 1144 4060 dum
1159 3996 1245 4084 uult.
1259 3994 1369 4060 Cuius

141 4118 209 4182 ope
223 4102 342 4165 omnia
356 4100 458 4166 nobis
472 4119 543 4165 non
558 4101 662 4166 modo
678 4120 749 4167 non
763 4103 980 4168 aduersariis
996 4103 1369 4194 oppugnantibusused

141 4227 187 4272 ne
203 4210 481 4290 repugnantibus
496 4209 648 4292 quidem,
665 4228 833 4293 prospere
853 4229 895 4276 ac
918 4210 1089 4275 foeliciter
1104 4225 1268 4300 euenere;
1286 4228 1368 4274 nam

142 4332 314 4397 oppressa
333 4317 466 4384 ueritas
485 4316 530 4380 ab
548 4317 689 4383 illorum
708 4318 871 4382 manibus
891 4315 1071 4382 uindicata
1093 4325 1157 4382 est.
1179 4317 1244 4382 His
1263 4317 1369 4382 rebus

185 4558 194 4594 ¹
222 4557 421 4614 Antograplttun
429 4559 525 4615 dupllcl
536 4559 605 4614 sollo,
616 4572 657 4606 nn.
667 4560 694 4606 ³5
704 4567 731 4606 et
739 4559 874 4615 ili-Qum
886 4561 911 4606 ln
919 4561 950 4606 lls
960 4561 1057 4606 delevlt
1065 4567 1111 4607 aut
1122 4561 1271 4608 immutavit
1279 4561 1370 4608 Poleo-

143 4641 198 4736 ω’,
209 4629 573 4747 ίιέἱίὲιῑιῖιῐρέἓεᾱοκήωωηε;
583 4643 647 4687 quae
658 4643 746 4678 eorum
756 4633 813 4678 loco
824 4633 966 4688 snbstltult,
977 4633 1045 4679 lutra
1055 4632 1215 4689 subllelmna.

187 4771 200 4808 ⁸
219 4771 308 4830 [aelle
320 4773 419 4820 nddlalt
430 4773 569 4821 Polaticus.
