3382 5528
614 526 678 584 An.
705 523 776 584 1556
1255 525 1308 581 i'e‘r

93 671 225 751 Agrium
239 670 307 735 Dei
322 680 330 712 ¹
347 673 496 752 accepit,
514 671 608 751 quod
621 687 743 734 secum
757 670 851 746 tuiit,
868 670 973 734 vnice
987 669 1119 733 nostris
1139 669 1307 733 orationi·

93 779 150 842 bus
165 786 198 841 et
212 777 398 842 sacrificiis
413 793 451 841 se
466 777 731 842 commendans.
748 776 816 857 Qui
828 778 946 854 etiam,
960 786 1175 856 suggerente
1187 775 1225 839 P.
1243 775 1308 840 Ca-

93 886 185 962 nisio,
201 885 382 949 constituit
398 894 437 948 ut
451 901 514 964 per
528 893 640 948 totam
655 884 836 948 Boemiam
856 883 1086 947 innouaretur
1108 899 1185 946 mos
1205 882 1308 946 meri·

94 991 142 1056 die
168 993 330 1074 pulsandi
362 1002 488 1056 contra
517 991 574 1056 xi
601 992 721 1055 hostes
753 1008 796 1056 ac
829 1009 894 1072 pro
927 989 1077 1054 Xianae.
1111 989 1308 1070 Religionis

94 1115 252 1180 prospero
267 1115 452 1178 successu;
470 1107 673 1162 reuerenter
688 1099 824 1178 gratias
840 1113 952 1177 agens
967 1096 1122 1176 Canisio,
1143 1097 1214 1177 qui,
1233 1106 1310 1160 tam

95 1207 231 1270 honesta
245 1206 409 1288 petendo,
425 1204 626 1286 Principem
641 1203 855 1269 catholicum
871 1203 975 1267 officii
989 1204 1045 1268 sui
1060 1203 1266 1267 admoneret
1283 1206 1307 1262 ¹.

95 1311 254 1378 Effectum
269 1321 323 1376 est
338 1313 433 1392 apud
448 1329 527 1376 eum
544 1321 582 1375 ut
596 1311 768 1392 probatae
782 1310 863 1376 fidei
882 1311 1000 1374 virum
1018 1311 1308 1374 concionatorem

93 1421 228 1484 haberet
242 1421 278 1484 in
293 1421 417 1484 militia
432 1418 456 1497 ³,
480 1428 515 1482 et
535 1429 678 1483 curaret
697 1418 821 1482 diebus
842 1419 985 1481 veneris
1006 1419 1042 1481 in
1064 1427 1140 1480 tota
1162 1417 1309 1480 Boemia

94 1528 343 1606 processionem
358 1525 445 1605 fieri,
462 1536 497 1590 et
511 1527 657 1590 missam
671 1524 715 1588 de
730 1526 863 1589 Sancta
878 1524 993 1588 Cruce
1007 1525 1158 1603 cantari,
1180 1534 1215 1587 et
1237 1541 1308 1587 mo·

94 1634 160 1696 neri
174 1635 340 1715 populum
354 1634 398 1697 de
413 1633 628 1714 poenitentia
644 1644 679 1696 et
695 1633 826 1712 pietate
841 1629 865 1710 ⁴,
882 1641 917 1696 et
931 1632 992 1695 vbi
1006 1649 1072 1695 nos
1086 1631 1309 1711 coeperimus

93 1740 357 1804 familiaritatem
371 1741 460 1804 inire
473 1757 555 1804 cum
566 1741 698 1804 nostris
709 1740 928 1802 auditoribus
941 1738 1046 1818 (quod
1060 1757 1104 1800 ex
1116 1747 1218 1818 parte
1231 1754 1311 1800 coe·

95 1847 221 1926 pimus),
237 1865 309 1912 non
324 1847 526 1910 dubitamus
540 1849 625 1927 quin
638 1847 822 1910 literarum
841 1854 1017 1926 pretextu,
1038 1845 1181 1925 pietatis
1200 1844 1308 1908 etiam

94 1953 109 2014 i
108 1963 234 2018 ructum
248 1954 452 2018 uberiorem
466 1954 576 2018 simus
591 1953 742 2034 capturi.

147 2061 327 2126 Vocantur
353 2061 541 2141 aliquando
560 2061 679 2144 nostri
702 2060 747 2123 ad
768 2071 956 2140 magnates
977 2058 1022 2122 ad
1043 2059 1166 2122 varias
1187 2075 1309 2121 eorum

95 2169 307 2234 difficultates
320 2168 537 2249 responsuri,
553 2168 680 2249 quibus
695 2185 767 2231 non
782 2170 897 2230 solum
911 2168 1076 2230 doctores
1095 2166 1222 2243 nostri,
1246 2164 1309 2228 sed

96 2285 125 2338 et
138 2277 194 2340 alii
207 2277 267 2354 ita,
285 2277 394 2339 uerbo
410 2275 476 2338 sibi
491 2275 573 2338 dato
589 2275 748 2352 coelitus
761 2274 995 2350 satisfaciunt,
1012 2283 1052 2337 vt
1066 2274 1152 2337 iliud
1164 2271 1310 2336 manile·

94 2391 141 2445 ste
154 2383 353 2464 impleatur:
371 2381 491 2446 Nolite
501 2381 764 2462 praemeditari
776 2381 862 2461 qur’ci
881 2380 1144 2462 respondeatis,
1163 2379 1311 2442 dabitur

93 2489 177 2552 emin
200 2489 302 2553 uobis
326 2489 365 2550 in
390 2487 455 2550 eila
478 2489 569 2550 hora
594 2488 680 2568 quid
700 2487 904 2568 loquamini
923 2485 947 2567 ⁵,
968 2493 1030 2550 etc.
1061 2487 1183 2550 Lectio
1204 2485 1243 2550 fit
1272 2487 1308 2548 in

99 2594 183 2660 Arce
202 2596 352 2676 singulis
374 2595 496 2658 diebus
517 2595 714 2673 dominicis,
736 2597 893 2658 maxima
914 2594 1250 2659 cumadmiratione
1276 2603 1310 2656 et

96 2702 212 2784 fructu,
235 2721 281 2768 ex
304 2720 408 2766 sacra
430 2701 625 2782 Scriptura,
650 2719 669 2764 a
690 2701 847 2766 Doctore
868 2703 1004 2786 Joanne
1025 2702 1163 2767 Tilano.
1188 2701 1310 2764 Variis

96 2811 179 2874 enim
192 2811 306 2874 modis
321 2810 540 2890 disponimus
555 2808 742 2872 materiam
764 2825 845 2872 curn
863 2809 1004 2872 varium
1022 2809 1176 2872 iructum
1196 2810 1306 2888 pullu·

94 2916 160 2981 lare
172 2919 366 2982 uideamus

104 3093 289 3105 ψ

129 3193 137 3226 ¹
162 3195 262 3249 “Agnus
272 3195 328 3238 Del.
339 3193 437 3248 Figura
447 3205 532 3240 cerea.
543 3194 583 3237 cui
594 3191 680 3247 imago
691 3194 757 3248 agni
766 3193 817 3237 Dei
827 3195 953 3248 impressa
961 3198 1009 3244 est;
1018 3203 1083 3245 quae
1093 3192 1191 3246 figurae
1204 3203 1309 3236 consue·

94 3265 170 3310 tudine
178 3275 264 3311 vetere
275 3277 396 3311 asumma
407 3265 525 3320 pontifice
536 3267 616 3310 certis
625 3265 783 3320 temporibus
791 3264 1102 3310 sollemnitersacrantur.
1114 3265 1232 3310 Viennae
1240 3267 1266 3310 in
1275 3266 1313 3309 bi·

95 3336 210 3383 bliotheca
219 3351 345 3384 caesarea
356 3339 443 3383 brevis
452 3339 650 3382 commentarius
661 3349 738 3382 manu
748 3338 861 3392 scriptus
872 3344 966 3390 exstat,
977 3338 1018 3381 cui
1029 3339 1120 3381 titulus
1130 3346 1179 3382 est:
1189 3338 1310 3382 Virtutes

95 3407 213 3462 Amorum
221 3411 269 3455 Dei
280 3413 366 3456 soluta
377 3411 492 3453 oratione
503 3409 613 3452 authore
627 3408 655 3452 P.
667 3408 770 3453 Canisio
781 3408 921 3452 societatis
930 3407 944 3460 J
948 3407 1037 3462 ESV.„
1048 3408 1095 3460 Ira,
1106 3410 1172 3460 ibid,
1186 3417 1273 3453 annot.
1282 3409 1305 3452 8.

128 3480 138 3512 ⁸
162 3481 350 3527 “Perdinandus
366 3482 493 3525 archidux
507 3487 600 3533 postea
620 3481 717 3526 similes
734 3491 824 3535 preces
841 3479 922 3523 etiam
941 3479 1117 3524 Tiroiensibus
1139 3481 1311 3535 praescripsit

94 3547 160 3596 (Hirn
168 3563 183 3598 ι.
191 3565 212 3598 c.
223 3565 237 3604 ι,
251 3552 477 3606 liat-Supersunt
489 3551 601 3602 litterae,
613 3563 629 3596 a
639 3552 837 3606 metropolitano
849 3551 963 3606 capitulo
971 3553 1092 3606 pragensi
1105 3552 1190 3606 Praga
1200 3553 1234 3596 ui.
1248 3552 1312 3604 Juiii

96 3621 140 3664 155⁶
148 3623 177 3666 ad
186 3626 281 3668 elerum
291 3623 361 3667 iilius
372 3623 571 3666 archidioecesls
582 3623 667 3674 datae,
679 3624 771 3677 quibus
781 3624 899 3666 edicitur:
910 3621 1007 3676 Regem
1019 3621 1191 3668 Romanorum
1207 3630 1234 3666 et
1246 3621 1309 3666 Fer·

95 3691 217 3740 diuendnm
226 3695 394 3738 archiducem
404 3695 480 3746 velie,
491 3699 519 3737 ut
530 3695 682 3748 periculosis
692 3694 723 3738 iis
735 3695 893 3748 temporibus
903 3705 949 3748 per
962 3699 1043 3738 totuin
1060 3693 1209 3738 Boherniaru
1219 3705 1311 3748 preces

95 3761 157 3815 iant,
167 3765 267 3821 ideoque
283 3772 437 3818 „renouetur
454 3771 567 3820 tempore
585 3765 727 3809 meridiano
742 3777 796 3809 mos
811 3767 929 3820 pulsandi
946 3777 993 3820 per
1007 3777 1160 3820 campanam
1176 3765 1201 3810 in
1218 3777 1312 3810 raemo-

95 3845 152 3879 nani
162 3837 306 3883 Dominicae
317 3837 466 3891 passionis“,
476 3843 555 3892 atque
563 3838 600 3881 ita
611 3849 699 3882 omnes
714 3839 870 3882 coniunctim
886 3837 968 3881 Deum
984 3844 1130 3892 precentur,
1142 3847 1168 3880 ui
1185 3839 1310 3882 ecclesiae

96 3915 148 3950 suae
158 3909 306 3955 misereatur
315 3915 342 3952 et
352 3909 487 3962 imperium
499 3921 632 3954 romanum
643 3922 674 3954 ex
685 3911 801 3964 periculo
812 3911 910 3954 turcico
926 3911 1029 3964 eripiat.
1045 3911 1126 3955 Simul
1140 3911 1309 3964 praecipitur.

95 3985 120 4020 ut
129 3989 259 4036 campanae
270 3982 357 4024 sonitu
367 3979 456 4024 audito
465 3993 559 4034 omnes,
570 3982 722 4037 ubicumque
734 3983 869 4029 exsistant.
881 3993 966 4035 genua
977 3983 1082 4026 liectant
1091 3994 1122 4027 ac
1137 3983 1245 4036 zenibus
1255 3983 1309 4026 nihi

95 4047 167 4095 Deum
176 4061 319 4106 precentur;
329 4053 395 4107 quod
404 4053 425 4095 si
434 4053 603 4106 neglexerint,
613 4065 628 4098 a
637 4055 794 4108 magistratu
805 4057 878 4107 regio
886 4055 1027 4110 puniendos
1034 4053 1205 4098 esseiiarum
1214 4054 1312 4098 litters·

95 4131 144 4166 rum
153 4128 300 4180 exemplum,
310 4125 382 4182 typis
393 4127 551 4179 exscriptum
562 4132 588 4169 et
598 4128 632 4170 sb
644 4126 757 4171 ilenrico
768 4125 902 4171 Scribonio
911 4127 1061 4180 praeposito
1076 4125 1185 4180 capituli
1200 4126 1312 4170 subscri·

94 4199 166 4246 ilum.
174 4205 257 4242 exstat
270 4199 373 4252 pragae
384 4197 410 4240 in
421 4198 530 4240 archivo
540 4199 647 4252 capituli
659 4199 852 4253 metropolitani
863 4202 937 4250 (xvii,
948 4201 990 4252 ii,
999 4198 1047 4250 ln..
1059 4199 1122 4252 ibici,
1133 4209 1193 4252 pag.
1206 4198 1254 4250 772,
1266 4209 1309 4241 an·

95 4273 140 4308 not.
151 4269 171 4310 i.

127 4335 138 4369 ¹
162 4341 300 4386 “Antonius
310 4341 377 4386 Brus
387 4340 557 4396 idebiilglltzi,
568 4344 767 4396 crucigerorum
779 4353 839 4386 cum
852 4343 934 4386 rubea
945 4341 1024 4384 steila
1035 4339 1160 4395 magister
1170 4343 1310 4394 generalis,

96 4407 116 4452 id
126 4419 206 4457 uanus
215 4411 417 4457 administrabat
425 4413 550 4466 simulque
565 4413 645 4457 totius
656 4415 787 4456 exereitus
797 4414 879 4456 sacris
889 4421 1037 4466 praeerat„
1048 4412 1096 4466 lo.,
1108 4413 1182 4464 inid„
1193 4423 1251 4466 pag.
1262 4413 1311 4466 772,

97 4485 203 4528 annoti.

131 4555 141 4586 ⁴
164 4553 244 4601 “iiaec
257 4567 358 4611 quoqne
368 4568 384 4600 s
394 4555 511 4610 capitulo
521 4558 642 4610 pragensi
653 4557 679 4600 in
690 4558 787 4602 litteris
796 4558 823 4600 at
832 4557 893 4610 Juiii
906 4557 959 4601 1⁵5⁶
968 4557 1037 4602 datis
1051 4557 1273 4610 praescribuntur,
1285 4559 1310 4601 in

98 4623 177 4674 quibus
185 4629 260 4672 etiam
271 4627 441 4681 magistratus
451 4627 542 4672 civiles
552 4628 634 4673 sacris
645 4630 696 4673 iliis
707 4631 871 4676 caerimoniis
884 4633 1010 4676 interesse
1021 4630 1165 4684 iubentur„
1180 4629 1219 4673 io.
1231 4629 1315 4684 ibid„

99 4697 203 4740 annoti

133 4764 143 4796 ¹
167 4765 353 4826 Luc.,xxr,li.·
