3436 5526
407 476 462 542 636
872 475 1048 536 Arearum
1067 493 1170 537 aaran

398 643 401 649 ·
421 641 423 646 ·
468 625 511 688 Si
515 626 618 704 sorte
632 624 724 688 scire
738 625 936 698 desideras,
951 625 1097 704 quinam
1111 625 1313 704 extiterint,
1328 626 1394 705 qai
1406 625 1443 687 ia
1463 631 1594 688 nostram

408 731 617 794 Societatem
631 731 744 811 recipi
755 731 944 811 cupierint,
959 731 1127 811 quamuis
1140 732 1233 795 satis
1250 731 1300 795 sit
1321 749 1444 795 eorum
1462 731 1594 811 copiosas

407 855 593 914 numerus,
607 839 649 900 do
663 838 801 900 ctnobus
814 843 934 901 tornea
949 844 1013 902 aut
1027 839 1144 902 tribus
1159 839 1207 902 ad
1221 844 1255 902 te
1266 839 1430 902 scribam.
1443 838 1514 902 Duo
1524 835 1583 915 equi

407 955 460 1010 tes
485 945 715 1024 conchenses
742 955 776 1007 et
796 944 937 1025 quidem
959 946 1058 1009 claro
1077 946 1253 1026 sanguine
1272 946 1358 1022 nati,
1381 945 1528 1025 germani
1544 941 1597 1006 ira·

405 1063 488 1134 treS,
516 1051 562 1115 ad
584 1051 652 1115 hoc
674 1061 833 1116 nostrum
855 1051 1057 1116 Gandiense
1081 1053 1249 1133 oppidum
1263 1069 1311 1116 -se
1333 1053 1548 1125 contulerant,
1566 1055 1594 1108 nt

405 1171 551 1241 possent
580 1161 617 1224 in
646 1161 887 1240 spiritualibus
916 1161 1203 1224 meditationibus
1232 1163 1297 1226 sub
1325 1164 1431 1228 Patre
1458 1155 1595 1226 exerceri:

405 1268 576 1331 maiorem
592 1277 676 1331 natu
692 1267 801 1332 mouit
816 1267 1029 1331 desiderium
1045 1267 1265 1346 ingrediendi
1282 1271 1493 1349 religionem,
1508 1275 1536 1328 et
1547 1262 1597 1325 sol·

405 1375 500 1438 licite
514 1375 650 1437 obortis
667 1373 674 1404 ¹
691 1374 871 1438 lachrimis
885 1375 1009 1455 petiuit
1028 1384 1068 1437 vt
1089 1375 1350 1440 admitteretur:
1367 1395 1438 1441 non
1452 1375 1512 1438 sibi
1525 1369 1601 1452 quie·

405 1491 479 1544 tum
495 1481 531 1544 in
545 1480 715 1560 religione
731 1481 875 1560 optabat
890 1481 1012 1560 otium,
1028 1481 1141 1545 sedin
1157 1483 1255 1548 duris
1269 1493 1303 1547 et
1313 1483 1498 1548 laboriosis
1508 1475 1597 1559 operi·

405 1589 469 1651 bus
490 1592 704 1668 perpetuam
721 1588 832 1650 uitam
850 1604 958 1668 agere
980 1589 1188 1668 exoptabat:
1211 1600 1246 1653 et
1266 1592 1429 1670 quamuis
1451 1589 1492 1652 ad
1512 1581 1599 1666 perfe-

405 1704 500 1758 ctam
514 1695 714 1759 deuenisset
729 1704 894 1774 aetatem,
910 1705 987 1758 erat
1002 1704 1120 1758 tamen
1134 1696 1266 1760 teneris
1281 1715 1324 1761 ac
1342 1696 1498 1762 delicatis
1515 1701 1601 1758 mem·

405 1801 490 1880 bris,
516 1811 551 1866 et
576 1801 719 1865 minime
742 1801 855 1864 labori
882 1800 988 1881 aptis,
1016 1801 1178 1883 quodque
1202 1788 1318 1868 maius
1341 1811 1411 1883 est,
1438 1803 1546 1867 literas
1565 1811 1598 1858 ne

404 1907 544 1971 uiderat
559 1907 710 1988 quidem.
727 1905 819 1972 Hinc
841 1919 927 1972 nata
945 1915 1000 1971 est
1021 1909 1165 1972 occasio
1186 1908 1284 1974 Patri
1303 1907 1506 1991 repudiandi
1527 1919 1600 1978 eun,

404 2015 535 2079 iniecta
549 2025 668 2080 tamen
682 2015 717 2078 in
739 2014 894 2078 futurum
916 2031 979 2096 spe
1001 2015 1197 2096 recipiendi
1212 2017 1235 2096 ”;
1257 2016 1376 2098 sicque
1397 2017 1503 2081 tristis
1520 2023 1549 2076 et
1563 2011 1599 2072 la·

405 2121 681 2186 chrimabundus
706 2122 804 2200 abiit,
825 2121 914 2185 adeo
937 2133 975 2187 ut
994 2139 1059 2186 nos
1079 2123 1187 2188 etiam
1208 2124 1245 2187 in
1264 2124 1455 2188 lachrimas
1474 2133 1599 2186 commo·

405 2229 507 2294 uerit.

354 2427 355 2430 Ἴ
465 2337 520 2399 De
532 2337 639 2400 tertio
653 2337 726 2399 iam
741 2336 875 2416 accipe:
889 2335 1056 2400 Vicarius
1071 2337 1176 2400 huius
1191 2337 1320 2418 oppidi,
1338 2337 1472 2402 Doctor
1485 2333 1602 2398 intheo·

387 2443 532 2523 logicis
551 2441 757 2524 disciplinis,
778 2443 870 2506 inter
891 2443 1052 2507 literatos
1074 2443 1218 2507 minime
1237 2442 1519 2520 contemnendus,
1538 2451 1601 2500 con·

405 2552 567 2614 cinnator
579 2551 800 2630 perelegans,
822 2549 928 2612 etiam
949 2550 1015 2613 sub
1036 2547 1142 2613 Patre
1158 2565 1196 2612 se
1211 2550 1382 2628 exercuit,
1403 2549 1472 2631 qui,
1495 2554 1529 2610 ut
1544 2559 1600 2606 cre

391 2656 531 2738 dimus,
548 2657 705 2721 decreuit
719 2655 932 2736 pedetentim
947 2674 969 2719 a
985 2655 1093 2734 curis,
1110 2655 1146 2720 in
1160 2655 1287 2737 quibus
1301 2666 1355 2720 est
1376 2657 1553 2730 inuolutus,
1570 2662 1601 2710 se

404 2764 594 2843 explicare,
612 2772 647 2826 et
665 2772 788 2843 postea
810 2772 954 2826 nostrae
974 2780 1013 2826 se
1031 2763 1237 2844 mancipare
1258 2763 1437 2842 religioni:
1459 2752 1600 2843 quicquid

404 2871 593 2950 contigerit
607 2887 671 2950 per
685 2887 783 2934 meas
798 2870 919 2933 literas
934 2869 1037 2934 scies,

427 3015 430 3022 ·
464 2977 566 3041 Audi
582 2995 655 3039 iam
674 2977 766 3040 alab:
787 2977 919 3040 Habuit
939 2976 1086 3041 latinam
1108 2977 1307 3040 orationem
1331 2975 1377 3039 ad
1401 2977 1556 3057 populum
1572 2969 1599 3030 in

404 3084 493 3147 sesto
508 3082 552 3147 D.
569 3083 689 3147 Lucae
704 3085 754 3162 (vt
769 3084 858 3146 solet
873 3082 1021 3161 singulis
1038 3083 1142 3146 annis
1157 3080 1242 3160 fieri)
1255 3100 1347 3146 vnus
1359 3101 1404 3146 ex
1415 3076 1600 3146 nostrislra·

403 3191 535 3269 tribus,
565 3201 651 3254 natu
680 3189 865 3264 minimuS,
896 3205 977 3252 cum
1005 3205 1143 3252 summo
1172 3189 1345 3266 omniurn,
1376 3191 1436 3271 qui
1464 3187 1600 3256 aderant,

404 3300 592 3380 applausu,
614 3297 659 3360 ad
678 3296 867 3361 excitanda
890 3296 1156 3359 adolescentum
1177 3295 1321 3376 ingenia
1341 3297 1377 3360 in
1398 3297 1469 3360 otio
1491 3305 1600 3356 marce·

402 3406 550 3484 scentia;
564 3413 789 3485 oppugnatae
800 3403 925 3467 deinde
936 3412 1018 3467 sunt
1030 3403 1179 3482 logicae,
1192 3403 1469 3484 philosophicae,
1479 3398 1600 3465 aetheo·

403 3513 540 3592 logicae
556 3513 683 3588 theseS,
700 3511 848 3591 publice,
870 3519 1057 3591 praesente
1078 3509 1219 3591 quidem
1241 3509 1368 3573 illustri
1391 3511 1539 3574 virorum
1557 3515 1601 3564 co·

402 3636 507 3698 rona;
523 3617 782 3683 illustrissimus
797 3633 948 3696 namque
963 3613 1048 3680 Dux
1062 3614 1188 3679 aderat
1202 3625 1237 3678 et
1256 3632 1428 3696 perquam
1447 3615 1603 3678 Reueren-

382 3705 388 3724 ’
401 3729 470 3822 das
482 3725 493 3756 ³
505 3725 686 3805 religionis
698 3723 895 3787 Monteziae
906 3722 1111 3787 Praefectus
1124 3721 1147 3801 ⁴,
1161 3719 1309 3786 aderant
1323 3727 1357 3785 et
1369 3717 1590 3786 commendato

401 3853 459 3898 res
475 3830 486 3864 ⁸
500 3831 675 3913 permulti,
692 3835 932 3892 conuenerant
948 3829 1085 3909 equites
1098 3833 1131 3891 et
1149 3828 1207 3891 alii
1221 3825 1233 3858 ⁸
1248 3827 1318 3892 viri
1338 3829 1483 3905 nobileS,
1503 3835 1601 3888 acces·

400 3949 520 4004 serant
539 3948 573 4002 et
597 3939 772 4015 consules;
790 3936 1041 4016 praetermitto
1056 3933 1261 4014 permultos
1279 3933 1436 4014 plebeios
1450 3930 1598 3996 tioaaires.

380 4035 562 4136 [Qainque
582 4063 632 4107 ex
651 4042 839 4122 fratribus
860 4040 1123 4104 Bachallaurei
1141 4047 1227 4126 sant
1250 4040 1455 4120 designati,
1474 4046 1505 4102 et
1524 4047 1601 4098 vrrs

399 4156 447 4218 ad
467 4151 722 4231 magisterium
738 4156 930 4230 promotus
946 4148 1115 4228 imposito
1134 4149 1172 4210 in
1194 4147 1394 4211 celebritate
1415 4140 1603 4211 Academia

438 4359 446 4392 t
477 4369 545 4402 cunr.
558 4355 699 4414 Poanucus.

437 4431 449 4462 ἱ
478 4429 577 4482 aliqua.
589 4427 626 4470 ln.

437 4499 449 4532 ⁸
477 4497 650 4542 uenerandus
659 4493 796 4538 niitttnrts.
806 4493 842 4536 lo.

438 4575 449 4606 ⁴
477 4571 553 4614 ducis
561 4571 687 4624 patruus.
697 4564 734 4610 In.

437 4643 448 4676 ⁵
476 4646 500 4686 et
511 4639 681 4685 etusordtais
692 4635 793 4678 militas
802 4635 1042 4690 (cotttttrandatores
1050 4637 1165 4686 vocant).

436 4716 447 4746 θ
476 4713 628 4768 equitesque
638 4708 683 4752 atil
696 4710 730 4751 et.
743 4706 780 4752 ln,
