3472 5528
373 507 431 565 246
765 506 934 566 Lmrsane
953 520 1224 575 Quaestor-:stans

379 654 545 718 tribuant:
561 653 709 718 adhaec
725 655 863 718 accedit
879 644 973 734 ouod
989 654 1078 718 duos
1094 669 1208 718 annos
1221 654 1385 718 liberales
1401 663 1497 718 artes
1512 655 1616 720 audi·

368 763 483 826 uerit.

369 917 371 924 ,
440 870 595 950 Quart-us
615 871 695 934 huic
715 872 893 957 successit¹
906 871 1114 936 adolescens
1132 871 1246 943 alens,
1272 869 1337 950 qui
1353 871 1395 932 ob
1415 869 1551 934 exr'nu'o
1574 883 1615 936 et

378 979 494 1041 animi
505 987 539 1040 et
554 986 702 1042 naturae
718 980 821 1055 bona,
836 979 963 1059 quibus
975 997 996 1042 a
1007 979 1084 1042 Deo
1096 979 1248 1044 donatus
1259 984 1351 1058 erat,
1363 995 1536 1058 magnam
1549 979 1620 1040 sui

324 1093 327 1100 ’
380 1087 515 1162 fecerat
534 1087 829 1166 expectationem,
850 1104 891 1149 ac
915 1103 1020 1150 exeo
1042 1088 1142 1151 cuius
1159 1087 1256 1151 uitae
1280 1086 1467 1152 mutatioa
1490 1087 1616 1150 multis

369 1193 587 1257 *doctoribus
601 1211 644 1256 ac
659 1192 882 1258 scholasticis
896 1203 949 1258 est
965 1194 1231 1273 animaduersa
1246 1193 1450 1260 absolueret
1470 1194 1540 1258 iam
1553 1211 1611 1257 ar·

381 1301 468 1364 tium
484 1315 638 1364 cursum.
654 1299 763 1364 Nobis
777 1300 938 1381 equidem
954 1303 1059 1366 talem
1074 1302 1117 1366 de
1132 1319 1171 1365 se
1186 1302 1332 1382 praebet
1347 1317 1456 1382 spem,
1474 1311 1510 1364 ut
1523 1318 1612 1364 con·

369 1407 501 1476 »fidenti
516 1407 634 1472 animo
649 1407 835 1472 credamus
850 1425 921 1472 non
932 1410 1044 1472 solum
1060 1427 1129 1472 non
1143 1409 1384 1490 decepturum,
1398 1425 1503 1489 quam
1514 1423 1613 1471 com·

369 1529 554 1595 mouerat,
571 1515 870 1597 expectationem,
886 1516 948 1579 sed
964 1533 1094 1597 magna
1110 1501 1155 1581 e'x
1169 1525 1272 1598 parte
1286 1517 1472 1580 uicturum.

441 1621 546 1687 Hunc
561 1623 630 1686 duo
645 1622 720 1686 eius
735 1621 967 1703 condiscipuli
979 1624 1067 1688 bene
1082 1624 1176 1688 docti
1188 1633 1269 1688 suut
1280 1623 1432 1704 sequuti,
1449 1627 1613 1686 nostrae-

382 1748 448 1811 que
463 1731 650 1794 Soce'etott's
664 1730 872 1794 institutum
886 1737 1005 1794 tenent
1020 1731 1092 1794 iam
1106 1730 1207 1796 uelut
1220 1732 1307 1812 ipse.

443 1837 526 1902 Post
548 1838 613 1902 hos
629 1839 834 1918 postulauit
855 1838 985 1902 obnixe
998 1839 1169 1902 sacerdos
1182 1838 1340 1920 quidam,
1357 1842 1397 1902 ut
1418 1838 1614 1902 haberetur

382 1946 521 2025 dignus
539 1946 603 2026 qui
624 1951 945 2010 connumeraretur
970 1946 1028 2008 rtel
1046 1946 1141 2008 inter
1162 1947 1328 2010 mt'nr‘mos
1348 1943 1554 2020 Socr‘etatr's,
1573 1963 1612 2008 se

372 2052 497 2117 ullum
508 2059 602 2116 esset
613 2054 651 2115 e'n
663 2071 703 2116 ea
711 2061 954 2133 personarum
965 2053 1175 2131 discrimem·
1183 2052 1326 2117 tandem
1339 2053 1474 2118 diutino
1485 2050 1528 2116 de
1538 2070 1614 2116 sua

383 2161 525 2240 uirtute,
541 2161 617 2227 eius
632 2161 758 2224 litteris
772 2177 815 2225 ac
829 2161 1107 2242 perseuerantia,
1128 2161 1223 2224 sacto
1243 2159 1497 2241 experimento,
1512 2161 1615 2242 quod

383 2277 566 2349 tantopere
578 2268 816 2348 concupierat,
830 2253 1091 2332 est'assecutus.
1105 2267 1139 2332 Is
1153 2269 1189 2333 in
1204 2268 1281 2332 iure
1297 2268 1468 2332 canonico
1483 2267 1613 2332 bacca·

381 2377 524 2440 laureus
538 2384 603 2454 est,
621 2375 656 2438 in
672 2375 807 2440 artibus
822 2374 1031 2454 licentiatus,
1050 2383 1230 2454 postremo
1249 2375 1446 2455 theologus,
1462 2374 1521 2455 qui
1535 2391 1615 2438 ma·

382 2483 456 2564 luit,
470 2483 589 2547 diuino
598 2482 917 2561 consiliomonitus,
928 2482 1183 2548 nudusnudum
1192 2483 1292 2563 sequi
1301 2481 1491 2562 Christum,
1501 2498 1615 2562 quarn

381 2591 524 2668 diuitiis,
542 2592 668 2672 quibus
684 2589 897 2670 abundabat,
914 2608 957 2654 ac
972 2591 1154 2654 hominum
1167 2589 1411 2654 aestimatione
1423 2588 1566 2670 pertrui.

371 2743 375 2749 -
442 2697 556 2764 Relati
571 2699 702 2762 suntin
717 2716 863 2763 numero
879 2708 1082 2763 nostrorum
1098 2705 1132 2761 et
1148 2697 1206 2760 alii
1222 2697 1291 2762 duo
1306 2697 1462 2776 iuuenes,
1477 2697 1549 2762 inm
1562 2699 1617 2764 ad

380 2807 577 2886 magisterii
592 2806 801 2885 dignitatem
816 2808 946 2886 euecti,
962 2807 1022 2888 qui
1041 2815 1077 2869 et
1091 2805 1208 2870 studia
1231 2804 1452 2886 theologica,
1469 2806 1617 2886 magnis

380 2915 416 2978 in
430 2913 592 2982 caiactis
607 2915 866 2994 progressibus,
888 2915 1128 2978 obsoluerant.

374 3051 376 3058 ·
440 3021 613 3087 Postremi
637 3021 707 3086 duo
726 3023 799 3086 fere
819 3023 855 3086 in
870 3022 1073 3087 liberalibus
1091 3022 1226 3086 artibus
1248 3021 1435 3100 licentiati,
1455 3037 1614 3100 quorum

381 3132 485 3204 alter,
503 3146 597 3196 *cum
625 3130 782 3194 nondum
806 3129 1017 3208 vigesimum
1042 3145 1174 3195 annum
1198 3128 1373 3208 attigerit,
1400 3128 1547 3192 multum
1571 3127 1613 3192 in

381 3238 487 3302 trium
501 3237 703 3316 linguarum
718 3237 860 3312 latinae,
873 3253 1038 3314 graecae,
1052 3237 1227 3300 hebraeae
1239 3235 1364 3300 studiis
1377 3245 1430 3300 est
1444 3251 1615 3317 progres-

374 3351 503 3412 ¹suszet
518 3345 612 3424 quod
622 3343 744 3424 prr'mo
756 3343 831 3406 loco
846 3344 961 3406 dicere
972 3343 1183 3422 debuissem,
1196 3342 1402 3406 adolescens
1414 3348 1467 3406 est
1479 3359 1615 3424 magna

383 3453 516 3532 ingenii
531 3452 722 3529 celeritate,
739 3467 806 3514 nee
820 3451 947 3514 minori
963 3451 1152 3514 tenacitate
1163 3467 1206 3513 ac
1221 3449 1389 3514 facilitate
1401 3451 1610 3522 memoriae.

382 3561 489 3641 Quid,
504 3575 649 3640 qttaeso,
664 3558 783 3630 maius
797 3558 835 3620 t‘n
850 3557 1071 3620 adolescente
1085 3561 1160 3620 tam
1171 3563 1310 3637 paucos
1324 3573 1440 3620 annos
1452 3563 1539 3622 nato
1553 3558 1614 3620 de-

381 3667 702 3748 syderart'potest?
718 3683 804 3728 num
823 3665 968 3728 uirtus?
990 3666 1039 3728 ita
1055 3681 1176 3728 saaca
1198 3664 1329 3728 teneris
1348 3663 1451 3728 annis
1471 3663 1615 3729 deditus

382 3783 436 3842 est
457 3776 589 3854 uirtuti,
611 3785 648 3839 ut
669 3791 687 3837 a
712 3782 849 3838 natura·
863 3771 982 3853 potius
1002 3771 1118 3852 insita,
1143 3787 1249 3852 quam
1272 3771 1393 3836 labore
1417 3780 1538 3852 parta,
1562 3773 1614 3836 ui·

375 3886 520 3950 deatur.

443 3991 555 4069 Alius,
572 3992 631 4070 qui
644 4006 756 4070 nuper
771 3990 948 4054 admissus
963 3995 1027 4065 est,
1043 3987 1200 4052 omnium
1212 3995 1411 4068 postremus
1422 3987 1612 4066 succurrit,

383 4102 443 4164 cui
465 4099 545 4162 licet
570 4100 608 4162 t'u
634 4097 859 4161 recensendis
885 4095 969 4160 aleis
990 4094 1155 4159 ultimum
1175 4095 1292 4158 locum
1313 4094 1513 4171 tribuerim,
1534 4094 1615 4174 e'pse

384 4209 525 4289 quedem
540 4204 651 4269 merllo
668 4205 805 4268 doctior
820 4209 873 4266 est
889 4220 996 4283 quam
1011 4203 1074 4282 qui
1085 4202 1206 4266 debeat
1220 4203 1315 4266 inter
1330 4207 1536 4282 postremos
1550 4217 1613 4264 an-

386 4314 582 4378 numerari.
599 4313 756 4376 Dederat
771 4313 801 4374 is
817 4327 963 4391 operam
983 4310 1124 4388 (artium
1139 4323 1248 4372 cursu
1266 4307 1436 4373 foeliciter
1456 4309 1614 4388 peracto)

384 4441 454 4487 non
470 4420 692 4498 theologicae
707 4420 769 4482 sed
784 4419 862 4482 arti
873 4417 1039 4487 medicae.
1055 4418 1090 4481 in
1111 4433 1180 4498 qua
1200 4414 1415 4480 addiscenda
1435 4424 1508 4478 tam
1526 4425 1614 4480 stre·

385 4549 453 4594 nue
469 4547 507 4592 se
522 4538 697 4609 gesserat,
715 4537 751 4590 ut
767 4527 845 4598 loco
860 4526 1114 4605 magistrorum
1130 4541 1274 4588 suorum
1291 4539 1369 4588 eam
1384 4523 1523 4604 publice
1542 4541 1615 4588 ma·

385 4656 457 4718 gno
473 4635 766 4700 scholasticorum
782 4635 954 4716 applausu
969 4632 1123 4696 doceret.
1143 4629 1217 4697 Nos
1232 4631 1372 4712 quidem
1389 4631 1521 4710 ingenii
1537 4631 1614 4696 eius

386 4744 579 4826 periculum
600 4743 757 4821 t'eeimus,
779 4751 813 4804 et
833 4757 1000 4819 magnam
1012 4740 1054 4803 de
1068 4741 1290 4804 adolescente
1303 4737 1529 4818 concepimus
1540 4739 1614 4820 opi·
