3436 5526
877 505 1053 566 Aersnorx
1073 521 1176 566 eamn

471 869 570 948 Pag.
591 867 683 946 110,
693 874 779 947 post
793 863 938 931 litteras
952 867 998 930 P.
1017 866 1170 930 Antonii
1190 865 1309 939 Vincla,
1323 872 1407 928 aitte
1423 885 1456 928 n.
1478 861 1609 932 excit,

407 975 614 1038 addendum
628 991 792 1053 sequens:

525 1267 737 1312 Praecedentlun
747 1266 836 1312 Patri·
847 1267 953 1312 Antonii
967 1265 1050 1310 Vlnclr
1061 1268 1209 1311 litterarum
1220 1267 1336 1312 ltalicnrn
1347 1265 1488 1319 exemplam
1500 1263 1515 1304 ⁸.

985 1507 1059 1590 Jns.

472 1722 525 1787 La
541 1737 619 1801 gra.
641 1731 674 1784 et
690 1737 790 1784 amor
809 1728 932 1783 eterno
951 1719 987 1784 di
1007 1720 1113 1784 Chro.
1135 1735 1212 1782 nro.
1231 1715 1299 1782 85⁶
1324 1735 1464 1800 sempre
1481 1719 1531 1782 sia
1547 1713 1614 1779 nelli

410 1830 516 1894 cuori
528 1829 595 1892 nri.
613 1827 742 1892 Amen.

474 1935 544 1999 Era
560 1915 688 2014 meglio
702 1933 808 2012 forse,
826 1943 860 1996 et
873 1935 932 2014 pih
945 1934 1108 2013 honesto,
1119 1933 1161 1998 R.
1175 1935 1210 1998 in
1223 1933 1330 2004 Chro.
1345 1933 1397 2009 Ρ.,
1412 1927 1612 1997 confessarii

414 2041 630 2122 negligentia
646 2052 781 2120 nostra,
807 2043 894 2104 sela
920 2043 1077 2119 volunta,
1097 2052 1133 2105 et
1153 2043 1175 2104 l'
1194 2041 1318 2106 ordine
1337 2041 1373 2104 di
1388 2039 1433 2104 V.
1454 2037 1495 2102 R.
1510 2035 1544 2100 Ρ.
1558 2049 1612 2096 non

410 2147 636 2213 cisforzasse
656 2167 677 2211 a
698 2147 854 2211 scriuere
874 2149 941 2226 cio,
964 2149 1030 2212 che
1053 2165 1116 2228 per
1140 2149 1258 2228 gratia
1280 2147 1337 2212 del
1362 2145 1433 2211 §.⁰¹
1455 2146 1486 2212 si
1505 2151 1523 2208 e
1544 2142 1613 2205 latro

409 2255 527 2337 questi
544 2265 685 2336 quattro
700 2254 818 2318 messi.

474 2363 518 2426 Et
532 2363 645 2443 prima
661 2360 909 2425 comentiando
924 2360 1007 2425 dalli
1023 2361 1216 2425 domestici.
1240 2360 1402 2438 Hauemo
1422 2379 1443 2422 a
1463 2351 1614 2438 regratiar

414 2469 450 2532 la
470 2468 601 2532 Diuina
619 2467 782 2548 Magesta
806 2467 841 2530 di
861 2466 930 2530 Dio
954 2485 1030 2531 nro.
1053 2467 1121 2531 ὃν
1151 2468 1217 2531 che
1242 2469 1267 2531 li
1292 2467 1453 2532 conforta
1473 2467 1613 2530 talmene
1678 2525 1679 2534 ,

414 2576 495 2638 tutti
519 2576 612 2638 nella
627 2576 815 2638 vocatione
841 2586 876 2637 et
891 2576 947 2638 nel
967 2575 1092 2654 spirito
1112 2575 1203 2639 della
1223 2592 1300 2638 nra.
1323 2575 1467 2654 comp.²‚
1487 2573 1545 2636 che
1557 2563 1613 2628 dili·

414 2691 637 2763 gentemente
659 2685 687 2745 s'
713 2683 883 2761 agintano
908 2692 943 2745 et
969 2681 999 2745 si
1025 2681 1190 2746 sforzano
1216 2683 1330 2763 primo
1354 2681 1411 2744 nel
1430 2678 1611 2744 orationea

415 2789 497 2853 nelli
519 2789 600 2852 altri
625 2789 797 2852 essercitii
822 2790 1032 2870 spiritualia
1053 2788 1249 2869 profitarse3
1273 2799 1307 2852 et
1320 2790 1354 2851 la
1370 2788 1479 2851 bonta
1501 2783 1551 2846 del
1563 2777 1613 2841 S.re

414 2895 670 2977 gliessnudise,
693 2913 793 2959 come
814 2898 907 2959 nella
928 2895 1046 2959 buono
1071 2898 1147 2959 loro
1173 2895 1395 2959 edificatione
1420 2895 1450 2958 si
1476 2899 1611 2958 conosch

416 3013 514 3068 tanto
528 3001 563 3065 di
589 3002 694 3083 quelli
715 3003 780 3066 che
804 3011 906 3066 stano
931 3004 988 3065 nel
1013 3003 1199 3083 colleggio,
1225 3011 1358 3082 quanto
1383 3002 1420 3065 di
1445 2993 1613 3081 qualche

415 3113 546 3173 vinono
561 3111 652 3173 nella
674 3125 758 3172 casa
784 3109 818 3172 di
843 3109 1062 3189 probatione.
1091 3109 1134 3172 Et
1159 3109 1293 3172 benche
1320 3110 1355 3172 in
1381 3119 1472 3172 tutto
1488 3107 1519 3169 ci
1531 3103 1613 3166 diano

410 3225 635 3294 contentam,
653 3215 817 3322 massime
833 3216 862 3279 si
878 3217 1059 3294 alegramo
1077 3215 1209 3279 rederli
1235 3226 1334 3278 tanto
1349 3215 1495 3279 animati
1509 3221 1540 3276 et
1552 3221 1614 3269 con·

417 3323 545 3387 firmati
560 3324 617 3385 nel
631 3323 791 3385 instituto
806 3322 897 3385 della
913 3339 989 3385 nra.
1008 3321 1142 3402 comp.a

476 3428 583 3510 Dipoi
599 3429 659 3492 alli
672 3429 779 3492 studii
794 3447 860 3491 con
876 3431 1034 3508 singular
1049 3429 1233 3508 diligentia
1249 3427 1281 3492 si
1296 3429 1450 3508 attende,
1465 3437 1498 3491 et
1513 3413 1616 3489 intatti

412 3537 448 3600 'si
461 3535 550 3599 vede
565 3538 673 3598 molto
688 3536 840 3598 notabile
855 3535 975 3614 frutto;
998 3546 1030 3598 et
1055 3536 1190 3599 benche
1206 3537 1229 3598 li
1254 3537 1409 3600 estranei
1434 3535 1579 3598 anchora
1593 3521 1615 3584 si

417 3641 625 3724 aprofitano,
641 3641 665 3704 li
679 3642 791 3706 nostri
815 3643 946 3705 scolari
965 3646 1072 3706 molto
1093 3644 1371 3722 singolarmente
1395 3643 1446 3723 gli
1467 3635 1615 3705 escedouo
1675 3621 1676 3628 '

418 3768 484 3814 con
496 3749 728 3813 admiratione
740 3765 810 3812 non
822 3750 1016 3813 solamente
1028 3751 1110 3813 delli
1125 3751 1246 3834 Mastri
1259 3769 1316 3814 ma
1329 3750 1421 3814 della
1433 3761 1535 3824 terra,
1546 3753 1615 3808 mas·

415 3860 504 3921 sime
519 3857 608 3920 hora
622 3873 686 3937 per
700 3867 796 3919 certe
811 3856 879 3920 ode
894 3855 959 3919 che
974 3857 1092 3921 fecero
1107 3873 1225 3936 grece,
1240 3875 1260 3920 a
1276 3857 1471 3921 imitatione
1482 3855 1515 3920 di
1525 3847 1614 3934 quelle

409 3966 453 4028 'di
467 3962 632 4040 Pindaro,
649 3963 686 4025 in
701 3962 803 4026 laude
824 3963 861 4026 di
880 3960 946 4026 S.¹⁰
960 3961 1107 4026 Nicolao
1121 3981 1189 4026 con
1209 3963 1309 4027 molti
1330 3965 1411 4027 altri
1431 3962 1525 4028 versi
1540 3949 1614 4038 greti

418 4083 452 4134 et
467 4070 577 4147 latini,
595 4069 738 4150 (perche
753 4070 789 4132 iu
804 4069 826 4132 l'
844 4087 915 4132 vna
931 4080 965 4133 et
985 4071 1006 4133 l’
1025 4072 1116 4133 altra
1134 4071 1257 4148 lingua
1277 4070 1306 4132 si
1327 4067 1549 4143 essercitano)
1567 4059 1615 4124 che

415 4180 509 4241 nella
524 4194 589 4240 sua
603 4176 693 4240 festa
708 4177 739 4239 si
751 4175 880 4240 misero
891 4194 998 4257 sopra
1012 4179 1042 4240 le
1054 4189 1155 4257 porte
1169 4177 1259 4240 delle
1274 4177 1358 4256 (sic)
1374 4178 1493 4241 chiesa
1507 4179 1614 4238 nostra·

416 4301 517 4348 come
537 4283 688 4347 hauemo
704 4283 739 4346 di
755 4295 911 4368 costume
926 4283 1002 4347 fare
1018 4283 1316 4348 ordinariamente
1341 4286 1377 4348 in
1403 4287 1483 4366 quel
1503 4282 1614 4362 giorno

418 4391 483 4455 Nel
497 4391 670 4471 principio
685 4390 741 4453 del
756 4391 873 4453 studio
889 4390 935 4452 M.
954 4391 1103 4454 Anibale
1118 4389 1194 4455 fece
1210 4409 1282 4454 vna
1294 4393 1454 4456 oratione
1465 4403 1572 4470 greca,
1582 4381 1616 4442 la·

419 4500 504 4576 tina,
527 4509 561 4561 et
582 4497 749 4560 hebraica
774 4498 808 4559 in
834 4498 913 4560 lode
934 4497 1023 4560 delle
1044 4497 1064 4560 3
1085 4499 1217 4578 lingue,
1242 4499 1340 4562 dotta
1362 4508 1396 4562 et
1417 4501 1575 4578 elegante,
1591 4489 1615 4545 ei

462 4667 469 4698 ¹
482 4705 485 4712 ,
497 4665 539 4708 Ex
550 4667 600 4708 vol.
611 4663 724 4715 Mixtus,
733 4665 808 4717 1553,
820 4665 844 4707 in
852 4665 894 4708 fol.
907 4665 1011 4719 duplici,
1022 4677 1063 4708 nn.
1075 4665 1146 4709 latet
1159 4665 1261 4710 lid-ln
1271 4667 1308 4710 els
1316 4673 1447 4720 postrema
1455 4673 1547 4710 tantam
1555 4655 1614 4703 verta

419 4734 453 4780 1).
471 4735 498 4782 V.
509 4735 634 4780 Raram..
650 4735 730 4780 Vincla
740 4743 765 4779 et
776 4737 1027 4791 superscriptionum
1037 4747 1114 4780 manu
1124 4737 1203 4792 ipsius
1214 4737 1302 4782 Patris
1311 4736 1406 4784 Vlnclr.
