3368 5528
651 499 714 558 An.
737 499 807 559 1550
953 467 955 470 ’
1288 501 1343 560 on

114 641 171 706 hic
195 643 349 708 collecto*
372 645 559 709 certiorem
584 645 701 709 lacere
726 645 912 723 conuenit,
938 661 1044 726 quam
1073 645 1280 709 breuissime
1305 645 1339 711 id

115 749 209 814 iussu
224 748 424 832 Superioris
438 753 549 816 nostri
564 751 693 816 facturi
708 769 841 816 sumus.
858 750 1107 834 Superioribus
1128 753 1247 833 itaque
1270 752 1337 817 die·

115 856 180 921 bus
194 870 228 920 et
244 857 522 940 Archiepiscopo
537 860 661 922 eteius
676 859 903 940 suffraganeo
919 859 1049 940 priuati
1071 876 1192 923 sumus
1215 857 1240 922 ¹:
1258 876 1338 940 quo·

116 979 196 1026 rum
210 963 327 1028 obitus
338 963 539 1045 plurimum
558 965 665 1045 angit
684 983 758 1045 coe,
779 966 843 1046 qui
860 972 996 1030 norunt
1015 966 1221 1046 cujusmodi
1240 973 1339 1036 sunt.

116 1069 178 1149 qui
200 1087 295 1134 nunc
318 1071 357 1134 in
375 1089 498 1135 eorum
524 1072 640 1136 locum
658 1073 763 1152 sorte
785 1073 979 1154 cooptandi
994 1079 1124 1136 essent.
1151 1073 1284 1137 Reddit
1305 1080 1339 1137 et

113 1175 220 1240 haec¹
242 1195 299 1243 res
320 1177 488 1243 Senatum
508 1190 667 1244 nostrum
686 1197 757 1244 non
779 1196 904 1260 parum
925 1180 1101 1243 solicitum
1122 1181 1257 1260 reddit,
1277 1181 1338 1262 qui

113 1283 202 1348 hanc
217 1285 284 1348 sibi
304 1287 529 1350 commissam
551 1287 732 1351 ciuitatem
752 1287 788 1350 in
809 1305 893 1351 uera
914 1297 948 1351 et
968 1287 1142 1352 catholica
1165 1287 1335 1368 religione

111 1393 315 1457 conseruari
329 1403 498 1474 perpetuo
514 1404 675 1475 cuperet,
691 1401 729 1457 ut
745 1396 864 1459 multis
879 1393 1098 1474 argumentis
1112 1396 1207 1458 clare
1222 1404 1334 1459 osten·

111 1495 170 1561 dit.
194 1498 299 1563 Certe
320 1500 371 1563 sic
393 1517 477 1564 suos
499 1500 535 1564 in
557 1500 671 1564 officio
696 1501 868 1579 continet,
896 1519 934 1565 ut
958 1519 1079 1577 nemo,
1107 1503 1334 1583 quantumuis

111 1604 318 1684 haereticus
336 1609 453 1688 palam
468 1608 600 1690 aliquid
614 1609 833 1673 committere
853 1608 997 1688 audeat,
1014 1609 1106 1688 quod
1121 1610 1333 1674 acatholico

110 1713 259 1776 alienum
279 1714 336 1791 sit,
357 1714 393 1778 ni
414 1699 503 1778 sorte
525 1715 632 1778 exilio
654 1715 816 1778 mulctari
835 1716 930 1779 uelit.
955 1716 1072 1779 Bonos
1092 1733 1214 1780 omnes
1229 1717 1332 1780 unice
1426 1782 1428 1788 ,

110 1829 218 1899 amat,
234 1797 269 1883 et
285 1835 415 1900 magno
437 1820 570 1884 honore
592 1820 709 1900 afficte
726 1820 1022 1902 quemadmodum
1041 1830 1076 1885 et
1098 1839 1163 1885 nos
1177 1823 1331 1901 quotidie

110 1927 319 2007 experimur.

166 2035 297 2098 Consul
311 2044 458 2116 uterque
473 2036 576 2100 huius
591 2037 690 2114 anni,
707 2043 778 2117 pro
800 2034 990 2114 singulari
1006 2052 1129 2098 eorum
1150 2034 1189 2097 in
1210 2052 1331 2099 omncs

110 2138 300 2220 religiosos
314 2147 348 2205 et
360 2142 469 2206 bonos
484 2142 676 2222 charitate,
691 2142 735 2206 D.
752 2141 934 2206 Arnuldus
953 2141 1117 2222 Sigenius
1132 2153 1166 2205 et
1181 2142 1225 2205 D.
1242 2142 1328 2206 Her·

108 2263 255 2312 manuus
269 2247 534 2314 Sudermunnus
553 2249 575 2328 ³,
592 2261 738 2331 paterne
754 2250 943 2314 admodum
955 2267 1019 2313 nos
1035 2251 1327 2329 complectuntur.

107 2351 259 2433 Quorum
279 2356 338 2420 ille
357 2372 436 2420 cum
456 2356 551 2420 alias
565 2357 783 2439 frequenter,
804 2363 881 2420 tum
896 2356 1145 2437 superioribus
1159 2356 1330 2436 proxr'rne

107 2460 241 2541 diebus,
256 2472 330 2528 tam
345 2465 545 2530 humaniter
560 2466 662 2530 nobis
677 2482 816 2530 omnem
838 2481 939 2529 suam
959 2481 1103 2544 operam
1127 2464 1267 2543 obtulit;
1292 2475 1329 2528 ut
1407 2478 1409 2482 ·

107 2567 140 2630 iu
163 2586 234 2633 uon
258 2570 435 2636 modicam
459 2589 556 2653 spem
582 2584 721 2636 erectus
746 2573 828 2650 sim,
856 2571 931 2635 sore
957 2581 995 2634 ut
1022 2569 1182 2635 Societas
1205 2580 1328 2635 nostra

106 2676 279 2754 perillum
300 2679 447 2743 multum
467 2679 663 2744 adiuuetur.
690 2678 757 2742 Hic
776 2696 861 2742 uero
881 2688 1040 2742 nostram
1058 2694 1204 2742 causam
1225 2680 1328 2759 plane

106 2797 202 2847 suam
226 2783 354 2848 secisse
379 2785 535 2849 uidetur:
558 2786 646 2848 adeo
671 2783 683 2816 ⁴
706 2795 829 2849 nostro
851 2785 887 2848 in
908 2785 1050 2864 negotio
1070 2785 1256 2864 diligenter
1280 2786 1326 2847 la·

106 2886 216 2966 borat,
233 2899 341 2972 atque
356 2891 385 2955 si
401 2893 581 2974 proprium
604 2900 708 2956 esset.
724 2892 818 2956 Data
841 2891 1028 2954 occasione
1049 2891 1185 2971 aliqua,
1206 2907 1326 2972 quam·

107 2997 160 3058 vis
184 2997 195 3030 ⁸
218 2999 381 3078 m'inima,
408 2999 637 3064 honorificam
660 2997 849 3063 admodum
871 2999 984 3062 nostri
1006 2998 1218 3062 mentionem
1242 2998 1327 3062 lacit

105 3104 192 3184 apud
206 3123 287 3182 eoS‚
303 3107 364 3187 qui
384 3122 487 3186 opem
501 3105 632 3170 nostris
647 3106 752 3170 rebus
771 3104 897 3168 afferre
919 3121 1023 3186 posse
1045 3113 1225 3184 putantur,
1248 3123 1326 3168 uos·

104 3225 166 3288 que
183 3213 234 3276 eis
249 3208 379 3277 'sedulo
401 3212 590 3278 admodum
613 3213 847 3278 commendat.
869 3211 988 3292 Nuper
1010 3212 1117 3276 etiarn
1137 3212 1326 3293 quemdam

105 3321 219 3398 magni
234 3321 388 3384 nominis
404 3321 518 3385 uirum
534 3333 654 3386 nostro
670 3321 812 3384 nomine
833 3319 1000 3397 accessit,
1018 3329 1052 3382 et
1074 3337 1153 3382 cum
1173 3337 1215 3383 eo
1230 3320 1324 3383 serio

105 3425 200 3501 plane
216 3426 260 3491 de
276 3428 381 3491 rebus
395 3429 526 3493 nostris
541 3429 632 3508 egit;
649 3437 683 3490 et
698 3427 801 3490 ualde
815 3426 866 3490 eis
888 3435 1091 3504 succenset,
1114 3426 1241 3507 quibus
1256 3426 1325 3489 mi·

108 3547 168 3594 nus
185 3543 308 3598 nostra
329 3533 493 3599 uidentur
511 3551 589 3598 esse
612 3535 722 3598 cordi.
746 3533 840 3598 Bene
861 3543 1049 3614 propterea
1069 3533 1171 3596 nobis
1190 3536 1324 3610 uolunt,

107 3645 203 3719 atque
218 3639 254 3704 id
270 3641 400 3721 reipsa
415 3640 599 3705 manifeste
618 3639 806 3706 ostendunt
822 3640 922 3707 multi
944 3640 1003 3704 alii
1023 3639 1198 3720 praeclari
1219 3638 1326 3704 Sena-

105 3751 208 3826 tores;
236 3747 308 3810 imo
330 3757 442 3812 totum
463 3747 536 3812 sere
561 3763 642 3812 eum
665 3747 824 3811 ordinem
845 3747 1047 3810 deuinctum
1072 3746 1326 3811 consuetudine

105 3859 267 3918 tenemus.

159 3959 322 4026 Nondum
337 3971 455 4026 tamen
470 3964 572 4028 nobis
592 3964 782 4045 collegium
796 3962 986 4041 dederunt,
1003 3979 1074 4024 non
1095 3961 1189 4043 quod
1204 3962 1324 4043 nolint
1348 4017 1352 4026 ,

103 4064 228 4140 (uolunt
244 4069 338 4134 enim
352 4086 458 4149 quam
474 4071 638 4150 maxime)
654 4071 716 4136 sed
732 4071 813 4153 quia
830 4072 1000 4134 hactenus
1015 4071 1150 4133 nullum
1164 4086 1318 4133 uacuum

137 4309 143 4338 ¹
170 4309 281 4364 Jounues
289 4310 370 4367 Nupel
379 4323 429 4356 von
439 4311 585 4368 Lrppsuou
594 4315 780 4368 suffraganeus,
789 4315 880 4358 vivere
891 4313 965 4356 desiit
973 4311 1009 4355 6.·
1017 4309 1076 4364 Julll
1088 4309 1139 4354 1656
1148 4309 1324 4361 (seruassen-

101 4389 151 4433 (ιιι,
162 4383 177 4426 l.
188 4395 219 4436 c..
229 4394 290 4440 pag.
298 4383 346 4435 216,
358 4391 446 4428 annot.
456 4384 487 4438 8);
503 4385 637 4440 ridulphus
653 4391 740 4428 autem
755 4395 805 4428 von
822 4383 1015 4436 scuauennurg.
1032 4380 1258 4436 Archlepueopur,
1269 4378 1316 4424 20.¹

103 4449 253 4507 Septembri·
264 4454 378 4509 eiusdem
386 4455 446 4500 unul
457 4455 510 4499 1666
519 4454 620 4510 (Gens).

135 4521 145 4553 ²
171 4525 399 4580 waimarum.

134 4594 145 4626 ¹
170 4597 300 4642 Arnuldus
310 4609 360 4642 rou
371 4597 465 4653 Slegen
477 4607 501 4643 et
515 4597 677 4644 Hermunnus
688 4598 856 4644 Sudermunn.
869 4595 982 4650 Hnuauu,
995 4597 1010 4642 l.
1021 4606 1053 4650 c„
1061 4604 1123 4652 pag.
1132 4593 1170 4640 261
1182 4599 1208 4638 et
1217 4593 1265 4639 na.

135 4668 146 4701 ⁴
170 4669 386 4716 emmeramus.

138 4738 147 4771 ¹
173 4743 223 4785 uel.
237 4739 274 4787 ln.
