3436 5526
495 493 666 554 nonnam
685 509 719 554 nr
738 509 826 554 rouo
840 509 989 554 secunao
1302 493 1357 550 hil

119 641 145 701 l·
163 633 278 718 hebbe
299 656 366 703 con
381 642 489 704 molta
505 639 637 704 felicita
656 649 691 704 et
717 639 957 717 sodisfatione,
975 648 1010 702 et
1032 640 1189 703 anchora
1207 638 1354 704 sodisia-

122 745 222 810 tione
235 745 272 808 di
286 761 351 808 sua
365 746 587 824 Eccellenza,
603 745 669 810 che
680 745 719 810 su
733 755 895 826 presente
910 747 966 809 col
979 743 1192 826 Magistrato
1212 755 1246 808 et
1264 747 1355 808 altro

117 868 301 916 concorso
316 852 350 915 di
364 853 611 933 gentilhomini
625 863 660 916 et
682 851 843 916 cittadini
863 862 898 916 et
920 851 1062 932 scolari;
1083 861 1118 915 et
1137 862 1237 916 tanto
1252 851 1355 916 furno

121 958 217 1022 mosi
231 975 294 1039 per
307 960 411 1040 quell’
433 960 593 1023 oratione
614 959 680 1022 che
697 961 719 1021 'l
733 976 881 1022 numero
904 959 957 1022 de'
975 959 1106 1022 scolari
1130 968 1299 1037 crescere,
1320 971 1356 1022 et

122 1064 196 1128 lino
212 1065 340 1129 adesso
354 1082 449 1130 vano
463 1065 611 1129 animati
626 1067 734 1129 molto
750 1065 832 1130 nelli
847 1065 952 1143 studi,
969 1066 1182 1130 attendendo
1194 1066 1354 1131 anchora

120 1189 194 1236 con
209 1173 374 1252 maggior
388 1172 571 1252 diligentia
587 1173 652 1236 che
667 1173 738 1236 mai
753 1173 821 1236 alle
836 1189 920 1236 cose
935 1173 1123 1253 spirituali,
1142 1174 1201 1254 piu
1215 1173 1356 1238 soleciti

121 1279 192 1342 alle
207 1279 386 1360 prediche,
404 1281 470 1343 alle
485 1295 610 1358 messe,
628 1289 662 1342 et
678 1281 744 1342 alle
760 1279 985 1356 confessioni,
1003 1280 1068 1342 che
1082 1282 1153 1344 mai
1165 1282 1308 1344 lassano
1320 1279 1356 1344 di

122 1402 221 1450 mese
241 1386 278 1449 in
303 1402 410 1463 mese,
426 1386 562 1450 benche
585 1388 702 1450 alcuni
724 1387 784 1466 piu
806 1402 911 1466 speso
931 1387 965 1450 le
987 1385 1233 1467 frequentem,
1248 1399 1283 1450 et
1300 1396 1356 1450 tra

117 1492 240 1572 questi
252 1509 340 1556 sono
355 1494 473 1556 alcuni
489 1493 666 1572 maggiori
681 1503 715 1556 et
733 1492 841 1556 nobili
856 1493 893 1556 di
907 1503 1006 1556 tanta
1027 1493 1121 1574 pieta
1137 1510 1241 1558 uerso
1261 1493 1286 1556 li
1297 1511 1355 1574 po-

123 1599 213 1678 ueri,
230 1599 297 1663 che
311 1617 406 1663 vano
420 1600 598 1664 cercando
623 1617 686 1680 per
702 1600 771 1663 essi
786 1601 989 1679 elemosine,
1005 1611 1040 1664 et
1054 1601 1080 1665 li
1090 1617 1298 1680 souengono
1318 1599 1357 1662 in

125 1711 281 1785 atroque
291 1705 432 1770 honu'ne
446 1707 649 1771 menandoli
663 1725 683 1770 a
699 1706 915 1772 consessare.

188 1811 288 1876 Molli
302 1829 391 1876 sono
408 1813 604 1878 desiderosi
618 1814 709 1878 della
725 1815 909 1893 religione,
936 1825 970 1877 et
985 1813 1073 1880 hora
1096 1831 1166 1878 vno
1180 1815 1247 1890 ,sie
1267 1815 1356 1878 iatto

119 1920 181 1982 del
195 1919 319 1983 ordine
333 1919 370 1983 di
384 1918 451 1984 S.t⁰
473 1920 682 2000 Domenico;
699 1922 780 1986 altri
805 1933 909 1984 stano
923 1937 987 2002 per
1014 1921 1156 1986 vestirsi
1175 1930 1232 1985 tra
1250 1938 1356 2002 capu·

123 2027 216 2100 3131,
242 2027 399 2091 bramosi
418 2028 528 2107 perho
553 2026 646 2092 della
667 2026 811 2108 Comp.⁸
833 2044 923 2106 nra.;
950 2044 1008 2091 ma
1034 2027 1168 2107 perche
1190 2044 1238 2091 no
1261 2028 1355 2092 hano

124 2133 240 2212 quelle
254 2135 347 2214 parti
357 2133 423 2198 che
437 2135 472 2197 31
482 2135 643 2198 instituto
657 2145 779 2198 nostro
795 2149 1041 2213 conuengano,
1059 2133 1202 2214 quando
1215 2135 1355 2198 vedono

123 2240 161 2302 di
176 2256 248 2303 non
262 2249 384 2320 potere
398 2257 517 2304 essere
531 2241 667 2318 riceuti,
689 2239 736 2304 ad
755 2242 844 2304 altre
864 2240 957 2321 parti
979 2242 1009 2304 si
1030 2242 1185 2317 uoltano;
1204 2227 1288 2306 altri
1306 2259 1357 2304 es·

126 2355 269 2426 petrano,
285 2347 463 2425 sperando
479 2347 545 2410 che
564 2350 599 2410 la
614 2358 736 2411 nostra
754 2357 857 2427 porta
879 2347 903 2409 li
922 2353 1006 2410 sara
1026 2357 1161 2426 aperta,
1188 2357 1223 2419 et
1238 2364 1354 2428 perse·

126 2471 262 2516 nerano
276 2454 358 2517 tutti
373 2471 441 2517 con
455 2454 572 2517 buona
588 2453 822 2518 edificatione.

185 2559 286 2623 Nella
302 2560 421 2622 chiesa
436 2570 559 2624 nostra
574 2560 802 2624 continuamo
817 2577 956 2640 sempre
972 2562 1005 2623 al
1021 2561 1126 2624 solito
1140 2562 1172 2623 le
1189 2560 1357 2640 prediche

125 2677 161 2729 et
175 2668 209 2728 le
223 2666 370 2745 lettioni,
383 2669 440 2730 col
451 2685 515 2736 suo
527 2667 631 2730 solito
643 2683 828 2744 concorso,
844 2685 911 2730 con
923 2668 1031 2730 molto
1042 2667 1182 2731 feruore
1191 2675 1225 2730 et
1234 2667 1356 2742 irutt0,

122 2771 238 2838 chesi
252 2789 404 2836 conosce
418 2774 511 2836 dalle
525 2773 708 2850 lachrime,
722 2772 806 2836 dalli
818 2772 958 2853 sospiri,
973 2785 1007 2836 et
1018 2775 1134 2852 quello
1148 2775 1213 2836 che
1228 2773 1358 2853 pihim-

125 2891 241 2960 porta,
258 2881 353 2943 (13113
368 2881 561 2944 mutatione
578 2897 664 2942 vera
680 2878 772 2942 della
788 2880 861 2943 vita
877 2881 970 2942 mala
987 2881 1057 2942 alla
1074 2879 1148 2944 vita
1168 2880 1296 2942 buona.
1313 2879 1360 2944 Et

122 2986 250 3066 quindi
271 2987 430 3050 anchora
445 2988 550 3067 quelli
565 3004 635 3050 non
658 2987 786 3062 odono,
808 2986 838 3049 si
859 2987 1040 3066 agiutano;
1068 2987 1198 3066 perche
1214 2986 1238 3050 li
1262 2987 1358 3050 audi·

125 3093 198 3156 tori
212 3093 472 3172 priuatamente
487 3093 569 3156 fano
584 3093 605 3155 l'
617 3091 731 3156 officio
742 3092 777 3154 di
788 3092 1023 3173 predicatore,
1037 3092 1248 3156 essortando
1260 3093 1355 3171 altri,

126 3209 161 3262 et
177 3216 244 3263 con
261 3201 337 3262 loro
352 3200 543 3279 guadagno
560 3199 741 3280 pigliando
756 3216 896 3278 sempre
911 3199 1019 3280 pesci.

188 3304 289 3369 Oltra
305 3307 340 3369 (11
360 3307 415 3376 cio
440 3308 475 3371 in
504 3308 611 3369 molte
637 3308 725 3369 altre
750 3305 869 3369 chiese
889 3306 917 3368 si
944 3305 1099 3386 predica.
1129 3304 1173 3368 Et
1194 3307 1360 3370 massime

124 3414 221 3476 neila
246 3413 367 3476 chiesa
392 3413 566 3492 maggior,
599 3429 664 3476 oue
690 3429 778 3476 sono
804 3423 896 3475 state
919 3412 1084 3491 prediche
1115 3421 1240 3492 questo
1265 3429 1359 3476 anno

128 3522 237 3584 molto
253 3518 446 3600 frequente,
464 3537 549 3584 cosa
565 3537 635 3584 non
651 3520 756 3582 solita
772 3519 808 3582 di
822 3519 929 3596 farse;
943 3530 977 3582 et
989 3518 1061 3581 indi
1073 3519 1360 3582 massimamentc

126 3627 158 3689 si
173 3643 327 3690 conosce
344 3627 367 3690 il
381 3626 503 3706 srutto,
521 3627 586 3690 che
599 3626 688 3690 tanti
703 3625 733 3690 si
746 3625 968 3703 confessan0,
983 3624 1048 3688 che
1060 3641 1123 3704 per
1134 3636 1256 3704 queste
1272 3625 1360 3688 leste

126 3733 186 3797 del
204 3735 336 3808 natale,
355 3735 446 3796 oltra
462 3735 484 3796 l'
501 3731 696 3809 ordinario,
716 3735 842 3812 cinque
860 3732 940 3794 delli
960 3732 1075 3795 nostri
1090 3731 1193 3812 padri
1209 3741 1360 3795 stauano

127 3841 295 3921 occupati
310 3841 596 3905 continuamente
611 3841 680 3904 lino
697 3819 717 3903 a
733 3843 840 3904 molte
852 3840 939 3902 hore
953 3838 989 3902 (11
1005 3850 1113 3916 notte,
1130 3855 1237 3900 senza
1253 3838 1360 3918 quelli

128 3948 195 4011 che
210 3947 301 4010 nelle
320 3947 408 4011 altre
431 3948 561 4024 chiese,
585 3959 619 4010 et
641 3947 808 4011 massime
828 3947 920 4009 nella
936 3944 1110 4024 maggior,
1138 3945 1168 4006 si
1184 3944 1360 4008 confessa·

127 4069 235 4132 uano;
252 4053 404 4117 essendo
416 4055 452 4117 in
468 4053 553 4132 ogni
568 4054 670 4117 luoco
683 4052 898 4116 confessioni
912 4061 946 4114 et
958 4051 1209 4114 communioni.
1222 4051 1362 4115 Alcunc

125 4175 215 4240 pace
233 4159 264 4222 si
278 4175 369 4222 sono
383 4159 480 4237 fatte;
496 4161 612 4223 alcuni
628 4159 721 4222 hano
734 4161 864 4222 lassate
880 4160 912 4220 le
929 4157 1137 4236 concubine;
1159 4158 1241 4220 altri
1257 4158 1361 4221 haue·

125 4283 182 4330 mo
197 4264 289 4329 uditi
303 4265 369 4329 che
384 4284 446 4347 per
465 4253 501 4329 1'2
516 4277 550 4329 et
568 4267 605 4328 15
620 4266 703 4330 anni
715 4283 786 4329 non
801 4266 831 4327 si
847 4280 957 4328 erano
971 4262 1174 4326 consessati.
1190 4262 1288 4327 Certi
1302 4265 1363 4328 ho-

127 4371 211 4436 mini
236 4372 282 4436 da
307 4372 396 4436 bene
423 4375 581 4436 anchora
607 4373 643 4436 di
667 4372 790 4452 quelli,
824 4371 889 4434 che
913 4370 1149 4450 frequentano
1180 4371 1213 4432 13
1240 4379 1363 4434 nostra
1470 4435 1476 4449 p

126 4479 261 4557 chiesa,
276 4479 371 4542 hano
385 4479 475 4544 latta
490 4497 562 4543 vna
582 4479 716 4558 comp*
735 4489 791 4541 tra
812 4495 861 4556 se,
883 4487 918 4540 et
938 4493 1005 4540 con
1027 4476 1097 4540 essi
1118 4482 1137 4538 e
1157 4492 1227 4539 uno
1247 4494 1364 4540 sacer-

125 4586 223 4664 dote,
247 4583 284 4648 di
302 4586 430 4650 visitar
448 4586 571 4667 poueri
594 4588 628 4649 al
651 4584 766 4662 tardo,
795 4594 828 4648 et
851 4583 1000 4664 sepelire
1021 4583 1137 4660 morti,
1160 4581 1364 4646 souenendo

128 4693 186 4756 del
202 4692 415 4756 necessario.
434 4693 571 4756 Alcune
586 4692 703 4754 donne
723 4691 882 4760 anchora
906 4689 1049 4752 obsesse
1069 4689 1099 4752 si
1114 4705 1201 4752 sono
1217 4690 1366 4753 liberate
