3368 5528
548 551 551 557 ·
623 531 688 596 Au.
709 533 779 596 1556
1260 531 1315 596 577

92 683 333 748 conciliarent
343 683 518 764 perficere
532 681 796 764 nequiuissent),
813 681 967 762 quinque
981 697 1019 744 se
1035 674 1133 746 uiros
1153 684 1313 746 exomni

90 790 234 854 ciuitate
249 791 397 855 idoneos
412 791 640 855 delecturum.
1391 789 1394 794 ’

148 895 390 962 Accesserant
404 906 440 963 et
453 898 523 964 duo
539 895 584 960 ad
599 895 755 961 Montem
769 893 939 960 Sanctum
951 895 1014 974 (sic
1028 895 1195 977 oppidum
1205 898 1313 979 quod·

89 1002 169 1068 dam
186 1005 223 1068 in
239 1003 369 1069 Piceno
384 1004 538 1083 uocant),
555 1004 662 1081 vnde,
683 1003 810 1086 quibus
830 1002 990 1066 Societas
1011 1004 1159 1067 multum
1179 1006 1319 1068 exerciae

89 1111 164 1174 lari
186 1111 372 1176 consueuit
396 1111 543 1192 studiis,
568 1109 823 1192 amplissimum
847 1108 1002 1173 fructum
1022 1112 1228 1175 retulerunt.
1255 1111 1313 1177 Ad

87 1233 239 1296 magnas
253 1218 346 1282 enim
360 1228 395 1282 et
410 1217 447 1280 t'n
462 1217 610 1297 magnis
624 1215 777 1280 summis
787 1215 944 1280 difficiles
956 1216 1196 1282 restitutiones
1207 1236 1308 1300 quos-

87 1322 168 1387 dam
182 1324 409 1390 induxerunt.
426 1325 680 1389 Monasterium
699 1323 956 1388 monacharum
974 1324 1049 1388 eius
1068 1324 1223 1389 ciuitatis
1241 1325 1307 1408 pri·

87 1431 201 1495 stinae
217 1431 413 1512 integritati
428 1431 625 1496 communis
639 1441 674 1495 et
693 1429 921 1511 Apostolicae
942 1431 1037 1495 uitae
1058 1431 1235 1495 rationem
1255 1451 1308 1496 sa·

86 1537 136 1600 cri
155 1538 312 1602 conuiuii
336 1538 617 1621 frequentatione
637 1537 877 1601 restituerunt.
898 1536 1012 1600 Dt‘rae
1033 1537 1166 1618 aliquot
1186 1537 1311 1604 Satha-

87 1661 151 1707 uae
166 1643 228 1708 diu
241 1646 463 1727 mancipatos
474 1644 649 1724 seruituti,
661 1643 803 1709 Christo
819 1653 1065 1724 asseruerunt;
1086 1661 1127 1708 ac
1144 1645 1235 1710 inter
1250 1664 1312 1712 eos

85 1750 283 1833 iuuencula,
300 1753 351 1817 illi
365 1753 438 1818 iam
451 1753 542 1834 pesti
558 1752 602 1816 ab
615 1751 853 1833 impurissima
865 1763 978 1815 matre
989 1751 1177 1833 destinata,
1189 1771 1312 1819 eorum

87 1875 196 1938 opera
222 1865 256 1922 et
281 1858 415 1926 Christi
436 1859 614 1938 ductabus,
638 1859 826 1940 implorato
850 1857 1080 1938 magistratus
1103 1860 1245 1940 auxilio,
1266 1861 1311 1924 ab

85 1966 290 2047 turpissimo
312 1967 454 2031 interitu
478 1963 751 2043 reuocaretur,
778 1973 812 2028 et
834 1981 914 2028 cum
939 1965 1151 2045 magistratu
1172 1967 1208 2030 id
1232 1966 1310 2031 effe·

85 2082 192 2153 ctum,
209 2083 249 2138 ut
263 2091 341 2138 eam
362 2074 437 2156 ipse
456 2088 680 2139 communem
700 2071 842 2136 ciuitati
859 2072 1065 2152 adoptatam
1086 2072 1195 2138 liliam
1216 2075 1310 2156 apud

85 2180 255 2267 honestas
269 2197 442 2262 personas
455 2181 658 2245 collocaret.

139 2286 218 2352 Nec
234 2287 349 2352 minus
364 2287 400 2351 in
415 2286 547 2352 Sancto
563 2284 745 2366 Seuerino,
763 2285 920 2350 eiusdem
941 2285 1062 2350 Piceni
1082 2285 1224 2367 oppido,
1248 2288 1308 2352 alii

84 2395 128 2458 ad
141 2393 327 2475 religionis
342 2395 496 2459 studium
518 2395 652 2476 paucis,
676 2411 765 2475 quas
785 2393 832 2458 ibi
854 2393 1065 2474 habuerunt,
1085 2394 1308 2460 contionibus

82 2501 326 2581 profecerunt;
350 2521 392 2566 ea
412 2519 564 2584 namque
583 2519 665 2566 mox
685 2502 878 2581 uoluntate,
900 2501 996 2566 haud
1015 2500 1065 2565 ita
1086 2501 1224 2582 pridem
1242 2503 1308 2567 sibi

83 2609 243 2688 ignotam
268 2607 481 2674 Societatem
501 2617 676 2687 nostram,
700 2624 780 2671 cum
799 2611 961 2689 populus,
986 2618 1060 2672 tum
1081 2609 1307 2675 sacerdotum

83 2715 256 2798 imprimis
271 2716 431 2796 collegia,
449 2724 530 2780 sunt
545 2715 731 2796 complexi,
748 2723 872 2780 utnon
886 2724 957 2779 tam
973 2715 1105 2780 distare
1125 2718 1242 2798 aliquo
1262 2719 1307 2781 ab

82 2841 120 2887 ea
136 2823 354 2904 discrimine,
371 2840 478 2904 quam
493 2823 570 2886 eius
584 2822 727 2886 omnino
742 2823 814 2887 iam
829 2823 937 2886 ueluti
947 2830 1076 2904 partes
1095 2829 1130 2887 et
1149 2825 1307 2890 membra

83 2931 260 3012 quaedam
280 2947 357 2994 esse
382 2928 581 2995 uideantur.
608 2929 847 2994 Veneratione
872 2939 991 2994 autem
1019 2941 1117 2995 tanta
1141 2942 1222 2996 sunt
1246 2949 1305 2997 no·

81 3046 174 3103 stros
195 3037 386 3120 prosecuti,
410 3047 448 3102 ut
467 3039 583 3102 clerus
602 3038 716 3102 omnis
735 3038 842 3118 longo
861 3038 996 3117 ordine,
1018 3047 1187 3120 tanquam
1207 3039 1242 3104 in
1254 3055 1305 3102 sa-

80 3147 149 3210 cris
173 3147 453 3226 lustrationibus,
477 3146 685 3227 procedens,
714 3145 759 3209 ad
783 3159 992 3225 suggestum
1017 3145 1306 3212 concionatorem
1346 3175 1350 3182 ·

80 3252 244 3333 deducat,
259 3262 294 3318 et
308 3253 433 3317 eodem
448 3269 572 3317 rursus
587 3254 734 3333 honore,
754 3251 848 3316 lacta
864 3253 1047 3332 concione,
1068 3254 1228 3324 reducat.
1251 3255 1305 3320 Ex

79 3361 261 3424 canonicis
280 3376 387 3442 porro
409 3358 623 3423 honoratior
644 3357 790 3440 quisque
812 3364 846 3420 et
868 3360 1090 3438 expectatam
1109 3361 1251 3441 nostris,
1273 3364 1303 3427 si

79 3483 181 3530 sacra
196 3467 367 3545 lacerent,
384 3466 541 3531 studiose
562 3465 756 3547 cupideque
775 3465 967 3546 t'nserur'at,
985 3467 1067 3531 iicet
1085 3468 1214 3532 obnixe
1236 3469 1304 3532 illis

79 3575 203 3652 nostri,
222 3583 260 3637 ut
275 3573 312 3637 in
326 3573 500 3637 eiusmodi
515 3591 554 3636 re
566 3590 630 3654 par
645 3582 710 3652 est,
727 3571 934 3636 renitantur
948 3573 1249 3656 reluctenturque.

136 3680 188 3744 lbi
203 3697 290 3744 uero
301 3678 529 3761 quatriduum
541 3680 761 3758 commorati,
775 3679 1003 3745 Camerinum
1016 3694 1098 3746 sunt
1108 3685 1301 3764 progressi.

79 3785 144 3851 Hic
161 3787 233 3852 iam
248 3786 346 3850 urbis
363 3787 561 3868 Episcopus
583 3785 603 3866 ¹,
628 3788 687 3867 qui
707 3787 904 3851 incredibili
924 3805 986 3851 eos
1007 3791 1231 3855 contentione
1251 3809 1302 3856 rc·

78 3891 260 3974 quisierat,
277 3894 423 3974 ingenti
435 3893 608 3958 desiderio
624 3903 845 3974 expectorat,
861 3896 987 3959 maiori
1002 3896 1134 3960 laetitia
1150 3915 1192 3962 ac
1209 3900 1303 3962 uolu-

78 4011 175 4081 ptate
190 4003 341 4083 excepit.
364 4001 455 4066 Cum
477 4020 518 4066 eo
541 4001 694 4066 ciuitatis
716 4001 927 4065 Moderator
947 4004 1026 4084 pari
1045 4003 1089 4068 de
1110 4006 1211 4070 nobis
1232 4007 1303 4088 opi·

77 4110 182 4174 aione
199 4119 305 4190 atque
320 4109 583 4174 existimatione
599 4118 712 4172 certat
727 4125 734 4188 ;
751 4126 794 4173 55
813 4110 971 4188 nondum
990 4113 1034 4175 ab
1053 4113 1097 4176 iis
1116 4115 1303 4195 salutatus,

77 4221 270 4282 aduentum
284 4234 409 4281 eorum
423 4216 574 4281 buccina
594 4215 688 4280 iubet
707 4225 782 4279 tota
806 4218 892 4282 urbe
907 4226 1145 4299 personatum
1167 4223 1305 4287 cunctis

76 4324 250 4388 nunciari.
269 4323 400 4388 Omnes
416 4323 461 4388 ad
476 4338 603 4387 sacras
619 4323 803 4386 conciones
817 4331 850 4388 et
862 4326 1062 4391 doctrinam
1074 4329 1305 4395 christianam

76 4431 222 4511 excitat,
240 4440 427 4512 conuocat,
444 4431 590 4498 inuitat:
607 4447 754 4496 auersos
769 4441 803 4496 et
818 4434 1039 4514 negligentes
1053 4453 1134 4500 cum
1148 4438 1243 4502 bono
1262 4456 1305 4502 ac

74 4537 168 4603 fideli
195 4537 427 4602 Moderatore
453 4541 605 4620 optimus
629 4539 828 4624 Episcopus
854 4542 1037 4625 omnisque
1060 4545 1195 4626 primus
1218 4546 1316 4611 ordo·

115 4783 125 4818 ¹
154 4783 290 4832 nerum
297 4785 486 4843 beatianam.

184 4875 226 4936 Τ.
241 4891 281 4937 iv.
