3504 5532
653 503 655 510 ’
676 517 739 576 Au.
761 513 830 574 1556
1314 514 1367 576 175

146 657 244 740 Quae
268 659 388 728 omnia
413 659 543 730 mirum
566 661 604 724 in
623 677 690 724 nos
711 677 869 726 amorem
890 659 1011 741 populi
1031 660 1282 739 conciliaturam
1305 653 1378 744 qui

143 767 284 849 quidem
300 775 420 832 tantus
434 777 499 842 est,
516 778 555 832 vt
569 785 635 832 nos
647 767 718 848 xpi.
732 767 872 846 milites,
886 768 994 832 immo
1005 765 1209 848 Apostolos,
1222 777 1366 832 vocant.

142 874 218 938 Hac
234 873 521 955 quadragesima,
539 875 596 938 die
611 872 670 940 §.²¹
688 873 832 956 Joseph,
849 875 905 938 cui
920 884 1080 938 nostrum
1092 877 1261 956 templum
1273 876 1368 940 dica·

141 993 215 1046 tum
228 992 295 1059 est,
313 981 406 1046 R.<³¹¹⁸
431 981 470 1046 Ρ.
493 981 675 1063 Philippus
696 981 748 1060 (vt
769 981 920 1062 singulis
939 982 1049 1046 etiam
1069 982 1366 1063 quadragesimae

142 1088 279 1168 diebus)
295 1089 528 1154 concionatus
546 1098 616 1168 est;
640 1087 817 1154 affuerunt
838 1089 1002 1154 concioni
1024 1090 1125 1154 multi
1146 1089 1312 1155 doctores
1333 1100 1368 1156 et

140 1195 277 1260 nobiles
291 1196 372 1274 viri,
387 1196 620 1276 magistratus
635 1196 799 1274 ciuitatis,
817 1206 851 1262 et
867 1197 943 1276 ipse
954 1196 1062 1262 etiam
1072 1196 1280 1279 Episcopus,
1294 1199 1367 1279 qui·

140 1302 207 1366 hus
222 1303 385 1368 omnibus
400 1303 461 1368 illa
475 1319 546 1368 uon
560 1302 785 1368 mediocriter
800 1304 954 1384 placuit:
974 1303 1115 1368 recitati
1137 1315 1220 1370 sunt
1239 1315 1276 1368 et
1292 1307 1368 1386 plu·

138 1411 221 1476 rimi
235 1411 360 1492 hymni
374 1420 410 1476 et
424 1411 694 1493 epigrammata,
711 1421 785 1476 tum
800 1427 945 1492 graeca,
961 1420 1036 1477 tum
1051 1413 1212 1493 latina,·a
1233 1415 1365 1494 pueris:

139 1518 265 1582 habita
285 1529 340 1583 est
361 1529 395 1583 et
419 1520 534 1583 oratio
556 1537 576 1583 a
599 1519 751 1600 quodam
767 1519 992 1584 adolescente
1006 1520 1042 1584 in
1057 1519 1198 1585 laudem
1211 1519 1295 1586 Diui
1309 1520 1367 1603 Jo-

138 1627 244 1708 seph:
260 1627 389 1707 quihus
403 1626 566 1692 omnibus
580 1627 725 1708 praesul
739 1635 773 1690 et
789 1643 923 1706 omnes,
939 1627 1001 1708 qui
1023 1627 1092 1691 huc
1114 1638 1366 1708 conuenerant,

138 1733 333 1798 admodum
346 1734 470 1797 laetati
483 1742 576 1814 sunt,
594 1732 687 1816 quod
702 1751 722 1796 a
735 1734 866 1798 nostris
878 1733 1063 1813 discipulis
1073 1734 1216 1817 aliquod
1227 1734 1368 1799 suturae

138 1839 351 1905 eruditionis
365 1841 544 1920 specimen
559 1840 802 1921 praeberetur.
819 1838 914 1905 Idem
936 1840 974 1905 in
995 1842 1125 1922 templo
1146 1839 1230 1905 Diui
1249 1840 1368 1905 Domi·

138 1947 224 2026 nici,
241 1946 297 2011 die
311 1946 476 2027 Angelici
498 1945 666 2032 Doctoris
686 1947 845 2012 Thomae
867 1945 1067 2028 AquinatiS,
1091 1956 1209 2012 actum
1231 1958 1295 2012 est.
1317 1947 1369 2013 Sit

137 2052 220 2118 Deo
234 2054 348 2118 honor
363 2065 398 2118 et
411 2054 539 2134 gloria.

199 2159 282 2225 Dici
297 2162 360 2226 vix
374 2171 504 2243 potest,
520 2161 597 2226 R.‘¹e
616 2157 732 2240 Pater,
750 2173 884 2244 quanto
898 2179 964 2226 nos
979 2180 1100 2228 amore
1118 2163 1267 2228 illustris
1286 2162 1368 2230 Sue·

138 2286 205 2334 rus
229 2280 477 2350 prosequatur,
505 2288 609 2352 quem
633 2287 740 2353 saepe
765 2270 979 2349 declarauit,
1007 2280 1041 2335 et
1069 2272 1217 2351 singulis
1246 2272 1369 2338 diebus

141 2377 303 2457 apertius
322 2375 493 2442 declarat.
515 2374 653 2457 Quotus
667 2378 760 2442 enim
777 2377 926 2458 quisque
949 2377 1024 2441 dies
1045 2388 1111 2456 est,
1133 2395 1204 2458 quo
1226 2396 1291 2443 nos
1311 2380 1369 2445 ille

137 2485 260 2549 visum
282 2501 354 2548 non
375 2485 516 2563 veniat,
539 2485 733 2549 domestice
759 2485 868 2548 etiam
892 2501 973 2548 cum
997 2483 1167 2550 iratribus
1192 2485 1369 2552 comedat?

136 2590 234 2671 Quid
256 2589 350 2672 quod
376 2588 592 2656 Societatem
616 2591 756 2674 ingredi
779 2592 1017 2675 mundumque
1043 2593 1241 2674 relinquere
1265 2594 1368 2658 vehe-

136 2702 280 2762 menter
307 2697 504 2763 desiderat?
521 2679 645 2780 ¹neque
672 2699 766 2763 enim
793 2707 895 2780 putat
922 2715 1001 2764 esse
1030 2698 1127 2764 lactu
1152 2687 1292 2766 difficile
1316 2711 1366 2782 vt,

136 2813 348 2870 constructo
364 2805 525 2886 collegio,
544 2805 628 2870 illud
649 2805 889 2887 ingrediatur;
906 2806 968 2870 vbi
982 2805 1075 2870 hunc
1090 2806 1157 2871 sibi
1168 2809 1275 2872 vellet
1287 2826 1367 2872 con·

136 2913 217 2976 cedi
228 2913 413 2992 honorem,
425 2930 495 2994 quo
510 2913 597 2977 nihil
610 2913 861 2994 praestabilius
875 2915 1066 2992 existimat,
1083 2921 1122 2977 vt
1135 2913 1305 2980 fratribus
1319 2917 1367 2979 in·

137 3020 305 3084 seruiret.
320 3017 436 3084 Huius
454 3020 562 3084 etiam
574 3020 731 3084 ciuitatis
741 3019 843 3084 ΒΜ·
863 3019 1010 3084 Praesul
1026 3019 1047 3101 ¹,
1060 3022 1140 3102 quis
1154 3022 1274 3086 verbis
1289 3040 1365 3104 pos·

137 3137 192 3191 set
214 3125 385 3208 consequi
404 3143 511 3208 quam
525 3126 571 3192 sit
586 3143 674 3207 erga
688 3126 756 3190 hoc
775 3127 964 3206 collegium
986 3126 1157 3192 affectus?
1182 3128 1366 3209 siquidem,

134 3243 285 3316 praeter
305 3233 496 3316 ecclesiam
517 3245 552 3298 et
574 3234 681 3298 situm
705 3235 858 3314 collegii,
884 3251 955 3298 non
979 3234 1151 3300 mediocri
1176 3236 1368 3316 opitulatus

136 3351 193 3406 est
208 3340 444 3406 eleemosina:
460 3340 507 3406 ad
520 3339 610 3406 haec
621 3339 722 3404 nobis
733 3340 843 3406 libros
854 3341 1113 3418 accommodat,
1126 3349 1161 3406 et
1173 3342 1292 3406 omnia
1304 3361 1367 3407 sua

134 3448 247 3514 hilari
261 3448 380 3512 animo
395 3447 508 3524 offert,
524 3457 630 3529 atque
645 3446 914 3526 diligentissime
933 3458 1036 3513 curat
1049 3458 1088 3514 vt
1112 3450 1148 3513 in
1165 3450 1368 3531 praecipuis

135 3557 251 3620 huius
266 3555 440 3620 dioecesis
454 3553 658 3619 ciuitatibus
672 3551 863 3619 Societatis
877 3555 1029 3636 collegia
1044 3565 1308 3634 construantur.

202 3661 305 3726 Haec
319 3669 413 3736 sunt,
430 3659 507 3726 1151ε
531 3659 648 3740 Pater,
672 3678 779 3742 quam
801 3661 1008 3726 breuissime
1030 3661 1106 3726 fieri
1127 3661 1252 3744 potuit,
1275 3681 1365 3746 quae

136 3769 332 3834 scribenda
345 3767 559 3848 censuimus,
575 3767 657 3832 licet
670 3768 792 3848 multa,
807 3767 994 3832 breuitatis
1005 3785 1127 3849 causa,
1140 3770 1211 3833 sint
1221 3770 1365 3834 omissa.

133 3875 244 3958 Nunc
258 3884 378 3940 autem
392 3891 515 3940 omnes
530 3874 635 3940 huius
649 3875 789 3956 collegii
804 3873 929 3942 Patres
942 3886 977 3938 et
995 3875 1125 3941 iratres
1139 3873 1368 3942 Paternitatis

133 3983 295 4050 Vestrae
309 3982 530 4050 orationibus
544 3999 584 4046 se
598 3998 816 4064 magnopere
830 3983 1090 4048 commendant.
1108 3981 1211 4048 Vale.

199 4089 335 4154 Datum
349 4087 552 4170 Syracusis,
566 4088 631 4154 XlI
647 4087 792 4154 Calend.
808 4088 968 4170 Aprilis·
986 4089 1075 4154 1556.

197 4195 436 4264 Reuerentiae
451 4195 602 4265 Vestrae
617 4195 784 4278 indignus
798 4213 935 4276 seruus,

710 4357 893 4424 Gaoacrus
914 4359 1202 4426 Pauoaumauus.

172 4621 183 4656 Ι
215 4617 390 4678 illeronymru
401 4621 432 4666 de
442 4619 566 4667 Bononia.

172 4693 186 4726 ¹
216 4691 259 4738 Sic
268 4693 404 4748 perspicue
416 4691 503 4746 iulia..
514 4703 591 4738 mann
601 4693 681 4749 lpalna
692 4692 806 4749 Georgii.
817 4695 854 4740 At
864 4701 965 4742 certum
976 4697 1030 4742 lere
1045 4703 1085 4744 eat
1100 4699 1255 4748 domitasse
1271 4701 1313 4746 hlc
1324 4702 1367 4746 ho·

133 4775 196 4812 uun
206 4761 348 4818 Georrtm
356 4771 383 4810 et
396 4764 455 4827 loco
469 4763 539 4812 uait
551 4765 688 4828 acrlpalsae
701 4765 814 4822 Aprilis.
828 4767 896 4814 Nam
911 4767 945 4814 ι’
960 4769 1066 4818 italicae
1079 4771 1185 4818 litterae
1201 4773 1280 4822 tatae
1294 4780 1368 4821 carto
