3504 5532
700 525 763 587 An.
785 525 855 587 1556
1339 527 1387 586 171

166 674 258 738 aliud
273 675 331 738 hic
346 675 479 756 passim
494 675 538 738 ab
552 675 715 740 omnibus
729 675 908 740 ferebatur
928 676 979 754 (et
993 676 1147 740 maxime
1163 677 1207 739 ab
1228 675 1294 754 his,
1311 675 1383 756 qui·

165 783 228 844 bus
250 782 380 862 vulgus
400 799 472 846 non
491 783 705 847 mediocrem
726 783 829 847 fidem
851 783 1068 863 adhibebat),
1095 801 1200 865 quam
1224 799 1289 847 nos
1310 799 1387 844 sen·

164 887 287 952 seales
302 888 311 920 ¹
326 906 405 954 esse
416 899 451 953 et
461 891 521 971 qui
535 889 692 955 redditus
704 908 965 972 quaereremus:
980 891 1211 972 praecipuum
1225 899 1386 953 nostrum

165 995 318 1059 studium
337 996 373 1059 in
393 996 460 1060 hoc
482 998 709 1076 collocatum,
731 1005 768 1061 vt
788 998 950 1062 mollibus
974 997 1215 1076 indueremur,
1237 998 1331 1060 laute
1354 1005 1389 1059 et

164 1102 311 1184 opipare
325 1105 561 1184 epularemur;
576 1104 669 1168 vnde
683 1105 840 1185 inopiam
859 1113 893 1168 et
912 1104 1016 1168 huius
1037 1104 1191 1168 ciuitatis
1210 1104 1389 1167 miseriam

164 1209 246 1290 (qua
261 1209 299 1272 hi
314 1210 411 1274 ciues
427 1213 579 1276 maxime
594 1211 852 1292 opprimuntur)
867 1229 912 1275 ex
926 1211 1029 1275 nobis
1044 1212 1250 1292 prouenisse
1270 1209 1390 1274 clami·

165 1316 300 1380 tabant.
316 1314 394 1397 Quo
414 1315 518 1381 fiebat
537 1328 578 1381 vt
596 1318 759 1382 omnibus
779 1335 937 1382 essemus
957 1319 1055 1396 odiu,
1076 1317 1250 1398 paucique
1272 1317 1391 1380 admo·

163 1421 247 1486 dum
263 1433 392 1501 essent,
409 1425 549 1505 quinos
564 1425 675 1489 toruis
690 1425 801 1488 oculis
816 1441 887 1488 non
903 1426 1131 1506 respicerent.
1147 1422 1206 1487 Ad
1220 1424 1308 1487 haec
1324 1439 1391 1486 nos

159 1529 298 1610 plebem
311 1531 479 1594 seducere
494 1549 564 1596 non
578 1533 793 1596 verebantur
807 1533 842 1595 in
857 1550 898 1595 os
912 1540 1072 1596 nostrum
1084 1532 1202 1595 dicere
1217 1530 1240 1594 ’τ
1258 1531 1341 1612 quin
1357 1539 1391 1594 et

162 1636 233 1717 ipsi
246 1638 423 1716 monachi,
440 1639 569 1703 nedum
584 1639 774 1719 seculares,
790 1639 892 1703 nobis
911 1655 1049 1702 summo
1073 1648 1202 1702 conatu
1225 1638 1390 1702 resistere

164 1761 346 1825 nunquam
360 1745 587 1825 desistebant,
605 1765 626 1809 a
640 1746 766 1827 quibus
780 1754 905 1810 contra
916 1747 1015 1825 vulgi
1028 1763 1188 1809 rumores
1198 1763 1263 1808 nos
1274 1744 1390 1808 desen·

164 1851 301 1915 dendos
321 1869 393 1915 non
414 1853 612 1916 absurdum
636 1859 715 1916 erat
739 1855 959 1934 sperandum
983 1851 1006 1913 ³.
1033 1853 1084 1916 lili
1107 1869 1193 1932 ergo
1217 1851 1392 1932 imprimis

164 1955 207 2020 R.
224 1958 263 2021 Ρ.
276 1958 421 2024 Rectori
431 1957 455 2038 ⁴,
469 1960 723 2041 frequentanda
735 1977 815 2024 esse
826 1969 1050 2024 sacramenta
1060 1959 1232 2024 ecclesiae
1244 1957 1389 2023 suaden-

163 2065 204 2144 ti,
222 2066 362 2145 magnis
376 2066 511 2130 viribus
527 2067 742 2132 restiterunt.
759 2066 851 2147 Quid
866 2067 960 2148 quod
982 2075 1016 2130 et
1038 2067 1124 2146 ipsis
1146 2067 1241 2129 tertii
1257 2065 1391 2129 ordinis

162 2173 325 2236 habitum
340 2173 561 2252 gestantibus
575 2175 737 2238 foeminis
747 2175 1017 2254 interdixerunt,
1033 2191 1077 2237 ne
1088 2174 1157 2237 huc
1170 2173 1215 2237 ad
1226 2172 1391 2236 confiten-

164 2278 248 2342 dum
264 2280 497 2344 accederent?
512 2281 607 2362 Quid
616 2280 760 2361 plura?
776 2279 787 2312 ⁵
802 2281 858 2346 Ab
877 2281 1002 2345 iisdem
1018 2281 1135 2361 palam
1149 2280 1309 2360 superbi,
1328 2279 1391 2360 hy·

163 2388 326 2468 pocritae
339 2388 575 2466 nominamur,
592 2390 718 2470 quibus
733 2390 852 2453 uerbis
867 2407 932 2452 nos
947 2407 968 2452 a
983 2388 1198 2470 quotidianis
1212 2387 1391 2452 exercitiis

163 2495 367 2576 perturbari
389 2513 492 2576 posse
512 2497 734 2575 existimant;
749 2497 812 2560 sed
834 2504 929 2560 recte
950 2495 1171 2559 meminimus
1191 2494 1284 2576 quod
1303 2494 1392 2558 dixit

163 2601 361 2682 Apostolus
375 2601 398 2662 ⁸.
416 2602 459 2665 Si
469 2603 570 2665 Deus
581 2611 652 2684 pro
667 2603 864 2684 nobisqur‘s
878 2609 1004 2667 contra
1020 2604 1108 2666 nos?
1125 2601 1201 2682 Quo
1222 2601 1278 2680 fit,
1294 2611 1334 2664 vt
1349 2618 1392 2665 eo

164 2709 295 2774 maiori
309 2710 443 2774 laetitia
459 2710 664 2789 afficiamur,
681 2728 751 2792 quo
765 2712 893 2776 maiori
907 2728 972 2775 nos
988 2711 1066 2774 aliis
1077 2711 1238 2775 uidemus
1253 2726 1331 2773 esse
1342 2709 1392 2773 lu-

164 2815 295 2880 dibrio:
310 2834 376 2880 nec
391 2816 458 2885 hoc
473 2817 615 2898 quidem
626 2828 679 2882 est
690 2819 946 2896 admirandum;
960 2836 1042 2882 narn
1053 2827 1137 2882 tunc
1149 2815 1320 2898 spiritalis
1334 2816 1394 2879 do-

164 2941 246 2988 mus
259 2923 399 2988 firmum
413 2929 467 2987 est
482 2923 682 3002 aedificium
702 2925 730 3005 ⁷,
746 2942 826 2989 cum
841 2942 948 3006 supra
963 2924 1101 2988 firmam
1121 2919 1393 2986 tribulationis·

166 3041 306 3112 petram
326 3031 457 3095 iactum
477 3042 541 3096 est.
564 3031 680 3113 Atque
701 3033 738 3096 in
757 3031 826 3096 hoc
846 3032 914 3096 Dei
936 3049 1025 3113 opus
1049 3049 1127 3095 esse
1152 3031 1391 3111 cognoscitur.

163 3138 270 3219 Quod
284 3135 297 3170 ⁹
312 3155 447 3214 omnes,
464 3157 554 3220 quas
568 3157 724 3221 vnquam
739 3140 857 3204 adiere
873 3138 997 3204 Patres
1013 3137 1213 3218 Socieraris,
1230 3139 1393 3202 ciuitates

164 3255 354 3310 testantur:
371 3247 489 3310 omnia
504 3245 597 3308 enim
614 3243 637 3276 '⁰
651 3247 832 3326 collegiaa
847 3245 1153 3327 persecutionibus
1167 3253 1392 3325 sumpserunt

164 3353 316 3416 initium.
335 3352 470 3417 Verum
489 3361 614 3434 postea
633 3352 808 3417 Dominus
828 3353 1001 3433 disposuit
1021 3353 1140 3416 omnia
1161 3351 1335 3429 suauiter,
1357 3363 1392 3414 et

164 3462 282 3525 maias
296 3461 340 3524 de
355 3461 457 3524 nobis
473 3469 664 3540 conceptas
679 3479 698 3524 e
713 3460 888 3525 mentibus
903 3460 1085 3525 hominum
1101 3460 1285 3540 opiniones
1300 3460 1395 3522 euul-

162 3569 222 3633 sit.
242 3567 344 3648 Quod
358 3568 460 3632 nobis
475 3585 541 3632 usu
561 3569 701 3632 venisse
721 3569 799 3649 quis
814 3587 883 3632 non
903 3568 1015 3632 videt?
1029 3567 1207 3648 Siquidem
1221 3566 1282 3629 vbi
1303 3565 1394 3629 veri·

163 3686 277 3740 tatem
303 3684 495 3756 coeperunt
520 3675 703 3755 indagare,
726 3686 761 3739 et
781 3693 856 3740 rem
877 3685 916 3738 vt
938 3692 1015 3738 sese
1037 3675 1182 3738 haberet
1204 3689 1397 3752 cognosce·

161 3803 215 3862 re,
234 3783 402 3864 quicquid
417 3783 488 3847 odii
503 3783 538 3845 in
553 3800 618 3846 nos
630 3783 878 3863 conflauerant
892 3781 925 3862 ¹¹,
939 3783 1188 3863 deposuerunt:
1203 3790 1238 3843 et
1249 3797 1318 3861 quo
1330 3797 1395 3844 nos

204 4061 213 4092 ⁸
244 4060 536 4108 delicatesfflouancua.
600 4105 604 4115 ,

201 4137 215 4167 ¹
244 4133 315 4188 qued
322 4133 428 4188 plebem
439 4133 630 4178 seduceremus
639 4131 739 4177 addidit
751 4131 887 4177 Polaticus.

201 4205 216 4238 ⁸
245 4206 415 4260 sperandum
425 4209 494 4250 erat.
504 4205 647 4249 Petaurus.

203 4279 217 4310 ὁ
247 4276 267 4320 P
286 4275 534 4332 Pmnppocassrno.

202 4347 216 4380 ⁸
244 4346 525 4392 Demumfflouancus.

200 4417 215 4451 ⁸
245 4417 320 4464 Rom.
331 4429 388 4472 vm,
399 4431 424 4462 v.
435 4419 470 4464 ³1.

199 4491 212 4522 ἲ
243 4491 504 4546 Msundamentum.
514 4490 656 4537 Pounxcue.

198 4562 213 4597 Ι
242 4563 485 4618 afflictionumlo.

198 4635 214 4666 ⁹
243 4634 318 4688 Quod
322 4633 395 4689 sere.
407 4633 445 4678 Io.

187 4709 213 4743 ω
242 4706 556 4762 ςκερνοριιηοᾰωῌυ.

188 4779 211 4815 ¹¹
243 4777 478 4832 conceperantio.
