3472 5528
775 524 945 590 Llrrsaas
965 539 1238 597 Quaruaurusrass

497 1031 709 1076 Praecedentium
719 1032 809 1076 fratris
821 1033 970 1089 Hieronymi
981 1033 1011 1076 de
1023 1033 1133 1088 atpataa
1143 1034 1289 1078 litterarum
1298 1035 1385 1078 versio
1395 1034 1477 1078 latinu
1491 1034 1511 1077 ¹.

951 1297 1064 1404 Jes¹us

452 1538 529 1604 R.d⁰
549 1538 585 1603 in
601 1537 742 1602 Christo
757 1537 855 1602 Patri
869 1538 916 1602 M.
937 1538 1075 1618 ignatio
1098 1537 1141 1601 dc
1161 1537 1309 1618 Loyoia,
1330 1539 1535 1619 Praeposito
1551 1537 1622 1604 Ge·

390 1647 503 1712 nerali
518 1646 706 1710 Societatis
719 1646 815 1728 Jesu,
833 1646 982 1709 salutem
998 1653 1032 1708 et
1047 1645 1251 1726 obsequium
1267 1646 1302 1708 in
1319 1645 1483 1710 Domino.

451 1753 576 1818 Gratia
592 1763 625 1818 et
640 1769 713 1834 pax
731 1751 864 1817 Christi
878 1762 945 1817 etc.

452 1861 627 1941 Quoniam
642 1876 703 1938 per
716 1877 796 1923 eam
807 1861 1005 1939 epistolam,
1016 1877 1122 1940 quam
1137 1869 1288 1942 quatuor
1300 1861 1428 1924 abhinc
1440 1860 1623 1926 mensibus

390 1968 435 2031 ad
450 1977 485 2032 te
500 1969 670 2046 misimus,
688 1965 1009 2030 obseruandissime
1019 1967 1136 2047 Pater,
1149 1968 1321 2048 scriptum
1333 1977 1386 2030 est
1397 1983 1502 2048 quem
1513 1967 1622 2032 finem

390 2073 576 2138 habuerint
590 2075 640 2138 illi
655 2073 779 2153 morbi,
797 2072 923 2153 quibus
937 2073 1003 2137 hoc
1019 2075 1208 2154 collegium
1230 2074 1507 2155 opprimebatur,
1528 2074 1622 2138 baec

389 2179 425 2243 id
439 2199 532 2244 nunc
550 2197 742 2262 exposcere
757 2180 907 2260 uidetur,
921 2189 959 2244 ut
971 2198 1062 2260 quae
1073 2181 1169 2261 apud
1182 2197 1248 2244 nos
1259 2191 1341 2260 post
1352 2182 1502 2246 salutem
1519 2155 1623 2246 resti-

389 2297 502 2356 tutam
515 2299 618 2369 gesta
633 2289 714 2368 sint,
731 2287 916 2365 breuitate,
935 2304 1006 2369 qua
1021 2290 1187 2366 solemus,
1204 2288 1413 2354 scribamus,

449 2395 575 2460 Statim
591 2377 695 2477 atque
711 2395 877 2459 ualetudo
892 2395 1038 2459 Patrum
1054 2396 1098 2459 ab
1114 2395 1171 2458 his
1185 2395 1320 2459 morbis
1340 2395 1390 2458 ita
1411 2393 1624 2460 confirmata

388 2514 442 2568 est
457 2512 495 2566 ut
507 2515 662 2584 possent,
679 2503 769 2566 citra
785 2503 982 2582 periculum
998 2502 1042 2568 de
1057 2503 1195 2582 integro
1212 2503 1248 2566 in
1264 2519 1325 2566 eos
1336 2502 1525 2580 incidendi,
1539 2503 1623 2570 soli-

389 2620 444 2673 tas
459 2627 543 2673 suas
567 2609 841 2673 exercitationes
866 2609 1042 2690 prosequi,
1064 2625 1134 2688 qua
1153 2610 1315 2675 solebant
1333 2609 1516 2688 diligentia
1536 2620 1624 2674 sunt

389 2716 605 2798 prosequuti;
626 2725 660 2780 et
677 2716 820 2796 perinde
847 2725 952 2796 atque
978 2715 1101 2794 nostri,
1124 2715 1260 2779 uiribus
1287 2715 1548 2797 redintegratis,
1573 2719 1624 2782 ad

388 2825 562 2888 iuuandos
577 2823 758 2904 proximos
778 2823 966 2910 aeclinxere
984 2839 1074 2900 sese,
1091 2822 1140 2886 ita
1161 2832 1332 2887 renouata
1354 2832 1408 2886 est
1429 2825 1625 2889 multorum

388 2930 570 3011 diligentia
586 2932 623 2994 in
637 2923 903 3012 frequentandis
918 2929 1152 2994 consessionis
1167 2947 1209 2994 ac
1224 2930 1483 2995 communionis
1499 2947 1623 2996 sacra·

387 3041 515 3103 mentis
529 3039 670 3119 aliisqui
684 3039 825 3120 pietatis
839 3038 1017 3120 operibus,
1035 3039 1071 3102 in
1091 3037 1219 3118 quibus
1239 3039 1420 3119 aliquanto
1440 3039 1622 3104 remissio·

387 3163 445 3210 res
459 3145 600 3210 fuerant
611 3164 656 3209 ex
668 3163 711 3208 eo
723 3145 818 3226 quod
830 3145 880 3208 uti
890 3162 961 3208 non
971 3153 1129 3225 possent,
1142 3154 1180 3207 ut
1193 3154 1309 3224 antea,
1323 3145 1468 3210 Patrum
1480 3155 1624 3212 nostro·

387 3271 466 3317 rum
481 3271 599 3334 opera.
622 3252 830 3333 Complures
844 3253 963 3330 etiam,
986 3252 1046 3332 qui
1061 3251 1105 3315 de
1116 3268 1214 3316 more
1230 3252 1406 3316 habebant
1421 3251 1624 3334 Collegium

282 3375 284 3380 ·
388 3369 549 3424 nostrum
563 3359 727 3438 inuisere,
745 3359 986 3422 aenobiscum
1001 3358 1165 3422 derebus
1185 3358 1231 3422 ad
1247 3361 1397 3424 salutem
1419 3361 1625 3426 animarum

387 3466 642 3548 pertinentibus
664 3465 826 3544 colloqui,
844 3465 975 3528 nostris
998 3467 1107 3528 etiam
1128 3465 1310 3529 litterariis
1332 3466 1625 3534 exercitamentis

388 3574 570 3652 interesse,
594 3583 628 3636 et
648 3573 693 3635 ob
717 3573 847 3636 multas
874 3573 1139 3651 occupationes
1166 3571 1292 3652 quibus
1312 3572 1351 3634 in
1373 3573 1531 3652 aegrotis
1549 3593 1625 3640 ser·
1732 3639 1733 3658 ,

387 3681 525 3745 uiendis
540 3679 805 3756 distinebamur,
828 3678 993 3742 recedere
1015 3680 1072 3743 uel
1092 3679 1273 3742 insalutati
1297 3680 1533 3761 cogebantur,
1552 3683 1624 3752 hoc

387 3789 611 3852 iamsublato
637 3785 900 3866 impedimento,
929 3801 1065 3849 morem
1090 3785 1278 3867 pristinum
1303 3795 1338 3850 et
1353 3801 1625 3858 reuocarunt.et

390 3896 552 3960 retinent.

448 4003 553 4066 Pater
568 4001 775 4064 Emmanuel
792 4000 842 4078 (vt
857 4019 877 4064 a
893 4000 1123 4064 concionibus
1137 4016 1275 4066 sumam
1296 4001 1492 4082 exordium)
1516 4005 1623 4070 abeo

388 4120 548 4190 tempore
572 4109 746 4189 aliquibus
769 4107 955 4171 dominicis
978 4125 1020 4170 ac
1042 4106 1142 4172 sestis
1166 4107 1289 4172 diebus
1306 4110 1341 4172 in
1358 4112 1488 4191 templo
1503 4111 1625 4178 Diuae

388 4217 536 4296 Mariae,
553 4215 646 4278 acin
668 4215 747 4278 aliis
763 4215 973 4294 quibusdam
997 4215 1137 4295 oppidis
1157 4215 1344 4296 Compluto
1365 4217 1493 4282 uicinis
1513 4217 1625 4284 habet

430 4493 439 4526 ¹
468 4491 656 4546 antegraptme
668 4492 692 4534 ln
703 4490 798 4544 duplici
810 4489 879 4542 lolio,
891 4501 933 4534 nn.
943 4489 984 4533 ‘282
994 4495 1019 4534 et
1032 4491 1079 4533 283.
1088 4489 1163 4534 -Eas
1173 4501 1219 4546 pro
1236 4503 1306 4536 more
1324 4493 1467 4548 castigavit
1485 4494 1627 4550 Polsncus.

389 4575 495 4619 nosque,
505 4575 536 4608 nc
548 4563 649 4607 obscuri
662 4561 759 4614 stamus,
771 4563 831 4604 dum
846 4563 940 4604 breves
956 4571 1012 4604 esse
1030 4562 1215 4612 contendimus,
1232 4575 1316 4618 primo
1331 4575 1385 4618 eas,
1402 4566 1492 4620 quales
1508 4567 1626 4624 Ripalda

388 4637 502 4690 scripsit,
513 4636 625 4688 edemus,
635 4635 736 4678 italicis
744 4634 840 4676 litteris
850 4633 1026 4676 describentes
1036 4644 1101 4687 quac
1113 4645 1128 4678 a
1139 4634 1251 4679 Polcaeo
1260 4637 1301 4681 vei
1309 4637 1457 4681 cancellata
1467 4640 1510 4682 vel
1518 4647 1625 4688 mutata

388 4717 455 4762 sunt,
467 4708 524 4750 dein
536 4709 625 4760 quales
636 4717 649 4748 e
660 4705 766 4749 Polanci
777 4705 893 4749 manibus
904 4717 1012 4748 evasere
1024 4713 1050 4749 ct
1061 4709 1094 4750 sb
1105 4707 1161 4762 ejus
1170 4707 1292 4762 librariis,
1304 4714 1332 4752 nt
1343 4709 1369 4752 in
1379 4707 1520 4756 societatis
1531 4714 1625 4761 domos

390 4781 563 4830 mitterentur,
577 4777 751 4830 transcriptae
763 4775 844 4819 lucro.
