3472 5528
416 543 469 619 260
825 543 996 621 [trusels
1016 561 1288 630 Quadarussraiss

414 707 714 789 eodemhospitali
724 709 1093 790 grauiteraegrotans,
1107 708 1184 774 Deo
1194 718 1343 774 uouerat
1354 725 1393 773 se
1405 707 1640 782 meretricem,
1733 741 1734 770 t

412 815 444 878 si
459 816 709 894 conualuisset‚
726 834 873 880 uxorem
888 817 1088 896 ducturum,
1105 819 1173 896 cui,
1190 818 1263 882 uoti
1278 816 1435 898 compoti
1453 816 1559 893 lacto,
1584 834 1640 897 op·

410 932 558 1004 portune
571 923 670 1000 haec,
687 923 730 986 de
745 941 814 1004 qua
830 925 1016 1005 loquimur,
1031 925 1154 988 mulier
1170 924 1286 989 oblata
1299 933 1363 1002 est,
1377 941 1483 1004 quam
1499 924 1556 987 ille
1571 942 1640 986 ma·
1733 913 1734 1002 f

409 1031 573 1095 trimonio
587 1031 653 1094 sibi
668 1032 856 1114 copulauit,
874 1042 908 1096 et
923 1031 1037 1096 adhuc
1053 1033 1168 1112 amb0,
1185 1041 1223 1096 ut
1243 1032 1399 1096 mulieris
1420 1031 1637 1095 continentia
1733 1021 1734 1024 ’

409 1138 524 1218 magis
554 1137 801 1216 confirmetur,
832 1141 1011 1204 communi
1035 1157 1212 1204 consensu
1238 1139 1464 1220 inhospitali
1490 1139 1636 1219 degunt,
1733 1133 1734 1216 f

409 1261 579 1326 suamque
593 1245 832 1326 indigentibus
847 1263 990 1326 operam
1006 1264 1141 1311 summa
1157 1247 1332 1311 charitate
1347 1254 1541 1326 praestant.

469 1349 633 1416 Matrona
648 1353 821 1433 quaedam
834 1353 990 1430 illustris
1004 1371 1095 1434 quae
1107 1372 1213 1435 saepe
1224 1354 1259 1417 in
1271 1355 1403 1434 templo
1417 1363 1540 1416 nostro
1551 1369 1637 1416 con·
1733 1403 1734 1410 ,

407 1459 576 1538 fitcretur,
601 1453 798 1539 Collegium
818 1469 960 1523 nostrae
983 1459 1170 1524 Societatis
1193 1461 1228 1524 in
1247 1460 1402 1541 quodam
1420 1459 1551 1540 'oppido
1572 1477 1640 1522 suo
1733 1471 1734 1484 ¹

407 1568 573 1630 constitui
588 1569 704 1646 uellet,
721 1568 789 1646 cui,
807 1569 944 1648 aliquos
959 1585 1004 1630 cx
1019 1568 1185 1632 nostrisa
1205 1566 1242 1630 P.
1266 1567 1417 1630 Rectore
1440 1565 1446 1596 ¹
1463 1583 1556 1630 nuuc
1572 1583 1634 1646 po·
1733 1587 1734 1598 ¹

404 1675 561 1751 stulanti‚
576 1676 762 1755 quominus
777 1675 937 1753 satisfiat,
954 1675 1103 1756 penuria
1123 1675 1365 1755 operariorum
1382 1674 1638 1754 impedimento
1733 1745 1734 1760 χ

405 1779 470 1845 est.
487 1781 593 1846 Cives
608 1783 691 1847 item
710 1782 850 1846 Massae
872 1781 883 1812 ¹
900 1783 993 1846 idem
1016 1783 1052 1846 in
1075 1783 1159 1846 urbe
1179 1801 1244 1846 sua
1263 1781 1339 1845 lieri
1359 1782 1513 1862 cupiunt.
1536 1783 1637 1862 quod
1733 1845 1734 1865 ,

405 1897 479 1952 tum
494 1890 599 1952 saluti
614 1891 812 1953 animarum
827 1891 1052 1967 conduceret,
1068 1899 1145 1952 tum
1162 1906 1248 1952 uero
1268 1898 1411 1969 propter
1433 1889 1526 1952 aeris
1544 1897 1634 1952 tem·

406 1997 551 2077 periem,
571 2013 662 2078 quae
681 1997 752 2060 illic
773 1997 929 2061 maxima
947 2014 1025 2060 esse
1048 1997 1187 2074 dicitur,
1210 2005 1414 2060 nostrorum
1436 1996 1638 2060 valetudini

402 2103 598 2184 prodesset,
621 2104 691 2186 qui,
715 2121 757 2168 ea
781 2105 933 2168 aduersa
956 2113 1107 2183 utentes,
1126 2104 1208 2167 illuc
1228 2121 1265 2166 se
1280 2101 1431 2183 Neapoli
1445 2101 1456 2134 ⁸
1470 2102 1641 2167 conferre

403 2220 563 2291 possent.
1109 2239 1110 2242 ¹

463 2318 589 2382 Dicam
605 2320 713 2384 etiam
727 2319 769 2384 de
784 2319 897 2383 tribus
911 2318 1074 2382 foeminis
1089 2319 1276 2399 nobilibus,
1292 2335 1444 2399 quarum
1458 2318 1548 2381 duae
1562 2318 1642 2383 uir·
1733 2299 1734 2319 ¹

403 2425 505 2506 gines
521 2435 611 2504 sunt,
628 2443 698 2490 una
714 2427 832 2506 uidua;
854 2427 935 2489 illae
954 2443 1107 2506 sorores,
1127 2425 1217 2490 haec
1238 2426 1347 2489 amita
1367 2423 1488 2488 fratris
1506 2426 1641 2504 nostri,
1733 2431 1734 2470 ἐ

403 2532 513 2614 quiin
528 2532 650 2598 Sicilia
664 2532 822 2598 Biuonae
836 2541 1086 2614 commoratur,
1101 2533 1257 2616 Joaunes
1272 2532 1432 2613 Baptista
1447 2532 1589 2596 nomine
1609 2531 1635 2596 ⁴.
1733 2591 1734 2622 ,

403 2639 481 2704 Hae
500 2641 787 2706 meditationibus
801 2640 1042 2721 spiritualibus
1062 2658 1082 2703 a
1104 2641 1205 2704 nobis
1225 2639 1455 2722 praescriptis
1475 2639 1638 2722 aliquan·
1733 2633 1734 2650 ¹

401 2747 461 2811 diu
487 2757 677 2828 nucarum,
703 2749 739 2812 in
764 2749 890 2829 quibus
915 2749 964 2811 ita
988 2747 1224 2830 proiecerunt,
1251 2759 1289 2812 ut
1310 2747 1429 2827 vidua,
1458 2765 1638 2812 unacum
1733 2757 1734 2774 l

401 2855 513 2919 altera
528 2873 573 2919 ex
587 2855 795 2934 uirginibus
812 2855 907 2919 domi
919 2855 1060 2935 quidem
1071 2873 1156 2918 suae
1169 2864 1304 2918 castam
1317 2854 1638 2934 continentemque

401 2963 510 3027 uitam
525 2963 653 3027 ducere
668 2963 841 3038 statuerit;
860 2963 971 3027 altera
988 2972 1106 3027 autem
1120 2963 1223 3042 uirgo
1237 2961 1337 3025 breui
1360 2961 1569 3042 religionem
1587 2963 1639 3026 sit
1733 3043 1734 3052 ἵ

400 3071 605 3151 ingressura
620 3089 727 3151 seque
743 3069 818 3134 Deo
834 3072 966 3150 optimo
987 3071 1142 3135 maximo
1164 3070 1200 3132 in
1222 3078 1431 3150 perpetuum
1454 3069 1638 3134 dicatur-a.
1733 3067 1734 3134 l

399 3177 536 3242 Harum
558 3155 697 3259 quoque
718 3179 895 3258 uirginum
920 3178 1031 3242 irater
1056 3180 1143 3241 alter
1169 3177 1215 3240 ad
1240 3176 1381 3240 scholas
1408 3185 1549 3239 nostras
1575 3193 1639 3240 ac·
1733 3228 1734 3248 ,

401 3285 505 3366 cedit,
525 3286 618 3349 bona
638 3286 753 3349 indole
773 3286 990 3364 adolescens
1012 3285 1068 3348 cui
1089 3284 1159 3348 iam
1181 3293 1318 3348 certum
1333 3293 1387 3346 est
1402 3281 1573 3346 Societati
1596 3301 1641 3346 se
1733 3291 1734 3382 l

400 3402 545 3456 nostrae
559 3391 773 3456 adscribere.

458 3499 605 3584 Juuenis
629 3499 791 3580 quidam,
812 3499 968 3562 Thomas
988 3497 999 3530 ⁵
1019 3498 1173 3576 nomine,
1196 3497 1367 3561 consectis
1388 3495 1639 3576 spiritualibus
1733 3545 1734 3578 ,

399 3607 586 3684 exercitiis
604 3603 816 3670 Societatem
831 3615 989 3669 nostram
1004 3607 1185 3684 ingressus
1200 3616 1266 3684 est;
1287 3605 1346 3684 qui
1366 3604 1423 3666 hic
1445 3604 1637 3669 nobiscum

400 3714 474 3794 agit
488 3715 617 3794 pietate
633 3721 667 3776 et
683 3713 840 3776 moribus
855 3720 1053 3792 praestans.

458 3819 618 3899 Quatuor
633 3820 712 3884 aliis
732 3829 916 3901 praeterea
937 3819 1097 3883 Societas
1121 3829 1243 3882 nostra
1265 3827 1380 3882 aucta·
1390 3827 1455 3898 est,
1477 3837 1637 3900 quorum
1733 3839 1734 3872 t

400 3943 489 3991 unus
513 3927 575 3990 fuit
597 3926 692 3990 Dans
711 3927 865 4008 Joannes
886 3925 928 3988 de
955 3926 1137 4004 Mendoza,
1164 3925 1208 3989 de
1234 3943 1303 4005 quo
1329 3925 1399 3987 iam
1420 3933 1493 3987 tum
1516 3928 1631 3992 muita

436 4241 444 4273 ¹
475 4241 503 4286 P.
514 4239 702 4296 christophoro
715 4241 745 4285 de
756 4241 889 4287 Mendoza.

437 4311 449 4343 ¹
477 4313 561 4358 Massa
572 4315 596 4359 dl
609 4314 741 4360 Surrento.

440 4385 452 4416 θ
483 4384 619 4440 Neapolim
631 4386 709 4430 habet
718 4389 830 4430 alterum
841 4385 1030 4440 apographum,
1042 4385 1085 4428 scd
1096 4395 1169 4428 error
1183 4390 1221 4427 cst
1233 4381 1342 4428 librarii.

435 4458 445 4489 ⁸
473 4457 564 4502 lscsse
580 4459 681 4503 vitietur
697 4458 822 4510 “Joaunes
837 4457 958 4511 Baptista
975 4457 1097 4508 Gaianas,
1115 4455 1318 4509 neapolitanus„
1334 4456 1376 4510 qul
1393 4467 1542 4512 supremum
1559 4456 1634 4503 diem

395 4530 458 4574 obiit
469 4531 517 4574 hoc
528 4531 583 4584 ipso
593 4542 668 4580 anuo.
679 4532 704 4574 ln
716 4531 832 4584 collegio
843 4529 991 4582 bibonensi,
1002 4529 1036 4572 9.ι
1046 4528 1174 4572 Octobris.
1186 4527 1317 4571 Focaneus
1327 4527 1352 4571 iu
1361 4527 1497 4580 Chronico,
1508 4535 1526 4572 t.
1535 4539 1573 4582 vr,
1584 4533 1633 4574 ubi

394 4602 449 4656 agit
461 4602 491 4645 de
503 4603 618 4656 collegio
629 4603 749 4647 Elbouac.
763 4601 830 4644 Vide
842 4603 921 4645 etiam
933 4603 1037 4645 litteras
1052 4600 1183 4644 Vincentil
1194 4599 1317 4652 Romans,
1329 4599 1406 4652 infra,
1422 4611 1446 4644 n.
1463 4609 1544 4655 pexu,
1556 4602 1633 4645 exhi-

397 4675 502 4718 bendas.

434 4745 445 4778 ³
473 4745 555 4800 Huius
566 4757 614 4788 non
627 4745 742 4789 meminit
752 4745 888 4798 Poluncus,
900 4745 1043 4799 nequidem
1058 4745 1116 4788 dum
1128 4745 1175 4788 has
1191 4744 1260 4799 ipsus
1271 4743 1375 4788 litteras
1387 4743 1411 4786 in
1426 4753 1500 4788 suum
1514 4743 1630 4788 Chroni-

395 4829 441 4861 (οη
452 4819 610 4860 transcribit.
