3410 5528
378 499 431 560 sot
767 495 942 560 Luranna
962 512 1231 568 Quanamasrars

376 639 583 712 sarciemus.
600 645 755 726 Interim,
772 664 816 710 ne
837 645 921 710 nihil
946 646 1089 712 omnino
1109 647 1279 727 scribam,
1306 647 1395 713 scito
1420 663 1604 713 numerum

375 771 530 835 aequare
551 770 619 817 nos
633 753 901 834 duodenarium;
918 755 1040 819 valere
1055 762 1173 820 autem
1187 765 1223 819 et
1241 756 1397 821 ualuisse
1419 757 1605 834 hactenus,

374 861 490 925 sinon
517 861 661 925 omnino
686 859 866 938 inoffense,
894 869 931 924 at
955 871 1051 926 certe
1077 861 1165 927 satis
1190 853 1386 944 commode,
1417 865 1607 945 plerosque

373 968 481 1032 etiam
494 968 672 1058 salubrius
687 968 744 1032 bic
769 985 877 1051 quam
897 967 1031 1060 Romae
1047 969 1189 1050 degere.
1216 969 1399 1037 charitate
1414 987 1542 1036 omnes
1556 970 1605 1036 ita

373 1075 527 1140 inuicem
541 1075 707 1154 deuincti,
723 1084 762 1140 ut
777 1077 813 1140 in
828 1093 966 1141 summa
981 1094 1069 1158 pace
1085 1094 1127 1142 ac
1148 1079 1340 1143 concordia
1360 1077 1606 1160 placidissime

374 1185 548 1248 uiuamus.
564 1181 702 1263 Singuli
716 1182 753 1247 in
767 1200 821 1261 eo,
839 1183 933 1265 quod
947 1183 1015 1248 sibi
1030 1184 1167 1265 obtigit,
1182 1185 1295 1250 officio
1308 1185 1557 1251 strenuissime
1567 1201 1607 1249 se

373 1300 512 1371 gerunt.

433 1397 531 1463 Haec
546 1407 639 1477 sunt,
655 1398 862 1463 Reuerende
882 1398 916 1462 in
938 1397 1079 1464 Christo
1104 1399 1221 1480 Pater,
1246 1417 1337 1481 quae
1363 1401 1448 1465 mibi
1468 1417 1549 1465 sese
1566 1401 1604 1465 in

373 1506 577 1588 praesentia
599 1506 644 1570 ad
664 1514 699 1570 te
721 1505 972 1586 perscribenda
995 1506 1159 1587 offerunt;
1180 1525 1294 1589 parua
1315 1509 1470 1590 quidem,
1498 1509 1607 1574 immo

375 1614 522 1694 nulla,si
531 1612 1013 1694 cumiisconierantur,quae
1025 1615 1234 1695 quotidieex
1245 1613 1498 1680 diversissimis
1508 1615 1608 1680 orbis

373 1717 533 1803 partibus
547 1721 594 1784 ad
609 1729 643 1784 te
655 1720 893 1806 perferuntur;
907 1721 1011 1784 uenia
1022 1730 1141 1786 tamen
1153 1721 1273 1803 digna,
1287 1722 1317 1788 si
1332 1721 1517 1804 temporis,
1531 1739 1606 1804 quo

374 1829 463 1894 baec
478 1837 580 1908 gesta
595 1836 689 1907 sunt,
706 1827 798 1892 ratio
813 1827 996 1892 habeatur.
1012 1825 1176 1893 Nondum
1191 1829 1285 1894 enim
1307 1831 1433 1894 messis
1455 1841 1607 1895 nostrae

373 1935 448 2000 dies
463 1933 618 2014 aduenit,
634 1932 697 1999 sed
712 1934 829 1998 adhuc
848 1935 1004 2016 quotidie
1018 1937 1181 2014 serimus,
1198 1945 1232 2000 et
1254 1937 1389 2001 sterilia
1415 1935 1603 2003 hominum

374 2041 484 2107 corda
498 2042 670 2124 paulatim
687 2039 731 2105 ad
744 2041 925 2106 meliorem
935 2042 1074 2123 frugem
1094 2058 1360 2124 praeparamus.
1380 2043 1456 2108 Erit
1468 2055 1604 2126 tamen,

372 2151 441 2215 nisi
455 2168 511 2215 me
526 2149 616 2214 iallit
631 2149 761 2229 opinio,
780 2165 861 2213 cum
874 2149 918 2212 de
932 2167 1047 2214 messe
1059 2167 1198 2232 quoque
1209 2159 1332 2215 nostra
1343 2153 1466 2232 plenos
1478 2151 1524 2215 ad
1537 2169 1607 2217 uos

373 2257 573 2337 manipulos
586 2256 826 2321 exultantibus
837 2257 964 2321 animis
976 2258 1265 2322 transmittemus.
1282 2257 1384 2339 Quod
1396 2259 1445 2322 ita
1458 2257 1607 2324 demum

283 2371 286 2380 '
373 2366 529 2431 futurum
544 2373 608 2445 est,
626 2363 656 2428 si
670 2362 828 2452 diuinam
847 2362 893 2428 ad
917 2363 986 2428 hoc
1010 2364 1164 2445 gratiam
1184 2365 1394 2430 Reuerenda
1413 2365 1517 2430 nobis
1537 2365 1609 2432 Pa·

374 2472 522 2538 ternitas
543 2479 604 2536 tua
629 2470 862 2536 sanctissimis
887 2471 961 2535 suis
986 2471 1205 2536 orationibus
1224 2471 1433 2553 impetrarit,
1462 2473 1606 2554 quibus,

373 2577 539 2662 quicquid
553 2579 726 2643 hactenus
744 2578 827 2642 boni
846 2579 994 2658 egimus,
1016 2577 1144 2643 debere
1166 2597 1231 2644 nos
1251 2579 1434 2645 uerissime
1455 2581 1606 2647 confite·

373 2705 462 2752 mur.
478 2686 630 2751 Proinde
645 2703 712 2763 me,
729 2702 899 2766 meaeque
919 2685 1000 2750 fidei
1021 2688 1247 2751 commissam
1270 2685 1452 2769 familiam,
1474 2686 1511 2752 id
1531 2699 1605 2768 est,

373 2810 495 2860 omnes
509 2810 575 2858 nos
589 2792 817 2858 Reuerendae
831 2793 1060 2858 Paternitatis
1078 2802 1161 2858 tuae
1176 2773 1440 2858 amantissimos
1460 2792 1605 2875 filiolos,

373 2902 443 2968 tuis
464 2901 648 2990 imprimis,
670 2899 796 2965 deinde
817 2911 1039 2965 caeterorum
1059 2919 1198 2983 quoque
1219 2912 1360 2983 patrum
1385 2918 1428 2966 ac
1447 2901 1606 2968 fratrum

373 3008 619 3075 feruidissimis
630 3008 860 3088 orationibus,
878 3016 952 3072 toto
968 3008 1085 3074 animo
1101 3010 1402 3074 commendamus.
1424 3008 1516 3074 Vale
1538 3010 1605 3076 itc-

374 3123 452 3182 'rum
467 3127 572 3198 atque
587 3117 724 3196 iterum,
742 3115 1064 3181 obseruandissime
1079 3115 1196 3181 Pater.

431 3225 579 3302 Biuona‚
597 3223 733 3288 decimo
749 3223 853 3286 tertio
869 3224 1036 3289 calendas
1050 3223 1156 3307 Junii,
1174 3242 1268 3289 anno
1286 3223 1374 3289 1556.
1419 3259 1427 3274 ·

436 3331 475 3397 R.
491 3331 529 3396 P.
546 3331 644 3396 Tuae
657 3331 824 3411 indignus
838 3331 873 3394 in
890 3330 1032 3394 Christo
1048 3331 1151 3411 filius,

969 3549 1217 3614 Euuurasmus
1241 3549 1437 3614 Pourauus.

437 3871 483 3934 In
498 3871 569 3934 rina
580 3877 688 3952 parte
702 3873 828 3935 ternae
836 3871 999 3952 paginae
1014 3869 1098 3934 haec
1109 3869 1298 3961 leguntur:
1310 3869 1365 3935 P.0
1390 3869 1602 3950 Francisco,

375 3977 591 4058 Portugallo,
602 3971 769 4059 Fiandra,
785 3978 993 4060 Andalucia,
1008 3977 1168 4060 Aragon,
1187 3977 1319 4058 Parigl,
1336 3975 1501 4058 Perugia,
1518 3975 1604 4044 Fer·

374 4105 470 4167 rara,
486 4083 542 4150 P.e
556 4083 749 4150 Francisco
768 4085 787 4150 ¹.

436 4185 702 4274 Superscrr'ptr'o
725 4211 762 4255 m
783 4199 914 4274 quartu
929 4193 1086 4274 pagina:
1101 4191 1177 4258 ΙΨ
1197 4193 1234 4258 in
1253 4187 1395 4258 Christo
1415 4191 1515 4256 Patri
1536 4191 1607 4258 Ma

389 4301 526 4382 ignatio
538 4301 581 4364 de
591 4301 727 4382 Loyola
738 4299 924 4365 Societatis
938 4300 1023 4382 jesu
1038 4301 1245 4382 Praeposito
1264 4299 1436 4381 generali,
1452 4297 1604 4365 Romae.

436 4407 520 4472 Alia
537 4425 661 4472 manu:
679 4407 765 4472 1556.
784 4407 930 4472 Biuona.
946 4407 1229 4487 Quadrimestres
1243 4405 1284 4471 20
1298 4407 1392 4471 Maii.

417 4686 426 4721 ¹
455 4686 521 4730 Vide
533 4698 620 4743 snpra,
630 4698 691 4742 pag.
702 4688 737 4741 56,
752 4693 838 4731 annot.
855 4685 995 4732 l.-·Prlmls
1012 4687 1097 4732 verbis
1115 4685 1156 4730 R·
1173 4685 1318 4731 &atiriaco
1331 4678 1513 4742 intelligendus
1528 4691 1602 4735 venit

377 4757 405 4804 P.
416 4757 572 4804 Frnnclscus
581 4759 612 4803 de
622 4758 710 4813 Beria,
718 4758 856 4813 postremis
866 4769 929 4803 vero
939 4759 967 4803 P.
978 4757 1132 4802 Franrlscus
1142 4758 1264 4804 Patulus.
