3578 5534
692 1155 878 1240 ODLXI

219 1489 338 1548 Petrus
351 1505 418 1548 van
432 1490 495 1548 den
510 1490 658 1549 Bossche
674 1489 834 1562 (Sylvius)

253 1586 306 1647 Ex
318 1587 560 1648 commissione
575 1587 683 1647 Patris
698 1589 714 1660 J
720 1589 836 1647 oannis
851 1588 1023 1649 Laurentii
1036 1588 1231 1661 Cavallerii,

288 1685 380 1746 Patri
393 1687 521 1760 ignatio
535 1687 576 1745 de
591 1685 730 1760 Loyola.

323 1784 468 1858 Tybnre,
484 1783 502 1844 2
514 1784 676 1856 januarii,
693 1784 762 1843 1556
773 1785 792 1842 ¹.

741 2019 815 2135 riis

223 2308 297 2374 Pax
311 2321 346 2374 et
360 2312 479 2390 gratia
494 2309 640 2374 Domini
655 2311 768 2374 nostri
787 2310 871 2393 Jesu
891 2309 947 2373 Χ.ἰ
967 2312 1013 2373 sit
1028 2327 1167 2390 semper
1189 2310 1388 2376 nobiscum.

169 2415 293 2480 Amen.

223 2523 370 2604 Expirat
385 2523 655 2604 quadrimestre,
671 2524 805 2587 Parens
819 2524 856 2586 in
872 2522 1013 2587 Christo
1029 2525 1260 2604 optatissime,
1284 2522 1327 2586 R.
1350 2523 1390 2586 P.

166 2629 288 2709 Ignoti.
305 2631 415 2695 Cuius
436 2631 611 2695 rationem
629 2631 850 2710 reddituruS,
872 2630 908 2694 id
927 2631 1080 2711 primum
1102 2631 1229 2710 dicam,
1253 2647 1325 2694 non
1344 2631 1390 2694 ab

164 2736 218 2800 his
246 2738 419 2819 operariis
442 2737 581 2802 fructus
609 2738 873 2818 expectandoS,
902 2755 1053 2818 quorum
1079 2748 1273 2818 proventus
1295 2736 1390 2819 apud

165 2862 284 2908 omnes
298 2854 380 2908 tuos
395 2846 485 2908 alios
506 2855 560 2909 est
578 2844 834 2908 foelicissimus.
856 2844 920 2907 Est
939 2853 1058 2908 tamen
1079 2845 1226 2924 egregia
1241 2845 1322 2909 aedi
1336 2861 1390 2908 sa·

164 2969 244 3016 crae
263 2951 472 3016 reuisendae
492 2951 576 3015 data
596 2969 703 3032 opera
722 2951 745 3030 ';
767 2968 906 3032 quoque
927 2952 1041 3015 maior
1061 2969 1104 3015 eu
1122 2951 1198 3031 suit,
1221 2970 1264 3015 eo
1289 2962 1324 3016 et
1344 2951 1390 3016 ad

163 3058 365 3137 quotidiana
381 3075 484 3122 sacra
500 3053 824 3138 confessionesque,
841 3067 876 3120 et
898 3058 944 3121 ad
966 3058 1179 3122 dominicam
1202 3059 1390 3122 lectionem

162 3181 355 3227 concursus
369 3165 522 3229 uberior.

219 3271 322 3351 Quod
340 3271 397 3334 aio
421 3272 757 3336 communicantium
773 3288 959 3335 numerum
981 3287 1060 3334 esse
1084 3271 1286 3350 quindecim
1311 3273 1391 3352 plus

160 3377 287 3458 minuS,
303 3377 338 3442 id
353 3379 402 3442 ita
418 3378 551 3458 accipe,
565 3388 602 3442 ut
616 3379 869 3442 celebrioribus
880 3377 1128 3442 iestiuitatibus
1140 3378 1287 3456 triginta
1301 3386 1388 3458 treS,

159 3485 230 3550 imo
245 3495 279 3549 et
294 3486 384 3549 alias
399 3485 525 3565 uiginti
540 3494 694 3566 quatuor
708 3485 745 3549 in
761 3485 860 3549 festis
882 3487 989 3548 etiam
1004 3502 1075 3547 non
1097 3485 1264 3548 maximis
1279 3485 1390 3549 domi·

159 3592 277 3655 nicum
291 3608 421 3672 corpus
435 3608 481 3656 ex
496 3593 593 3655 omni
611 3592 736 3655 ordine
756 3591 1032 3655 communicare.
1056 3589 1127 3654 Sed
1148 3601 1182 3653 et
1202 3591 1387 3670 parochia·

158 3715 284 3762 norum
307 3697 319 3728 ⁸
339 3698 581 3762 consessiones
600 3698 657 3761 hic
677 3715 749 3762 non
770 3697 1107 3761 communicantium
1126 3698 1287 3773 auditae,
1304 3715 1386 3764 cum

159 3805 193 3868 in
215 3805 440 3868 xenodochio
461 3805 679 3884 priuatisque
701 3803 916 3884 municipum
933 3803 1089 3882 aedibus,
1112 3785 1311 3867 tumetium
1331 3820 1385 3867 sa·

157 3913 228 3975 cris
243 3912 279 3974 iu
293 3912 464 3975 ecclesiis.
480 3911 580 3974 Haec
595 3928 707 3990 parua
722 3928 793 3974 non
808 3919 890 3972 sunt
905 3910 975 3988 nic,
999 3909 1059 3973 ubi
1079 3919 1387 3976 sacramentorum

156 4017 433 4100 frequentiorem
447 4035 550 4081 usum
572 4015 714 4080 Domini
736 4017 895 4095 gladium
916 4016 1054 4095 credaS,
1077 4016 1127 4079 ita
1149 4019 1206 4079 uel
1221 4016 1387 4108 amarito

155 4143 236 4190 cum
251 4126 388 4204 reliqua
403 4123 536 4188 familia
552 4123 712 4203 separari
728 4122 832 4186 audet
848 4139 950 4201 uxor,
968 4123 1024 4185 uel
1039 4122 1084 4185 ab
1106 4140 1219 4186 uxore
1233 4123 1385 4186 maritus

155 4250 225 4295 non
240 4219 429 4296 erubescit.
447 4229 537 4310 Quid
555 4229 628 4293 dixi
643 4246 724 4292 cum
739 4230 874 4308 reliqua
892 4227 1044 4292 familia?
1055 4229 1126 4292 imo
1137 4246 1225 4292 uero
1241 4229 1385 4296 uicinia:

193 4474 201 4503 ¹
232 4471 272 4517 Ex
282 4474 334 4517 vol.
346 4473 405 4516 anni
418 4471 478 4515 isui:
489 4469 670 4524 autographae
681 4469 707 4512 in
718 4469 780 4513 tolio
791 4469 874 4522 unico.
884 4479 909 4512 n.
919 4467 955 4512 50.

191 4543 206 4608 ,¹
234 4543 301 4588 Vide
313 4543 426 4589 iteraret
438 4542 593 4594 chronicon,
603 4546 622 4584 t.
634 4552 660 4594 v,
669 4551 729 4595 pag.
737 4541 773 4592 54,
782 4552 806 4584 n.
816 4540 862 4585 110.

194 4615 205 4644 ³
231 4614 281 4660 Ubi
293 4627 339 4659 nos
349 4615 458 4670 legimus
467 4611 705 4668 parochianorum,
711 4609 771 4664 qnia
781 4621 873 4655 sensus
889 4611 915 4656 id
930 4617 1052 4665 expetere
1069 4611 1182 4668 videtur,
1193 4625 1240 4658 ms.
1253 4611 1388 4670 hobet'po·

155 4687 259 4738 chiara,
268 4688 385 4741 litterap
397 4685 511 4730 nonnihit
523 4685 668 4734 immutata.
680 4683 747 4736 quod
760 4683 863 4725 ridetur
872 4684 1056 4726 abbreviatum
1065 4685 1266 4737 perocin'orum.
