<?xml version="1.0" encoding="UTF-8"?>
<!DOCTYPE html PUBLIC "-//W3C//DTD XHTML 1.0 Transitional//EN"
    "http://www.w3.org/TR/xhtml1/DTD/xhtml1-transitional.dtd">
<html xmlns="http://www.w3.org/1999/xhtml" xml:lang="en" lang="en">
 <head>
  <title>
</title>
<meta http-equiv="Content-Type" content="text/html;charset=utf-8" />
  <meta name='ocr-system' content='tesseract 3.04.00' />
  <meta name='ocr-capabilities' content='ocr_page ocr_carea ocr_par ocr_line ocrx_word'/>
</head>
<body>
  <div class='ocr_page' id='page_1' title='image "./litteraequadrim00jesugoog/litteraequadrim00jesugoog_0584.png"; bbox 0 0 3368 5528; ppageno 0'>
   <div class='ocr_carea' id='block_1_1' title="bbox 378 490 1230 568">
    <p class='ocr_par' dir='ltr' id='par_1_1' title="bbox 378 490 1230 568">
     <span class='ocr_line' id='line_1_1' title="bbox 378 490 1230 568; baseline 0.006 -16"><span class='ocrx_word' id='word_1_1' title='bbox 378 490 433 552; x_wconf 84' lang='lat'><strong>578</strong></span> <span class='ocrx_word' id='word_1_2' title='bbox 762 491 934 554; x_wconf 75' lang='lat' dir='ltr'><strong>Ltrrrrau</strong></span> <span class='ocrx_word' id='word_1_3' title='bbox 952 501 1230 568; x_wconf 77' lang='lat' dir='ltr'><strong>ouanaurnsrrurs</strong></span> 
     </span>
    </p>
   </div>
   <div class='ocr_carea' id='block_1_2' title="bbox 362 637 1584 4270">
    <p class='ocr_par' dir='ltr' id='par_1_2' title="bbox 378 637 1574 809">
     <span class='ocr_line' id='line_1_2' title="bbox 379 637 1574 724; baseline 0.003 -22"><span class='ocrx_word' id='word_1_4' title='bbox 379 637 534 702; x_wconf 88' lang='lat' dir='ltr'><strong>ciuitatis</strong></span> <span class='ocrx_word' id='word_1_5' title='bbox 559 637 765 719; x_wconf 88' lang='lat' dir='ltr'><strong>quotidiana</strong></span> <span class='ocrx_word' id='word_1_6' title='bbox 790 658 855 705; x_wconf 89' lang='lat' dir='ltr'><strong>sua</strong></span> <span class='ocrx_word' id='word_1_7' title='bbox 881 649 914 704; x_wconf 92' lang='lat' dir='ltr'><strong>et</strong></span> <span class='ocrx_word' id='word_1_8' title='bbox 940 640 1084 715; x_wconf 83' lang='lat' dir='ltr'><strong>assidua</strong></span> <span class='ocrx_word' id='word_1_9' title='bbox 1098 642 1301 724; x_wconf 84' lang='lat' dir='ltr'><strong>praesentia</strong></span> <span class='ocrx_word' id='word_1_10' title='bbox 1321 643 1379 708; x_wconf 85' lang='lat' dir='ltr'><strong>uel</strong></span> <span class='ocrx_word' id='word_1_11' title='bbox 1399 643 1519 714; x_wconf 85' lang='lat' dir='ltr'><strong>inuitos</strong></span> <span class='ocrx_word' id='word_1_12' title='bbox 1537 642 1574 708; x_wconf 89' lang='lat' dir='ltr'><strong>al·</strong></span> 
     </span>
     <span class='ocr_line' id='line_1_3' title="bbox 378 743 464 809; baseline 0.035 -3"><span class='ocrx_word' id='word_1_13' title='bbox 378 743 464 809; x_wconf 91' lang='lat' dir='ltr'><strong>licit.</strong></span> 
     </span>
    </p>

    <p class='ocr_par' dir='ltr' id='par_1_3' title="bbox 362 851 1584 4270">
     <span class='ocr_line' id='line_1_4' title="bbox 438 851 1573 940; baseline 0.004 -24"><span class='ocrx_word' id='word_1_14' title='bbox 438 851 511 916; x_wconf 92' lang='lat' dir='ltr'><strong>Nec</strong></span> <span class='ocrx_word' id='word_1_15' title='bbox 527 852 646 933; x_wconf 83' lang='lat' dir='ltr'><strong>deluit,</strong></span> <span class='ocrx_word' id='word_1_16' title='bbox 663 853 797 918; x_wconf 88' lang='lat' dir='ltr'><strong>Christi</strong></span> <span class='ocrx_word' id='word_1_17' title='bbox 811 854 1039 936; x_wconf 78' lang='lat' dir='ltr'><strong>benignitate,</strong></span> <span class='ocrx_word' id='word_1_18' title='bbox 1057 865 1177 920; x_wconf 87' lang='lat' dir='ltr'><strong>tantae</strong></span> <span class='ocrx_word' id='word_1_19' title='bbox 1191 859 1428 939; x_wconf 81' lang='lat' dir='ltr'><strong>expectationi</strong></span> <span class='ocrx_word' id='word_1_20' title='bbox 1441 875 1499 940; x_wconf 86' lang='lat' dir='ltr'><strong>par</strong></span> <span class='ocrx_word' id='word_1_21' title='bbox 1516 857 1573 922; x_wconf 83' lang='lat' dir='ltr'><strong>eri·</strong></span> 
     </span>
     <span class='ocr_line' id='line_1_5' title="bbox 377 960 1574 1047; baseline 0 -23"><span class='ocrx_word' id='word_1_22' title='bbox 377 969 451 1024; x_wconf 89' lang='lat' dir='ltr'><strong>tus:</strong></span> <span class='ocrx_word' id='word_1_23' title='bbox 469 960 518 1024; x_wconf 91' lang='lat' dir='ltr'><strong>ita</strong></span> <span class='ocrx_word' id='word_1_24' title='bbox 533 962 627 1024; x_wconf 88' lang='lat' dir='ltr'><strong>enim</strong></span> <span class='ocrx_word' id='word_1_25' title='bbox 641 963 760 1025; x_wconf 90' lang='lat' dir='ltr'><strong>cuncti</strong></span> <span class='ocrx_word' id='word_1_26' title='bbox 776 960 812 1026; x_wconf 88' lang='lat' dir='ltr'><strong>P.</strong></span> <span class='ocrx_word' id='word_1_27' title='bbox 829 961 1092 1028; x_wconf 86' lang='lat' dir='ltr'><strong>Emmanuelis·</strong></span> <span class='ocrx_word' id='word_1_28' title='bbox 1113 965 1312 1028; x_wconf 80' lang='lat' dir='ltr'><strong>contionem</strong></span> <span class='ocrx_word' id='word_1_29' title='bbox 1331 966 1525 1047; x_wconf 77' lang='lat' dir='ltr'><strong>probabant,</strong></span> <span class='ocrx_word' id='word_1_30' title='bbox 1542 973 1574 1026; x_wconf 92' lang='lat' dir='ltr'><strong>ut</strong></span> 
     </span>
     <span class='ocr_line' id='line_1_6' title="bbox 378 1065 1575 1154; baseline 0.002 -24"><span class='ocrx_word' id='word_1_31' title='bbox 378 1081 440 1130; x_wconf 83' lang='lat' dir='ltr'><strong>nec</strong></span> <span class='ocrx_word' id='word_1_32' title='bbox 452 1065 527 1146; x_wconf 81' lang='lat' dir='ltr'><strong>ipsi</strong></span> <span class='ocrx_word' id='word_1_33' title='bbox 538 1068 706 1132; x_wconf 86' lang='lat' dir='ltr'><strong>monachi</strong></span> <span class='ocrx_word' id='word_1_34' title='bbox 719 1067 934 1134; x_wconf 89' lang='lat' dir='ltr'><strong>dominicani</strong></span> <span class='ocrx_word' id='word_1_35' title='bbox 948 1071 1076 1152; x_wconf 89' lang='lat' dir='ltr'><strong>aliique</strong></span> <span class='ocrx_word' id='word_1_36' title='bbox 1091 1087 1129 1135; x_wconf 92' lang='lat' dir='ltr'><strong>se</strong></span> <span class='ocrx_word' id='word_1_37' title='bbox 1144 1073 1380 1152; x_wconf 83' lang='lat' dir='ltr'><strong>continerent,</strong></span> <span class='ocrx_word' id='word_1_38' title='bbox 1396 1072 1474 1154; x_wconf 86' lang='lat' dir='ltr'><strong>quin</strong></span> <span class='ocrx_word' id='word_1_39' title='bbox 1485 1070 1575 1150; x_wconf 86' lang='lat' dir='ltr'><strong>idpa-</strong></span> 
     </span>
     <span class='ocr_line' id='line_1_7' title="bbox 377 1174 1577 1260; baseline 0.002 -23"><span class='ocrx_word' id='word_1_40' title='bbox 377 1177 447 1238; x_wconf 88' lang='lat' dir='ltr'><strong>lam</strong></span> <span class='ocrx_word' id='word_1_41' title='bbox 462 1185 726 1254; x_wconf 86' lang='lat' dir='ltr'><strong>asseuerarent;</strong></span> <span class='ocrx_word' id='word_1_42' title='bbox 743 1175 780 1238; x_wconf 91' lang='lat' dir='ltr'><strong>in</strong></span> <span class='ocrx_word' id='word_1_43' title='bbox 794 1174 874 1238; x_wconf 82' lang='lat' dir='ltr'><strong>sola</strong></span> <span class='ocrx_word' id='word_1_44' title='bbox 887 1175 1064 1242; x_wconf 89' lang='lat' dir='ltr'><strong>Societate</strong></span> <span class='ocrx_word' id='word_1_45' title='bbox 1078 1177 1168 1260; x_wconf 46' lang='lat' dir='ltr'><strong>Jesu*</strong></span> <span class='ocrx_word' id='word_1_46' title='bbox 1182 1180 1383 1243; x_wconf 87' lang='lat' dir='ltr'><strong>doctrinam</strong></span> <span class='ocrx_word' id='word_1_47' title='bbox 1400 1197 1442 1244; x_wconf 85' lang='lat' dir='ltr'><strong>ac</strong></span> <span class='ocrx_word' id='word_1_48' title='bbox 1460 1180 1577 1258; x_wconf 88' lang='lat' dir='ltr'><strong>sapien·</strong></span> 
     </span>
     <span class='ocr_line' id='line_1_8' title="bbox 377 1281 1576 1367; baseline 0.003 -23"><span class='ocrx_word' id='word_1_49' title='bbox 377 1283 463 1348; x_wconf 81' lang='lat' dir='ltr'><strong>tiam</strong></span> <span class='ocrx_word' id='word_1_50' title='bbox 478 1291 511 1344; x_wconf 88' lang='lat' dir='ltr'><strong>et</strong></span> <span class='ocrx_word' id='word_1_51' title='bbox 526 1281 599 1344; x_wconf 83' lang='lat' dir='ltr'><strong>vim</strong></span> <span class='ocrx_word' id='word_1_52' title='bbox 615 1283 725 1346; x_wconf 90' lang='lat' dir='ltr'><strong>diuini</strong></span> <span class='ocrx_word' id='word_1_53' title='bbox 739 1283 891 1363; x_wconf 87' lang='lat' dir='ltr'><strong>Spiritus</strong></span> <span class='ocrx_word' id='word_1_54' title='bbox 906 1285 1039 1364; x_wconf 87' lang='lat' dir='ltr'><strong>uigere.</strong></span> <span class='ocrx_word' id='word_1_55' title='bbox 1055 1285 1104 1350; x_wconf 84' lang='lat' dir='ltr'><strong>At</strong></span> <span class='ocrx_word' id='word_1_56' title='bbox 1119 1285 1356 1366; x_wconf 84' lang='lat' dir='ltr'><strong>Gubernator,</strong></span> <span class='ocrx_word' id='word_1_57' title='bbox 1373 1285 1464 1350; x_wconf 90' lang='lat' dir='ltr'><strong>haud</strong></span> <span class='ocrx_word' id='word_1_58' title='bbox 1480 1285 1576 1367; x_wconf 83' lang='lat' dir='ltr'><strong>prima</strong></span> 
     </span>
     <span class='ocr_line' id='line_1_9' title="bbox 376 1392 1577 1475; baseline 0.002 -23"><span class='ocrx_word' id='word_1_59' title='bbox 376 1399 563 1453; x_wconf 86' lang='lat' dir='ltr'><strong>contentus</strong></span> <span class='ocrx_word' id='word_1_60' title='bbox 588 1392 891 1471; x_wconf 82' lang='lat' dir='ltr'><strong>promulgatione,</strong></span> <span class='ocrx_word' id='word_1_61' title='bbox 917 1405 1061 1473; x_wconf 89' lang='lat' dir='ltr'><strong>postero</strong></span> <span class='ocrx_word' id='word_1_62' title='bbox 1086 1394 1142 1456; x_wconf 87' lang='lat' dir='ltr'><strong>die</strong></span> <span class='ocrx_word' id='word_1_63' title='bbox 1165 1395 1250 1458; x_wconf 90' lang='lat' dir='ltr'><strong>tuba</strong></span> <span class='ocrx_word' id='word_1_64' title='bbox 1271 1412 1395 1458; x_wconf 89' lang='lat' dir='ltr'><strong>rursus</strong></span> <span class='ocrx_word' id='word_1_65' title='bbox 1413 1393 1577 1475; x_wconf 80' lang='lat' dir='ltr'><strong>conciona-</strong></span> 
     </span>
     <span class='ocr_line' id='line_1_10' title="bbox 376 1497 1578 1578; baseline -0.001 -18"><span class='ocrx_word' id='word_1_66' title='bbox 376 1498 463 1560; x_wconf 91' lang='lat' dir='ltr'><strong>toris</strong></span> <span class='ocrx_word' id='word_1_67' title='bbox 482 1497 673 1560; x_wconf 89' lang='lat' dir='ltr'><strong>aduentum</strong></span> <span class='ocrx_word' id='word_1_68' title='bbox 698 1499 872 1578; x_wconf 89' lang='lat' dir='ltr'><strong>euulgari,</strong></span> <span class='ocrx_word' id='word_1_69' title='bbox 898 1497 1039 1562; x_wconf 72' lang='lat' dir='ltr'><strong>mittere</strong></span> <span class='ocrx_word' id='word_1_70' title='bbox 1063 1500 1159 1564; x_wconf 82' lang='lat' dir='ltr'><strong>ciues</strong></span> <span class='ocrx_word' id='word_1_71' title='bbox 1184 1517 1307 1564; x_wconf 87' lang='lat' dir='ltr'><strong>omnes</strong></span> <span class='ocrx_word' id='word_1_72' title='bbox 1333 1501 1379 1564; x_wconf 91' lang='lat' dir='ltr'><strong>ad</strong></span> <span class='ocrx_word' id='word_1_73' title='bbox 1404 1500 1578 1564; x_wconf 87' lang='lat' dir='ltr'><strong>doctrinam</strong></span> 
     </span>
     <span class='ocr_line' id='line_1_11' title="bbox 375 1605 1578 1688; baseline -0.001 -20"><span class='ocrx_word' id='word_1_74' title='bbox 375 1605 608 1668; x_wconf 90' lang='lat' dir='ltr'><strong>christianam</strong></span> <span class='ocrx_word' id='word_1_75' title='bbox 622 1605 752 1667; x_wconf 91' lang='lat' dir='ltr'><strong>liberos</strong></span> <span class='ocrx_word' id='word_1_76' title='bbox 767 1621 851 1668; x_wconf 89' lang='lat' dir='ltr'><strong>suos</strong></span> <span class='ocrx_word' id='word_1_77' title='bbox 866 1606 1064 1685; x_wconf 90' lang='lat' dir='ltr'><strong>imperauit.</strong></span> <span class='ocrx_word' id='word_1_78' title='bbox 1085 1605 1272 1670; x_wconf 89' lang='lat' dir='ltr'><strong>Methodus</strong></span> <span class='ocrx_word' id='word_1_79' title='bbox 1291 1624 1389 1686; x_wconf 87' lang='lat' dir='ltr'><strong>uero,</strong></span> <span class='ocrx_word' id='word_1_80' title='bbox 1410 1624 1511 1688; x_wconf 84' lang='lat' dir='ltr'><strong>quam</strong></span> <span class='ocrx_word' id='word_1_81' title='bbox 1526 1605 1578 1668; x_wconf 89' lang='lat' dir='ltr'><strong>do·</strong></span> 
     </span>
     <span class='ocr_line' id='line_1_12' title="bbox 375 1711 1577 1794; baseline -0.001 -19"><span class='ocrx_word' id='word_1_82' title='bbox 375 1714 510 1776; x_wconf 87' lang='lat' dir='ltr'><strong>ctrinae</strong></span> <span class='ocrx_word' id='word_1_83' title='bbox 535 1712 751 1776; x_wconf 88' lang='lat' dir='ltr'><strong>christianae</strong></span> <span class='ocrx_word' id='word_1_84' title='bbox 776 1713 883 1776; x_wconf 89' lang='lat' dir='ltr'><strong>tradit</strong></span> <span class='ocrx_word' id='word_1_85' title='bbox 903 1711 1081 1793; x_wconf 91' lang='lat' dir='ltr'><strong>Societas,</strong></span> <span class='ocrx_word' id='word_1_86' title='bbox 1104 1730 1319 1794; x_wconf 82' lang='lat' dir='ltr'><strong>magnopere</strong></span> <span class='ocrx_word' id='word_1_87' title='bbox 1341 1715 1493 1794; x_wconf 74' lang='lat' dir='ltr'><strong>cuneda,</strong></span> <span class='ocrx_word' id='word_1_88' title='bbox 1514 1713 1577 1794; x_wconf 83' lang='lat' dir='ltr'><strong>Epi·</strong></span> 
     </span>
     <span class='ocr_line' id='line_1_13' title="bbox 373 1811 1576 1901; baseline 0 -19"><span class='ocrx_word' id='word_1_89' title='bbox 373 1836 482 1900; x_wconf 91' lang='lat' dir='ltr'><strong>scopo</strong></span> <span class='ocrx_word' id='word_1_90' title='bbox 498 1829 616 1882; x_wconf 88' lang='lat' dir='ltr'><strong>autem</strong></span> <span class='ocrx_word' id='word_1_91' title='bbox 630 1829 665 1882; x_wconf 91' lang='lat' dir='ltr'><strong>et</strong></span> <span class='ocrx_word' id='word_1_92' title='bbox 679 1811 918 1897; x_wconf 70' lang='lat' dir='ltr'><strong>Moderatum,</strong></span> <span class='ocrx_word' id='word_1_93' title='bbox 933 1820 1019 1884; x_wconf 91' lang='lat' dir='ltr'><strong>uiris</strong></span> <span class='ocrx_word' id='word_1_94' title='bbox 1033 1821 1315 1901; x_wconf 61' lang='lat' dir='ltr'><strong>sapientissimis</strong></span> <span class='ocrx_word' id='word_1_95' title='bbox 1329 1830 1403 1886; x_wconf 87' lang='lat' dir='ltr'><strong>tam</strong></span> <span class='ocrx_word' id='word_1_96' title='bbox 1412 1823 1576 1886; x_wconf 86' lang='lat' dir='ltr'><strong>uehemen-</strong></span> 
     </span>
     <span class='ocr_line' id='line_1_14' title="bbox 374 1926 1577 2008; baseline -0.003 -18"><span class='ocrx_word' id='word_1_97' title='bbox 374 1937 427 1990; x_wconf 91' lang='lat' dir='ltr'><strong>ter</strong></span> <span class='ocrx_word' id='word_1_98' title='bbox 440 1926 586 2008; x_wconf 91' lang='lat' dir='ltr'><strong>placuit,</strong></span> <span class='ocrx_word' id='word_1_99' title='bbox 607 1935 644 1990; x_wconf 90' lang='lat' dir='ltr'><strong>ut</strong></span> <span class='ocrx_word' id='word_1_100' title='bbox 666 1927 761 1990; x_wconf 90' lang='lat' dir='ltr'><strong>illico</strong></span> <span class='ocrx_word' id='word_1_101' title='bbox 780 1929 875 2008; x_wconf 83' lang='lat' dir='ltr'><strong>typis</strong></span> <span class='ocrx_word' id='word_1_102' title='bbox 894 1927 1056 1990; x_wconf 90' lang='lat' dir='ltr'><strong>mandari</strong></span> <span class='ocrx_word' id='word_1_103' title='bbox 1077 1937 1112 1990; x_wconf 87' lang='lat' dir='ltr'><strong>et</strong></span> <span class='ocrx_word' id='word_1_104' title='bbox 1132 1928 1321 1992; x_wconf 87' lang='lat' dir='ltr'><strong>vniuersae</strong></span> <span class='ocrx_word' id='word_1_105' title='bbox 1339 1946 1425 1993; x_wconf 89' lang='lat' dir='ltr'><strong>suae</strong></span> <span class='ocrx_word' id='word_1_106' title='bbox 1444 1927 1577 1994; x_wconf 88' lang='lat' dir='ltr'><strong>dioecesi</strong></span> 
     </span>
     <span class='ocr_line' id='line_1_15' title="bbox 373 2034 1576 2116; baseline -0.003 -18"><span class='ocrx_word' id='word_1_107' title='bbox 373 2037 513 2116; x_wconf 89' lang='lat' dir='ltr'><strong>copiam</strong></span> <span class='ocrx_word' id='word_1_108' title='bbox 528 2036 603 2098; x_wconf 87' lang='lat' dir='ltr'><strong>eius</strong></span> <span class='ocrx_word' id='word_1_109' title='bbox 617 2034 693 2098; x_wconf 88' lang='lat' dir='ltr'><strong>fieri</strong></span> <span class='ocrx_word' id='word_1_110' title='bbox 707 2049 750 2098; x_wconf 89' lang='lat' dir='ltr'><strong>ac</strong></span> <span class='ocrx_word' id='word_1_111' title='bbox 766 2034 927 2099; x_wconf 87' lang='lat' dir='ltr'><strong>distribui</strong></span> <span class='ocrx_word' id='word_1_112' title='bbox 944 2035 1120 2098; x_wconf 83' lang='lat' dir='ltr'><strong>noluerint</strong></span> <span class='ocrx_word' id='word_1_113' title='bbox 1134 2037 1157 2098; x_wconf 85' lang='lat'><strong>¹.</strong></span> <span class='ocrx_word' id='word_1_114' title='bbox 1175 2034 1424 2100; x_wconf 83' lang='lat' dir='ltr'><strong>consessiones</strong></span> <span class='ocrx_word' id='word_1_115' title='bbox 1434 2037 1535 2112; x_wconf 92' lang='lat' dir='ltr'><strong>initio,</strong></span> <span class='ocrx_word' id='word_1_116' title='bbox 1546 2043 1576 2096; x_wconf 92' lang='lat' dir='ltr'><strong>ut</strong></span> 
     </span>
     <span class='ocr_line' id='line_1_16' title="bbox 372 2141 1577 2222; baseline -0.001 -17"><span class='ocrx_word' id='word_1_117' title='bbox 372 2143 577 2206; x_wconf 89' lang='lat' dir='ltr'><strong>inusitatum</strong></span> <span class='ocrx_word' id='word_1_118' title='bbox 592 2141 771 2222; x_wconf 87' lang='lat' dir='ltr'><strong>quippiam</strong></span> <span class='ocrx_word' id='word_1_119' title='bbox 787 2153 819 2204; x_wconf 89' lang='lat' dir='ltr'><strong>et</strong></span> <span class='ocrx_word' id='word_1_120' title='bbox 836 2143 1027 2220; x_wconf 91' lang='lat' dir='ltr'><strong>insolitum,</strong></span> <span class='ocrx_word' id='word_1_121' title='bbox 1039 2141 1218 2220; x_wconf 87' lang='lat' dir='ltr'><strong>frigebant</strong></span> <span class='ocrx_word' id='word_1_122' title='bbox 1229 2159 1236 2221; x_wconf 91' lang='lat'>;</span> <span class='ocrx_word' id='word_1_123' title='bbox 1249 2143 1320 2208; x_wconf 90' lang='lat' dir='ltr'><strong>imo</strong></span> <span class='ocrx_word' id='word_1_124' title='bbox 1332 2145 1519 2208; x_wconf 88' lang='lat' dir='ltr'><strong>nouitatem</strong></span> <span class='ocrx_word' id='word_1_125' title='bbox 1529 2141 1577 2204; x_wconf 90' lang='lat' dir='ltr'><strong>ad·</strong></span> 
     </span>
     <span class='ocr_line' id='line_1_17' title="bbox 371 2241 1577 2332; baseline -0.002 -18"><span class='ocrx_word' id='word_1_126' title='bbox 371 2251 489 2314; x_wconf 88' lang='lat' dir='ltr'><strong>mirati</strong></span> <span class='ocrx_word' id='word_1_127' title='bbox 504 2252 672 2330; x_wconf 87' lang='lat' dir='ltr'><strong>plerique,</strong></span> <span class='ocrx_word' id='word_1_128' title='bbox 689 2249 816 2330; x_wconf 88' lang='lat' dir='ltr'><strong>quibus</strong></span> <span class='ocrx_word' id='word_1_129' title='bbox 831 2247 1019 2312; x_wconf 89' lang='lat' dir='ltr'><strong>Societatis</strong></span> <span class='ocrx_word' id='word_1_130' title='bbox 1034 2250 1135 2324; x_wconf 91' lang='lat' dir='ltr'><strong>(utin</strong></span> <span class='ocrx_word' id='word_1_131' title='bbox 1151 2241 1340 2314; x_wconf 86' lang='lat' dir='ltr'><strong>&#39;remotiore</strong></span> <span class='ocrx_word' id='word_1_132' title='bbox 1360 2261 1464 2332; x_wconf 87' lang='lat' dir='ltr'><strong>atque</strong></span> <span class='ocrx_word' id='word_1_133' title='bbox 1481 2251 1514 2314; x_wconf 92' lang='lat' dir='ltr'><strong>in</strong></span> <span class='ocrx_word' id='word_1_134' title='bbox 1530 2265 1577 2312; x_wconf 86' lang='lat' dir='ltr'><strong>ex·</strong></span> 
     </span>
     <span class='ocr_line' id='line_1_18' title="bbox 371 2356 1578 2440; baseline -0.002 -19"><span class='ocrx_word' id='word_1_135' title='bbox 371 2358 493 2422; x_wconf 89' lang='lat' dir='ltr'><strong>tremis</strong></span> <span class='ocrx_word' id='word_1_136' title='bbox 509 2357 629 2420; x_wconf 89' lang='lat' dir='ltr'><strong>Piceni</strong></span> <span class='ocrx_word' id='word_1_137' title='bbox 644 2357 771 2420; x_wconf 86' lang='lat' dir='ltr'><strong>finibus</strong></span> <span class='ocrx_word' id='word_1_138' title='bbox 786 2358 941 2438; x_wconf 88' lang='lat' dir='ltr'><strong>seposita</strong></span> <span class='ocrx_word' id='word_1_139' title='bbox 957 2356 1114 2438; x_wconf 86' lang='lat' dir='ltr'><strong>ciuitate)</strong></span> <span class='ocrx_word' id='word_1_140' title='bbox 1131 2359 1246 2422; x_wconf 89' lang='lat' dir='ltr'><strong>tenuis</strong></span> <span class='ocrx_word' id='word_1_141' title='bbox 1260 2369 1337 2420; x_wconf 88' lang='lat' dir='ltr'><strong>erat</strong></span> <span class='ocrx_word' id='word_1_142' title='bbox 1352 2370 1387 2421; x_wconf 87' lang='lat' dir='ltr'><strong>et</strong></span> <span class='ocrx_word' id='word_1_143' title='bbox 1406 2375 1513 2440; x_wconf 89' lang='lat' dir='ltr'><strong>nuper</strong></span> <span class='ocrx_word' id='word_1_144' title='bbox 1530 2356 1578 2419; x_wconf 91' lang='lat' dir='ltr'><strong>ad·</strong></span> 
     </span>
     <span class='ocr_line' id='line_1_19' title="bbox 372 2463 1578 2546; baseline -0.004 -16"><span class='ocrx_word' id='word_1_145' title='bbox 372 2466 514 2530; x_wconf 89' lang='lat' dir='ltr'><strong>modum</strong></span> <span class='ocrx_word' id='word_1_146' title='bbox 539 2466 677 2544; x_wconf 84' lang='lat' dir='ltr'><strong>notitia,</strong></span> <span class='ocrx_word' id='word_1_147' title='bbox 704 2464 909 2544; x_wconf 89' lang='lat' dir='ltr'><strong>rogitabant</strong></span> <span class='ocrx_word' id='word_1_148' title='bbox 934 2463 1081 2528; x_wconf 82' lang='lat' dir='ltr'><strong>subinde</strong></span> <span class='ocrx_word' id='word_1_149' title='bbox 1105 2476 1259 2544; x_wconf 87' lang='lat' dir='ltr'><strong>nostros,</strong></span> <span class='ocrx_word' id='word_1_150' title='bbox 1282 2467 1578 2546; x_wconf 70' lang='lat' dir='ltr'><strong>quo&#39;importunac</strong></span> 
     </span>
     <span class='ocr_line' id='line_1_20' title="bbox 369 2573 1578 2656; baseline 0 -19"><span class='ocrx_word' id='word_1_151' title='bbox 369 2573 965 2651; x_wconf 86' lang='lat' dir='ltr'><strong>illaeconl&#39;essionesconcionesque</strong></span> <span class='ocrx_word' id='word_1_152' title='bbox 977 2583 1191 2652; x_wconf 71' lang='lat' dir='ltr'><strong>spectarent,</strong></span> <span class='ocrx_word' id='word_1_153' title='bbox 1201 2590 1242 2636; x_wconf 87' lang='lat' dir='ltr'><strong>ea</strong></span> <span class='ocrx_word' id='word_1_154' title='bbox 1252 2575 1394 2655; x_wconf 87' lang='lat' dir='ltr'><strong>quippe,</strong></span> <span class='ocrx_word' id='word_1_155' title='bbox 1406 2576 1437 2638; x_wconf 89' lang='lat' dir='ltr'><strong>si</strong></span> <span class='ocrx_word' id='word_1_156' title='bbox 1448 2583 1578 2656; x_wconf 86' lang='lat' dir='ltr'><strong>quotau·</strong></span> 
     </span>
     <span class='ocr_line' id='line_1_21' title="bbox 367 2679 1577 2762; baseline -0.004 -18"><span class='ocrx_word' id='word_1_157' title='bbox 367 2683 422 2744; x_wconf 91' lang='lat' dir='ltr'><strong>nis</strong></span> <span class='ocrx_word' id='word_1_158' title='bbox 436 2684 544 2745; x_wconf 89' lang='lat' dir='ltr'><strong>semel</strong></span> <span class='ocrx_word' id='word_1_159' title='bbox 559 2699 623 2762; x_wconf 93' lang='lat' dir='ltr'><strong>pro</strong></span> <span class='ocrx_word' id='word_1_160' title='bbox 639 2690 781 2761; x_wconf 91' lang='lat' dir='ltr'><strong>recepto</strong></span> <span class='ocrx_word' id='word_1_161' title='bbox 797 2696 894 2744; x_wconf 84' lang='lat' dir='ltr'><strong>more</strong></span> <span class='ocrx_word' id='word_1_162' title='bbox 910 2679 1006 2759; x_wconf 87' lang='lat' dir='ltr'><strong>liant,</strong></span> <span class='ocrx_word' id='word_1_163' title='bbox 1022 2681 1110 2743; x_wconf 88' lang='lat' dir='ltr'><strong>satis</strong></span> <span class='ocrx_word' id='word_1_164' title='bbox 1126 2697 1301 2762; x_wconf 90' lang='lat' dir='ltr'><strong>superque</strong></span> <span class='ocrx_word' id='word_1_165' title='bbox 1316 2681 1392 2745; x_wconf 86' lang='lat' dir='ltr'><strong>sore</strong></span> <span class='ocrx_word' id='word_1_166' title='bbox 1415 2679 1577 2746; x_wconf 83' lang='lat' dir='ltr'><strong>arbitrati.</strong></span> 
     </span>
     <span class='ocr_line' id='line_1_22' title="bbox 367 2787 1576 2869; baseline -0.004 -16"><span class='ocrx_word' id='word_1_167' title='bbox 367 2791 452 2854; x_wconf 87' lang='lat' dir='ltr'><strong>Mox</strong></span> <span class='ocrx_word' id='word_1_168' title='bbox 466 2801 595 2868; x_wconf 90' lang='lat' dir='ltr'><strong>autem,</strong></span> <span class='ocrx_word' id='word_1_169' title='bbox 611 2805 660 2850; x_wconf 85' lang='lat' dir='ltr'><strong>ex</strong></span> <span class='ocrx_word' id='word_1_170' title='bbox 674 2787 805 2852; x_wconf 88' lang='lat' dir='ltr'><strong>auditis</strong></span> <span class='ocrx_word' id='word_1_171' title='bbox 819 2787 913 2850; x_wconf 88' lang='lat' dir='ltr'><strong>haud</strong></span> <span class='ocrx_word' id='word_1_172' title='bbox 934 2787 983 2850; x_wconf 88' lang='lat' dir='ltr'><strong>ita</strong></span> <span class='ocrx_word' id='word_1_173' title='bbox 1005 2788 1125 2850; x_wconf 86' lang='lat' dir='ltr'><strong>multis</strong></span> <span class='ocrx_word' id='word_1_174' title='bbox 1144 2789 1386 2869; x_wconf 86' lang='lat' dir='ltr'><strong>concionibus,</strong></span> <span class='ocrx_word' id='word_1_175' title='bbox 1410 2807 1452 2852; x_wconf 86' lang='lat' dir='ltr'><strong>eo</strong></span> <span class='ocrx_word' id='word_1_176' title='bbox 1474 2787 1576 2853; x_wconf 88' lang='lat' dir='ltr'><strong>studio</strong></span> 
     </span>
     <span class='ocr_line' id='line_1_23' title="bbox 366 2894 1579 2978; baseline 0 -18"><span class='ocrx_word' id='word_1_177' title='bbox 366 2910 400 2960; x_wconf 87' lang='lat' dir='ltr'><strong>et</strong></span> <span class='ocrx_word' id='word_1_178' title='bbox 415 2897 606 2976; x_wconf 88' lang='lat' dir='ltr'><strong>cupiditate</strong></span> <span class='ocrx_word' id='word_1_179' title='bbox 622 2913 745 2959; x_wconf 90' lang='lat' dir='ltr'><strong>eorum</strong></span> <span class='ocrx_word' id='word_1_180' title='bbox 759 2906 934 2973; x_wconf 88' lang='lat' dir='ltr'><strong>arserunt,</strong></span> <span class='ocrx_word' id='word_1_181' title='bbox 951 2895 1000 2958; x_wconf 91' lang='lat' dir='ltr'><strong>ita</strong></span> <span class='ocrx_word' id='word_1_182' title='bbox 1015 2894 1118 2958; x_wconf 87' lang='lat' dir='ltr'><strong>auide</strong></span> <span class='ocrx_word' id='word_1_183' title='bbox 1134 2911 1256 2960; x_wconf 90' lang='lat' dir='ltr'><strong>omnes</strong></span> <span class='ocrx_word' id='word_1_184' title='bbox 1267 2897 1459 2978; x_wconf 85' lang='lat' dir='ltr'><strong>instabant,</strong></span> <span class='ocrx_word' id='word_1_185' title='bbox 1475 2906 1509 2960; x_wconf 85' lang='lat' dir='ltr'><strong>ut</strong></span> <span class='ocrx_word' id='word_1_186' title='bbox 1522 2911 1579 2960; x_wconf 89' lang='lat' dir='ltr'><strong>nec</strong></span> 
     </span>
     <span class='ocr_line' id='line_1_24' title="bbox 364 3002 1579 3084; baseline -0.003 -16"><span class='ocrx_word' id='word_1_187' title='bbox 364 3006 433 3068; x_wconf 89' lang='lat' dir='ltr'><strong>illis</strong></span> <span class='ocrx_word' id='word_1_188' title='bbox 448 3005 558 3067; x_wconf 91' lang='lat' dir='ltr'><strong>nostri</strong></span> <span class='ocrx_word' id='word_1_189' title='bbox 574 3003 793 3082; x_wconf 84' lang='lat' dir='ltr'><strong>satisfacere,</strong></span> <span class='ocrx_word' id='word_1_190' title='bbox 809 3019 875 3065; x_wconf 89' lang='lat' dir='ltr'><strong>nec</strong></span> <span class='ocrx_word' id='word_1_191' title='bbox 889 3002 944 3065; x_wconf 85' lang='lat' dir='ltr'><strong>his</strong></span> <span class='ocrx_word' id='word_1_192' title='bbox 955 3002 1004 3064; x_wconf 93' lang='lat' dir='ltr'><strong>illi</strong></span> <span class='ocrx_word' id='word_1_193' title='bbox 1017 3003 1096 3064; x_wconf 93' lang='lat' dir='ltr'><strong>cibo</strong></span> <span class='ocrx_word' id='word_1_194' title='bbox 1109 3003 1281 3082; x_wconf 86' lang='lat' dir='ltr'><strong>capiendo</strong></span> <span class='ocrx_word' id='word_1_195' title='bbox 1293 3005 1411 3068; x_wconf 93' lang='lat' dir='ltr'><strong>locum</strong></span> <span class='ocrx_word' id='word_1_196' title='bbox 1422 3005 1579 3084; x_wconf 87' lang='lat' dir='ltr'><strong>relinque·</strong></span> 
     </span>
     <span class='ocr_line' id='line_1_25' title="bbox 366 3111 1578 3192; baseline -0.003 -16"><span class='ocrx_word' id='word_1_197' title='bbox 366 3122 453 3176; x_wconf 86' lang='lat' dir='ltr'><strong>rent.</strong></span> <span class='ocrx_word' id='word_1_198' title='bbox 478 3111 593 3175; x_wconf 85' lang='lat' dir='ltr'><strong>&#39;santa</strong></span> <span class='ocrx_word' id='word_1_199' title='bbox 612 3111 648 3174; x_wconf 92' lang='lat' dir='ltr'><strong>ui</strong></span> <span class='ocrx_word' id='word_1_200' title='bbox 667 3122 772 3192; x_wconf 89' lang='lat' dir='ltr'><strong>atque</strong></span> <span class='ocrx_word' id='word_1_201' title='bbox 792 3111 918 3172; x_wconf 88' lang='lat' dir='ltr'><strong>ardore</strong></span> <span class='ocrx_word' id='word_1_202' title='bbox 944 3127 1008 3172; x_wconf 88' lang='lat' dir='ltr'><strong>sua</strong></span> <span class='ocrx_word' id='word_1_203' title='bbox 1031 3121 1178 3190; x_wconf 87' lang='lat' dir='ltr'><strong>peccata</strong></span> <span class='ocrx_word' id='word_1_204' title='bbox 1198 3111 1458 3176; x_wconf 82' lang='lat' dir='ltr'><strong>denuntiabant</strong></span> <span class='ocrx_word' id='word_1_205' title='bbox 1483 3121 1515 3175; x_wconf 87' lang='lat' dir='ltr'><strong>et</strong></span> <span class='ocrx_word' id='word_1_206' title='bbox 1534 3127 1578 3174; x_wconf 91' lang='lat' dir='ltr'><strong>sa·</strong></span> 
     </span>
     <span class='ocr_line' id='line_1_26' title="bbox 365 3217 1581 3300; baseline -0.004 -18"><span class='ocrx_word' id='word_1_207' title='bbox 365 3236 463 3284; x_wconf 87' lang='lat' dir='ltr'><strong>cram</strong></span> <span class='ocrx_word' id='word_1_208' title='bbox 477 3220 642 3300; x_wconf 87' lang='lat' dir='ltr'><strong>synaxim</strong></span> <span class='ocrx_word' id='word_1_209' title='bbox 657 3217 906 3298; x_wconf 84' lang='lat' dir='ltr'><strong>suscipiebant,</strong></span> <span class='ocrx_word' id='word_1_210' title='bbox 928 3228 965 3280; x_wconf 92' lang='lat' dir='ltr'><strong>ut</strong></span> <span class='ocrx_word' id='word_1_211' title='bbox 984 3218 1095 3298; x_wconf 91' lang='lat' dir='ltr'><strong>largis</strong></span> <span class='ocrx_word' id='word_1_212' title='bbox 1115 3218 1150 3281; x_wconf 93' lang='lat' dir='ltr'><strong>in</strong></span> <span class='ocrx_word' id='word_1_213' title='bbox 1170 3221 1359 3300; x_wconf 90' lang='lat' dir='ltr'><strong>propatulo</strong></span> <span class='ocrx_word' id='word_1_214' title='bbox 1377 3235 1490 3300; x_wconf 86' lang='lat' dir='ltr'><strong>genas</strong></span> <span class='ocrx_word' id='word_1_215' title='bbox 1507 3233 1581 3282; x_wconf 88' lang='lat' dir='ltr'><strong>suas</strong></span> 
     </span>
     <span class='ocr_line' id='line_1_27' title="bbox 364 3325 1582 3409; baseline -0.005 -19"><span class='ocrx_word' id='word_1_216' title='bbox 364 3329 557 3409; x_wconf 87' lang='lat' dir='ltr'><strong>lachrymis</strong></span> <span class='ocrx_word' id='word_1_217' title='bbox 571 3327 834 3409; x_wconf 81' lang='lat' dir='ltr'><strong>perfunderent:</strong></span> <span class='ocrx_word' id='word_1_218' title='bbox 851 3339 885 3388; x_wconf 88' lang='lat' dir='ltr'><strong>et</strong></span> <span class='ocrx_word' id='word_1_219' title='bbox 900 3325 1067 3406; x_wconf 91' lang='lat' dir='ltr'><strong>quoniam</strong></span> <span class='ocrx_word' id='word_1_220' title='bbox 1082 3327 1279 3406; x_wconf 87' lang='lat' dir='ltr'><strong>Episcopus</strong></span> <span class='ocrx_word' id='word_1_221' title='bbox 1293 3328 1349 3391; x_wconf 91' lang='lat' dir='ltr'><strong>uir</strong></span> <span class='ocrx_word' id='word_1_222' title='bbox 1364 3337 1418 3392; x_wconf 91' lang='lat' dir='ltr'><strong>est</strong></span> <span class='ocrx_word' id='word_1_223' title='bbox 1437 3327 1582 3392; x_wconf 86' lang='lat' dir='ltr'><strong>eruditus</strong></span> 
     </span>
     <span class='ocr_line' id='line_1_28' title="bbox 364 3434 1582 3517; baseline -0.006 -17"><span class='ocrx_word' id='word_1_224' title='bbox 364 3448 398 3499; x_wconf 89' lang='lat' dir='ltr'><strong>et</strong></span> <span class='ocrx_word' id='word_1_225' title='bbox 414 3437 574 3500; x_wconf 89' lang='lat' dir='ltr'><strong>doctrina</strong></span> <span class='ocrx_word' id='word_1_226' title='bbox 589 3438 763 3514; x_wconf 90' lang='lat' dir='ltr'><strong>excultus,</strong></span> <span class='ocrx_word' id='word_1_227' title='bbox 780 3434 1026 3514; x_wconf 89' lang='lat' dir='ltr'><strong>disputabatur</strong></span> <span class='ocrx_word' id='word_1_228' title='bbox 1037 3434 1204 3514; x_wconf 86' lang='lat' dir='ltr'><strong>quotidie.</strong></span> <span class='ocrx_word' id='word_1_229' title='bbox 1218 3435 1439 3498; x_wconf 89' lang='lat' dir='ltr'><strong>Accersebat</strong></span> <span class='ocrx_word' id='word_1_230' title='bbox 1449 3435 1582 3517; x_wconf 84' lang='lat' dir='ltr'><strong>Episco-</strong></span> 
     </span>
     <span class='ocr_line' id='line_1_29' title="bbox 363 3542 1582 3626; baseline -0.005 -18"><span class='ocrx_word' id='word_1_231' title='bbox 363 3561 431 3626; x_wconf 90' lang='lat' dir='ltr'><strong>pus</strong></span> <span class='ocrx_word' id='word_1_232' title='bbox 454 3545 556 3606; x_wconf 83' lang='lat' dir='ltr'><strong>ur&#39;ros</strong></span> <span class='ocrx_word' id='word_1_233' title='bbox 578 3544 791 3622; x_wconf 85' lang='lat' dir='ltr'><strong>optimarum</strong></span> <span class='ocrx_word' id='word_1_234' title='bbox 812 3543 942 3604; x_wconf 89' lang='lat' dir='ltr'><strong>artium</strong></span> <span class='ocrx_word' id='word_1_235' title='bbox 964 3542 1089 3604; x_wconf 88' lang='lat' dir='ltr'><strong>studiis</strong></span> <span class='ocrx_word' id='word_1_236' title='bbox 1110 3542 1403 3607; x_wconf 87' lang='lat' dir='ltr'><strong>instructissimos</strong></span> <span class='ocrx_word' id='word_1_237' title='bbox 1424 3559 1582 3625; x_wconf 90' lang='lat' dir='ltr'><strong>quosque,</strong></span> 
     </span>
     <span class='ocr_line' id='line_1_30' title="bbox 364 3649 1582 3732; baseline -0.007 -15"><span class='ocrx_word' id='word_1_238' title='bbox 364 3664 438 3717; x_wconf 89' lang='lat' dir='ltr'><strong>tum</strong></span> <span class='ocrx_word' id='word_1_239' title='bbox 453 3653 658 3730; x_wconf 88' lang='lat' dir='ltr'><strong>monachos,</strong></span> <span class='ocrx_word' id='word_1_240' title='bbox 675 3663 749 3712; x_wconf 92' lang='lat' dir='ltr'><strong>tum</strong></span> <span class='ocrx_word' id='word_1_241' title='bbox 764 3651 955 3713; x_wconf 68' lang='lat' dir='ltr'><strong>seculares}</strong></span> <span class='ocrx_word' id='word_1_242' title='bbox 972 3649 1125 3712; x_wconf 78' lang='lat' dir='ltr'><strong>Primus</strong></span> <span class='ocrx_word' id='word_1_243' title='bbox 1140 3655 1259 3712; x_wconf 83' lang='lat' dir='ltr'><strong>autem</strong></span> <span class='ocrx_word' id='word_1_244' title='bbox 1274 3667 1414 3732; x_wconf 89' lang='lat' dir='ltr'><strong>semper</strong></span> <span class='ocrx_word' id='word_1_245' title='bbox 1433 3657 1466 3714; x_wconf 82' lang='lat' dir='ltr'><strong>et</strong></span> <span class='ocrx_word' id='word_1_246' title='bbox 1486 3650 1582 3712; x_wconf 80' lang='lat' dir='ltr'><strong>ut&#39;cio·</strong></span> 
     </span>
     <span class='ocr_line' id='line_1_31' title="bbox 364 3756 1583 3841; baseline -0.006 -18"><span class='ocrx_word' id='word_1_247' title='bbox 364 3761 457 3824; x_wconf 85' lang='lat' dir='ltr'><strong>riam</strong></span> <span class='ocrx_word' id='word_1_248' title='bbox 473 3777 538 3841; x_wconf 94' lang='lat' dir='ltr'><strong>pro</strong></span> <span class='ocrx_word' id='word_1_249' title='bbox 557 3776 621 3823; x_wconf 89' lang='lat' dir='ltr'><strong>sua</strong></span> <span class='ocrx_word' id='word_1_250' title='bbox 637 3759 825 3822; x_wconf 89' lang='lat' dir='ltr'><strong>clementia</strong></span> <span class='ocrx_word' id='word_1_251' title='bbox 844 3757 1005 3820; x_wconf 90' lang='lat' dir='ltr'><strong>Christus</strong></span> <span class='ocrx_word' id='word_1_252' title='bbox 1021 3763 1133 3836; x_wconf 82' lang='lat' dir='ltr'><strong>penes</strong></span> <span class='ocrx_word' id='word_1_253' title='bbox 1154 3757 1306 3820; x_wconf 86' lang='lat' dir='ltr'><strong>Patrem</strong></span> <span class='ocrx_word' id='word_1_254' title='bbox 1326 3756 1583 3822; x_wconf 77' lang='lat' dir='ltr'><strong>Emmarmelem</strong></span> 
     </span>
     <span class='ocr_line' id='line_1_32' title="bbox 362 3863 1581 3946; baseline -0.005 -16"><span class='ocrx_word' id='word_1_255' title='bbox 362 3885 440 3932; x_wconf 85' lang='lat' dir='ltr'><strong>esse</strong></span> <span class='ocrx_word' id='word_1_256' title='bbox 455 3867 584 3946; x_wconf 82' lang='lat' dir='ltr'><strong>uoluit,</strong></span> <span class='ocrx_word' id='word_1_257' title='bbox 597 3867 636 3927; x_wconf 79' lang='lat' dir='ltr'><strong>in</strong></span> <span class='ocrx_word' id='word_1_258' title='bbox 651 3881 718 3946; x_wconf 85' lang='lat' dir='ltr'><strong>quo</strong></span> <span class='ocrx_word' id='word_1_259' title='bbox 734 3865 886 3944; x_wconf 81' lang='lat' dir='ltr'><strong>mr&#39;ristca</strong></span> <span class='ocrx_word' id='word_1_260' title='bbox 901 3881 988 3926; x_wconf 83' lang='lat' dir='ltr'><strong>sane</strong></span> <span class='ocrx_word' id='word_1_261' title='bbox 998 3863 1037 3925; x_wconf 82' lang='lat' dir='ltr'><strong>in</strong></span> <span class='ocrx_word' id='word_1_262' title='bbox 1048 3869 1124 3926; x_wconf 83' lang='lat' dir='ltr'><strong>tota</strong></span> <span class='ocrx_word' id='word_1_263' title='bbox 1136 3881 1204 3926; x_wconf 86' lang='lat' dir='ltr'><strong>sua</strong></span> <span class='ocrx_word' id='word_1_264' title='bbox 1210 3865 1507 3944; x_wconf 79' lang='lat' dir='ltr'><strong>peregrinatione</strong></span> <span class='ocrx_word' id='word_1_265' title='bbox 1517 3869 1581 3928; x_wconf 84' lang='lat' dir='ltr'><strong>sta·</strong></span> 
     </span>
     <span class='ocr_line' id='line_1_33' title="bbox 362 3973 1581 4055; baseline -0.004 -16"><span class='ocrx_word' id='word_1_266' title='bbox 362 3977 431 4039; x_wconf 84' lang='lat' dir='ltr'><strong>tuit</strong></span> <span class='ocrx_word' id='word_1_267' title='bbox 447 3973 613 4055; x_wconf 81' lang='lat' dir='ltr'><strong>exempla</strong></span> <span class='ocrx_word' id='word_1_268' title='bbox 628 3973 650 4038; x_wconf 82' lang='lat'><strong>³.</strong></span> <span class='ocrx_word' id='word_1_269' title='bbox 668 3974 738 4036; x_wconf 82' lang='lat' dir='ltr'><strong>Sed</strong></span> <span class='ocrx_word' id='word_1_270' title='bbox 754 3973 936 4036; x_wconf 82' lang='lat' dir='ltr'><strong>breuitatis</strong></span> <span class='ocrx_word' id='word_1_271' title='bbox 957 3990 1065 4035; x_wconf 85' lang='lat' dir='ltr'><strong>causa</strong></span> <span class='ocrx_word' id='word_1_272' title='bbox 1087 3975 1186 4036; x_wconf 88' lang='lat' dir='ltr'><strong>mitto</strong></span> <span class='ocrx_word' id='word_1_273' title='bbox 1210 3985 1362 4036; x_wconf 88' lang='lat' dir='ltr'><strong>caetera:</strong></span> <span class='ocrx_word' id='word_1_274' title='bbox 1388 3973 1581 4038; x_wconf 86' lang='lat' dir='ltr'><strong>reconcilia·</strong></span> 
     </span>
     <span class='ocr_line' id='line_1_34' title="bbox 364 4081 1582 4166; baseline -0.006 -17"><span class='ocrx_word' id='word_1_275' title='bbox 364 4100 419 4149; x_wconf 86' lang='lat' dir='ltr'><strong>tas</strong></span> <span class='ocrx_word' id='word_1_276' title='bbox 432 4087 581 4166; x_wconf 86' lang='lat' dir='ltr'><strong>gratias,</strong></span> <span class='ocrx_word' id='word_1_277' title='bbox 598 4085 772 4146; x_wconf 81' lang='lat' dir='ltr'><strong>excitatos</strong></span> <span class='ocrx_word' id='word_1_278' title='bbox 788 4093 821 4144; x_wconf 89' lang='lat' dir='ltr'><strong>et</strong></span> <span class='ocrx_word' id='word_1_279' title='bbox 836 4081 1038 4143; x_wconf 88' lang='lat' dir='ltr'><strong>subleuatos</strong></span> <span class='ocrx_word' id='word_1_280' title='bbox 1052 4082 1206 4161; x_wconf 86' lang='lat' dir='ltr'><strong>spiritali</strong></span> <span class='ocrx_word' id='word_1_281' title='bbox 1218 4081 1421 4148; x_wconf 88' lang='lat' dir='ltr'><strong>adiumento</strong></span> <span class='ocrx_word' id='word_1_282' title='bbox 1437 4098 1478 4146; x_wconf 85' lang='lat' dir='ltr'><strong>ac</strong></span> <span class='ocrx_word' id='word_1_283' title='bbox 1502 4082 1582 4144; x_wconf 90' lang='lat' dir='ltr'><strong>sola·</strong></span> 
     </span>
     <span class='ocr_line' id='line_1_35' title="bbox 365 4187 1584 4270; baseline -0.01 -12"><span class='ocrx_word' id='word_1_284' title='bbox 365 4195 413 4258; x_wconf 91' lang='lat' dir='ltr'><strong>tio</strong></span> <span class='ocrx_word' id='word_1_285' title='bbox 428 4195 465 4257; x_wconf 88' lang='lat' dir='ltr'><strong>ln</strong></span> <span class='ocrx_word' id='word_1_286' title='bbox 479 4191 699 4256; x_wconf 83' lang='lat' dir='ltr'><strong>xenodochio</strong></span> <span class='ocrx_word' id='word_1_287' title='bbox 723 4199 757 4254; x_wconf 88' lang='lat' dir='ltr'><strong>et</strong></span> <span class='ocrx_word' id='word_1_288' title='bbox 775 4207 838 4270; x_wconf 91' lang='lat' dir='ltr'><strong>per</strong></span> <span class='ocrx_word' id='word_1_289' title='bbox 858 4189 1038 4252; x_wconf 84' lang='lat' dir='ltr'><strong>ciuitatem</strong></span> <span class='ocrx_word' id='word_1_290' title='bbox 1058 4187 1232 4268; x_wconf 58' lang='lat' dir='ltr'><strong>infirmos</strong></span> <span class='ocrx_word' id='word_1_291' title='bbox 1250 4188 1391 4253; x_wconf 88' lang='lat' dir='ltr'><strong>habitas</strong></span> <span class='ocrx_word' id='word_1_292' title='bbox 1410 4189 1584 4255; x_wconf 86' lang='lat' dir='ltr'><strong>contiones</strong></span> 
     </span>
    </p>
   </div>
   <div class='ocr_carea' id='block_1_3' title="bbox 367 4410 578 4420">
    <p class='ocr_par' dir='ltr' id='par_1_4' title="bbox 367 4410 578 4420">
     <span class='ocr_line' id='line_1_36' title="bbox 367 4410 578 4420; baseline -0.009 0"><span class='ocrx_word' id='word_1_293' title='bbox 367 4410 578 4420; x_wconf 78' lang='lat'>.....—.——-—-</span> 
     </span>
    </p>
   </div>
   <div class='ocr_carea' id='block_1_4' title="bbox 403 4541 1592 4744">
    <p class='ocr_par' dir='ltr' id='par_1_5' title="bbox 403 4541 1592 4744">
     <span class='ocr_line' id='line_1_37' title="bbox 406 4541 1263 4602; baseline -0.005 -8"><span class='ocrx_word' id='word_1_294' title='bbox 406 4551 415 4586; x_wconf 68' lang='grc'>1</span> <span class='ocrx_word' id='word_1_295' title='bbox 443 4549 471 4594; x_wconf 84' lang='grc' dir='ltr'><strong>Ρ,</strong></span> <span class='ocrx_word' id='word_1_296' title='bbox 482 4546 657 4594; x_wconf 76' lang='lat' dir='ltr'><strong>Emmanuelis</strong></span> <span class='ocrx_word' id='word_1_297' title='bbox 668 4547 699 4592; x_wconf 81' lang='lat' dir='ltr'><strong>de</strong></span> <span class='ocrx_word' id='word_1_298' title='bbox 709 4545 894 4602; x_wconf 78' lang='lat' dir='ltr'><strong>Montemayor.</strong></span> <span class='ocrx_word' id='word_1_299' title='bbox 905 4543 1046 4588; x_wconf 79' lang='lat' dir='ltr'><strong>Omraerua</strong></span> <span class='ocrx_word' id='word_1_300' title='bbox 1056 4541 1231 4599; x_wconf 67' lang='lat' dir='ltr'><strong>amarunt</strong></span> <span class='ocrx_word' id='word_1_301' title='bbox 1241 4555 1263 4590; x_wconf 84' lang='lat' dir='ltr'><strong>c.</strong></span> 
     </span>
     <span class='ocr_line' id='line_1_38' title="bbox 403 4617 1592 4690; baseline -0.01 -24"><span class='ocrx_word' id='word_1_302' title='bbox 403 4623 415 4654; x_wconf 70' lang='lat'>²</span> <span class='ocrx_word' id='word_1_303' title='bbox 442 4623 512 4666; x_wconf 86' lang='lat' dir='ltr'><strong>Nihil</strong></span> <span class='ocrx_word' id='word_1_304' title='bbox 522 4622 552 4664; x_wconf 87' lang='lat' dir='ltr'><strong>de</strong></span> <span class='ocrx_word' id='word_1_305' title='bbox 564 4621 687 4673; x_wconf 83' lang='lat' dir='ltr'><strong>hccapud</strong></span> <span class='ocrx_word' id='word_1_306' title='bbox 698 4617 1015 4671; x_wconf 76' lang='lat' dir='ltr'><strong>nostrosblhllographos.</strong></span> <span class='ocrx_word' id='word_1_307' title='bbox 1587 4681 1592 4690; x_wconf 42' lang='grc' dir='ltr'>Ι</span> 
     </span>
     <span class='ocr_line' id='line_1_39' title="bbox 404 4689 1582 4744; baseline -0.003 -7"><span class='ocrx_word' id='word_1_308' title='bbox 404 4695 415 4727; x_wconf 78' lang='lat'><strong>³</strong></span> <span class='ocrx_word' id='word_1_309' title='bbox 442 4693 534 4738; x_wconf 84' lang='lat' dir='ltr'><strong>Mirum</strong></span> <span class='ocrx_word' id='word_1_310' title='bbox 543 4703 604 4736; x_wconf 88' lang='lat' dir='ltr'><strong>vere</strong></span> <span class='ocrx_word' id='word_1_311' title='bbox 613 4693 661 4734; x_wconf 88' lang='lat' dir='ltr'><strong>hoc</strong></span> <span class='ocrx_word' id='word_1_312' title='bbox 671 4691 808 4744; x_wconf 87' lang='lat' dir='ltr'><strong>videbitur,</strong></span> <span class='ocrx_word' id='word_1_313' title='bbox 817 4691 838 4733; x_wconf 87' lang='lat' dir='ltr'><strong>sl</strong></span> <span class='ocrx_word' id='word_1_314' title='bbox 847 4701 904 4733; x_wconf 87' lang='lat' dir='ltr'><strong>cum</strong></span> <span class='ocrx_word' id='word_1_315' title='bbox 912 4689 1182 4744; x_wconf 54' lang='lat' dir='ltr'><strong>documentumque</strong></span> <span class='ocrx_word' id='word_1_316' title='bbox 1191 4689 1269 4734; x_wconf 77' lang='lat' dir='ltr'><strong>habet</strong></span> <span class='ocrx_word' id='word_1_317' title='bbox 1278 4689 1412 4737; x_wconf 72' lang='lat' dir='ltr'><strong>Patareus</strong></span> <span class='ocrx_word' id='word_1_318' title='bbox 1423 4691 1449 4738; x_wconf 85' lang='lat' dir='ltr'><strong>ln</strong></span> <span class='ocrx_word' id='word_1_319' title='bbox 1458 4691 1582 4740; x_wconf 63' lang='lat' dir='ltr'><strong>aroanna,</strong></span> 
     </span>
    </p>
   </div>
   <div class='ocr_carea' id='block_1_5' title="bbox 366 4761 956 4822">
    <p class='ocr_par' dir='ltr' id='par_1_6' title="bbox 366 4761 956 4822">
     <span class='ocr_line' id='line_1_40' title="bbox 366 4761 956 4822; baseline -0.012 -9"><span class='ocrx_word' id='word_1_320' title='bbox 366 4776 388 4815; x_wconf 83' lang='lat' dir='ltr'><strong>t.</strong></span> <span class='ocrx_word' id='word_1_321' title='bbox 399 4777 437 4822; x_wconf 71' lang='grc' dir='ltr'><strong>ιν,</strong></span> <span class='ocrx_word' id='word_1_322' title='bbox 447 4778 507 4821; x_wconf 79' lang='lat' dir='ltr'><strong>pag.</strong></span> <span class='ocrx_word' id='word_1_323' title='bbox 517 4767 551 4818; x_wconf 61' lang='lat' dir='ltr'><strong>dl,</strong></span> <span class='ocrx_word' id='word_1_324' title='bbox 561 4775 587 4810; x_wconf 89' lang='lat' dir='ltr'><strong>n.</strong></span> <span class='ocrx_word' id='word_1_325' title='bbox 597 4765 632 4819; x_wconf 77' lang='lat'><strong>⁶8,</strong></span> <span class='ocrx_word' id='word_1_326' title='bbox 643 4772 669 4806; x_wconf 87' lang='lat' dir='ltr'><strong>et</strong></span> <span class='ocrx_word' id='word_1_327' title='bbox 680 4769 699 4806; x_wconf 89' lang='lat' dir='ltr'><strong>t.</strong></span> <span class='ocrx_word' id='word_1_328' title='bbox 710 4775 735 4816; x_wconf 83' lang='lat' dir='ltr'><strong>v,</strong></span> <span class='ocrx_word' id='word_1_329' title='bbox 745 4773 805 4818; x_wconf 81' lang='lat' dir='ltr'><strong>pag.</strong></span> <span class='ocrx_word' id='word_1_330' title='bbox 819 4763 864 4815; x_wconf 91' lang='lat' dir='ltr'><strong>lll,</strong></span> <span class='ocrx_word' id='word_1_331' title='bbox 873 4772 898 4805; x_wconf 90' lang='lat' dir='ltr'><strong>n.</strong></span> <span class='ocrx_word' id='word_1_332' title='bbox 908 4761 956 4806; x_wconf 67' lang='lat' dir='ltr'><strong>wo.</strong></span> 
     </span>
    </p>
   </div>
   <div class='ocr_carea' id='block_1_6' title="bbox 0 0 1688 5528">
    <p class='ocr_par' dir='ltr' id='par_1_7' title="bbox 0 0 1688 5528">
     <span class='ocr_line' id='line_1_41' title="bbox 0 0 1688 5528; baseline 0 1"><span class='ocrx_word' id='word_1_333' title='bbox 0 0 1688 5528; x_wconf 95' lang='lat' dir='ltr'><strong> </strong></span> 
     </span>
    </p>
   </div>
  </div>
 </body>
</html>
