3382 5528
372 517 425 585 496
756 525 927 586 erraane
946 539 1217 596 ouaomnsrans

371 688 417 734 ex
431 671 550 735 italico
566 671 602 734 in
617 670 763 736 latinum
779 671 920 751 idioma,
937 689 1002 753 pro
1017 671 1186 754 cuiusque
1197 672 1332 736 ordinis
1343 671 1587 754 discipulorum

371 788 478 859 captu
493 795 535 841 ac
551 778 705 858 ingenio.
1534 799 1537 804 ¹

429 885 519 949 Tres
543 885 636 949 enim
656 886 692 948 iu
712 887 845 950 classes
866 887 980 950 nestri
1002 903 1124 951 omnes
1138 884 1301 968 discipuli
1316 886 1585 967 distinguuntur;

370 1009 496 1074 nempe
520 1009 659 1067 eorum,
686 993 746 1073 qui
771 993 842 1056 iam
868 993 977 1056 lerme
1003 994 1133 1072 omnia,
1160 1011 1251 1074 quae
1275 991 1320 1056 ad
1341 994 1587 1073 grammatices

369 1100 553 1165 scientiam
577 1099 764 1180 pertinent,
791 1098 989 1177 audierunt,
1016 1117 1110 1164 nunc
1135 1110 1253 1164 autem
1277 1100 1312 1164 iu
1337 1101 1585 1180 componendis

369 1207 585 1272 carminibus
607 1214 642 1269 et
667 1206 881 1271 annotandis
905 1207 1182 1287 elegantioribus
1201 1205 1366 1288 loquendi
1385 1207 1500 1271 modis
1521 1225 1585 1271 ma-

368 1316 463 1379 xime
478 1324 700 1390 exercentur,
717 1323 823 1394 atque
837 1313 875 1376 hi
889 1323 970 1377 sunt
985 1331 1132 1378 numero
1147 1323 1300 1395 septem:
1315 1313 1442 1378 deinde
1458 1331 1586 1393 eorum,

368 1422 483 1504 quiin
504 1419 748 1502 grammaticis
770 1419 887 1484 adhuc
908 1421 1167 1499 traditionibus,
1192 1419 1344 1485 Guarini
1363 1420 1510 1500 scilicet,
1532 1431 1587 1485 aut

367 1525 594 1610 Cantal[icii],
611 1537 671 1592 aut
686 1524 914 1610 Manci[nelli]
929 1527 938 1560 ¹
953 1528 1051 1593 circa
1062 1529 1216 1593 medium
1228 1527 1440 1593 detinentur.
1456 1527 1587 1592 Horum

367 1653 535 1703 numerus
546 1635 713 1700 denarius
724 1644 830 1714 esset,
843 1635 874 1698 si
885 1651 1008 1699 omnes
1019 1635 1194 1699 adessent.
1208 1635 1392 1700 Postremo
1404 1651 1527 1700 eorum
1539 1644 1587 1699 est

367 1745 427 1827 qui
441 1745 475 1808 in
491 1745 568 1825 ipso
582 1743 836 1823 grammatices
850 1742 970 1806 limine
986 1743 1187 1824 praeceptis
1201 1741 1317 1808 adhuc
1333 1743 1516 1822 insistunt,
1531 1741 1586 1823 qui

365 1854 488 1917 decem
502 1859 595 1914 sunt.
612 1849 771 1930 Quorum
785 1849 941 1913 omnium
956 1867 1064 1914 uuum
1079 1859 1185 1932 atque
1196 1849 1289 1914 idem
1300 1858 1354 1914 est
1368 1849 1584 1926 exercitium,

328 2013 333 2022 .
366 1962 548 2041 disputare
562 1958 652 2021 inter
667 1974 706 2021 se
721 1957 777 2021 die
792 1957 930 2020 sabbati
949 1957 992 2020 de
1011 1957 1054 2020 iis
1074 1956 1255 2033 omnibuS,
1279 1975 1370 2039 quae
1392 1974 1456 2038 per
1478 1964 1584 2020 totam

369 2069 463 2133 illam
480 2063 738 2130 hebdomadam
753 2065 787 2129 in
803 2064 1011 2128 lectionibus
1025 2064 1249 2129 obseruarint
1264 2074 1298 2128 et
1312 2063 1506 2128 memoriae
1520 2073 1584 2128 tra·

366 2176 529 2242 diderint.
546 2172 708 2238 Alterum
719 2188 858 2254 quoque
869 2189 934 2253 pro
945 2173 1082 2237 duobus
1095 2172 1217 2254 primis
1228 2171 1410 2236 ordinibus
1424 2181 1480 2236 est
1491 2189 1584 2236 exer·

338 2335 344 2348 .
365 2285 497 2362 citium,
520 2292 557 2345 ut
583 2298 627 2344 ex
647 2291 821 2361 tempore,
845 2280 891 2344 ad
912 2282 1132 2360 interrogata
1157 2280 1286 2358 italice,
1313 2279 1421 2344 latine
1447 2297 1583 2361 respon·

363 2391 481 2469 deant,
499 2407 541 2454 ac
555 2387 713 2470 pluribus
728 2388 846 2452 uerbis
860 2387 1020 2452 eamdem
1035 2387 1177 2468 saepius
1195 2387 1406 2452 sententiam
1420 2386 1581 2464 referant,
1675 2425 1676 2450 1

364 2508 401 2564 ut
424 2497 504 2562 inde
524 2496 695 2560 maiorem
721 2495 786 2558 sibi
811 2494 954 2558 eliciant
978 2493 1228 2574 cognitionem,
1256 2503 1428 2575 quantum
1452 2493 1583 2557 intersit

365 2607 455 2671 inter
475 2603 704 2683 familiarem,
726 2601 878 2666 medium
899 2612 934 2666 et
954 2603 1151 2682 elegantem
1172 2601 1338 2683 loquendi
1359 2599 1511 2666 modum.
1534 2599 1582 2664 ln·

361 2713 546 2779 termissae
561 2720 642 2775 sunt
658 2727 679 2774 a
695 2711 813 2774 multis
827 2709 951 2774 diebus
966 2707 1139 2774 Hadriani
1157 2708 1357 2773 cardinalis
1371 2707 1383 2739 ¹
1397 2707 1581 2787 elegantia-

361 2839 440 2886 rum
456 2820 719 2898 meditationes,
742 2819 838 2882 nulla
853 2816 927 2881 lere
942 2816 1010 2880 alia
1031 2815 1074 2880 de
1089 2833 1198 2880 causa
1220 2816 1289 2880 nisi
1307 2815 1476 2880 librorum
1494 2814 1580 2879 dele·

361 2939 431 3008 ctu,
448 2927 556 2992 imino
574 2926 693 2990 uerius
707 2924 968 3005 tyburtinorum
983 2923 1164 2986 hominum
1179 2931 1356 3002 egestate,
1378 2921 1449 2986 nisi
1469 2920 1581 3002 magis

361 3035 551 3100 tenacitate
565 3049 805 3111 nummorum,
828 3032 888 3112 qui
908 3032 1017 3095 multa
1039 3029 1119 3094 filiis
1138 3031 1212 3096 suis
1234 3029 1280 3094 ad
1301 3029 1506 3094 discendum
1524 3045 1577 3092 ne·

361 3141 517 3207 cessaria
532 3141 666 3218 nolunt,
682 3157 736 3218 ea,
753 3157 823 3220 qua
838 3139 925 3218 dixi,
938 3139 1088 3217 ratione,
1109 3137 1348 3220 suppeditare.
1369 3137 1439 3202 Pro
1462 3138 1579 3200 bucco·

360 3249 450 3328 licis,
466 3265 557 3329 quae
572 3248 642 3312 iam
658 3247 886 3326 absoluimuS,
903 3243 1203 3310 differrentiarum
1217 3243 1300 3325 (sic)
1315 3245 1475 3308 carmina
1490 3243 1578 3308 Gua-

360 3356 428 3422 rini
448 3356 518 3420 cito
537 3353 804 3436 aggrediemur,
826 3371 915 3435 opus
936 3351 1078 3433 quidem
1097 3352 1182 3416 illud
1201 3352 1334 3434 puerile
1355 3362 1501 3433 propter
1522 3351 1579 3414 bu·

359 3464 442 3528 mile
455 3462 623 3528 carminis
638 3461 768 3540 stilum,
783 3460 847 3526 sed
862 3461 946 3525 utile
960 3457 1150 3525 admodum
1166 3469 1283 3541 atque,
1295 3449 1334 3524 u't
1347 3475 1388 3523 re
1402 3459 1480 3540 ipsa
1492 3474 1578 3522 com-

358 3571 469 3652 perio,
485 3569 589 3634 ualde
602 3569 854 3633 necessarium.

315 3674 320 3684 '
417 3677 460 3742 R.
476 3676 514 3742 P.
531 3676 658 3742 Petrus
672 3673 684 3707 ⁸
698 3675 752 3756 iis,
769 3678 829 3758 qui
843 3677 963 3758 legere
978 3684 1013 3740 et
1027 3675 1182 3740 seribere
1204 3674 1413 3755 edocentur,
1428 3682 1576 3756 praeest,
1674 3723 1675 3732 ,

357 3785 414 3850 cui
431 3785 572 3850 additus
587 3794 640 3848 est
655 3785 744 3848 alter
758 3801 803 3848 ex
817 3783 999 3864 iratribus,
1015 3781 1216 3848 Antoninus
1229 3779 1254 3846 ⁴.
1270 3779 1359 3846 Sunt
1373 3781 1479 3861 enim,
1495 3797 1577 3862 quos
1674 3773 1675 3806 ³

357 3890 589 3957 instituendos
614 3900 856 3972 susceperunt,
882 3907 991 3970 supra
1016 3899 1167 3955 centum.
1195 3889 1255 3954 ille
1281 3887 1292 3919 ¹
1314 3887 1451 3953 sestiuis
1476 3888 1576 3952 etiam

358 3999 481 4065 diebus
499 3998 630 4064 auxilio
649 4007 703 4062 est
723 3997 765 4062 R.
786 3997 824 4063 Ρ.
850 3997 994 4063 Rectori
1021 3999 1058 4063 in
1080 3996 1264 4062 audiendis
1288 3995 1575 4062 conlessionibus:

396 4285 404 4318 Ι
434 4281 461 4326 ln
472 4292 518 4326 ms.
529 4281 611 4325 verba
621 4279 686 4324 baec
696 4277 854 4323 abbreviata
863 4283 923 4322 sunt
933 4276 981 4321 hoc
992 4275 1074 4320 modo:
1085 4279 1132 4319 aui
1144 4275 1248 4320 Canini:
1259 4278 1306 4319 aui
1316 4274 1418 4321 Manet:
1427 4283 1453 4320 et
1462 4285 1518 4321 curo
1527 4275 1577 4330 pri·

355 4366 423 4400 rnum
434 4361 505 4400 certe
515 4351 671 4408 respondeat
682 4351 763 4394 verbo
776 4349 919 4393 Cantalicii
927 4349 1046 4403 ruperia·
1061 4348 1153 4402 posito.
1164 4346 1227 4391 nulll
1242 4345 1415 4392 dubiumne
1425 4353 1508 4403 potest
1519 4345 1575 4402 quin

354 4427 494 4473 secuudum
510 4423 646 4480 legendum
659 4422 695 4468 alt
705 4419 1017 4474 Mantineae-illucque
1027 4421 1107 4463 robur
1116 4419 1235 4473 accipere
1247 4419 1351 4463 videtur
1362 4419 1519 4476 conlectura,
1528 4428 1575 4472 qua

353 4499 437 4544 utitur
446 4497 660 4548 Brauniacum,
671 4495 688 4538 l.
698 4504 730 4546 c..
742 4503 803 4548 pag.
812 4493 862 4544 668,
871 4497 958 4536 aanor.
968 4491 990 4534 2.

391 4574 403 4604 ¹
431 4569 498 4614 Vide
507 4578 595 4624 supra,
606 4577 666 4622 pag.
678 4565 724 4620 160,
735 4571 822 4609 annot.
831 4563 854 4608 5.

392 4643 404 4676 ⁸
431 4640 662 4687 PetrunPrndcne.

392 4715 405 4749 ⁴
433 4709 754 4760 Antoninusdelienrlcls.

393 4787 404 4820 ⁵
431 4787 459 4833 Ρ,
471 4787 596 4832 Prudene.
