3382 5528
406 477 465 538 tiu
797 478 969 538 errnaan
988 495 1261 548 Quauarussrass

470 623 613 689 Accidit
627 633 662 688 et
678 625 785 704 aliud,
801 643 868 689 nec
882 626 961 690 leue
979 626 1114 690 illudet
1135 627 1371 692 admiratione
1390 627 1544 707 dignum.
1565 626 1616 688 Vc·

407 742 511 795 uerat
524 731 724 796 monachus
738 733 882 813 quidam
897 732 1114 812 Valentiam,
1131 733 1313 813 religionis
1325 733 1507 798 cuiusdam
1516 745 1616 798 sancte

407 841 616 916 uiuentium,
633 840 746 903 sacris
760 840 832 903 iam
846 840 1018 918 initiatus,
1035 841 1095 922 qui
1110 852 1205 905 totos
1219 857 1349 905 novem
1364 855 1489 922 annos,
1501 842 1616 905 cucullo

410 947 567 1028 abiecto,
587 947 817 1028 popularibus
837 949 1103 1030 prophanisque
1124 949 1281 1013 vestibus
1299 949 1508 1028 ornabatur,
1531 957 1615 1028 atque

404 1049 559 1119 electum
574 1054 669 1118 vitae
685 1067 770 1116 suae
784 1054 984 1119 institutum
1004 1073 1151 1135 prorsus
1172 1055 1317 1134 oblitus,
1339 1056 1571 1136 uoluptatibus
1590 1062 1616 1116 et

408 1177 522 1242 praua
548 1159 700 1241 quadam
725 1161 894 1224 vitiorum
912 1162 1167 1226 consuetudine
1188 1163 1418 1226 obcalluerat:
1440 1179 1461 1226 a
1483 1162 1613 1244 quodam

406 1278 528 1331 tamen
547 1275 707 1346 rogatus,
729 1265 845 1330 Patris
864 1265 1030 1332 Ramirez
1049 1268 1212 1333 concioni
1234 1267 1404 1349 interfuit;
1427 1285 1532 1350 quem
1553 1281 1615 1332 cum

407 1375 576 1453 audisset,
593 1385 631 1438 ut
646 1383 699 1438 est
715 1372 923 1438 admiranda
939 1377 1092 1440 hominis
1112 1377 1147 1440 in
1162 1375 1407 1440 concionando
1430 1375 1616 1447 dexteritas,

383 1535 386 1548 .
408 1483 445 1546 in
456 1479 894 1560 D.Magdatenaelaudem
905 1484 1036 1563 optime
1046 1495 1082 1546 et
1094 1483 1577 1563 copiosediceutem,domum
1588 1497 1616 1542 se

407 1589 595 1670 recipienS,
621 1591 795 1652 malorum
811 1589 967 1653 omnium
983 1591 1201 1654 conscientia
1217 1591 1432 1654 reclamante
1448 1591 1484 1654 in
1500 1589 1616 1666 lacrhy·

408 1713 497 1771 mas,
514 1713 535 1758 a
551 1696 678 1776 quibus
693 1697 887 1776 permultos
902 1713 940 1760 se
955 1696 1032 1760 dies
1046 1715 1117 1760 non
1140 1697 1255 1778 potuit
1274 1705 1491 1777 temperare,
1512 1711 1616 1778 prosu·

407 1803 475 1883 pit:
492 1800 647 1880 tandem,
664 1802 826 1882 praefato
842 1801 939 1868 Patri
954 1804 1065 1867 verba
1081 1803 1252 1880 facturus,
1270 1804 1458 1882 accedenS,
1474 1804 1517 1867 de
1533 1803 1617 1866 rebus

403 1909 481 1974 suis
494 1909 589 1972 serio
604 1910 843 1986 consulturus,
859 1910 905 1973 ad
920 1910 1102 1974 meliorem
1117 1911 1189 1974 iam
1207 1927 1302 1973 nunc
1316 1910 1455 1990 frugem
1476 1911 1616 1974 immuta-

407 2027 476 2096 tus,
494 2017 649 2097 resipuit,
667 2025 773 2096 atque
788 2015 870 2080 hinc
891 2019 936 2081 ad
956 2021 1160 2098 generalem
1179 2018 1235 2082 sui
1256 2017 1393 2080 ordinis
1411 2016 1616 2082 Praefectum

405 2125 597 2202 secedens,
624 2125 718 2188 illius
743 2141 781 2188 se
807 2134 917 2188 totum
944 2125 1024 2189 fidei
1050 2125 1227 2188 commisit
1250 2143 1292 2189 ac
1313 2124 1514 2191 firmissime
1537 2137 1618 2187 man·

406 2229 518 2294 dauit.

466 2337 601 2402 Aderat
622 2339 678 2401 uir
697 2338 842 2418 quidam
870 2339 905 2401 in
925 2340 993 2402 hac
1013 2341 1115 2418 urbe,
1137 2341 1197 2420 qui
1218 2349 1253 2403 et
1277 2337 1393 2403 Patris
1414 2338 1572 2404 Ramirez
1591 2343 1617 2394 et

403 2446 562 2508 omniurn
576 2444 613 2507 in
628 2439 887 2510 hac'Societate
907 2446 1110 2526 degentium
1125 2447 1253 2511 canino
1267 2447 1372 2510 dente
1390 2445 1524 2510 famam
1537 2458 1617 2506 arro·

404 2551 523 2630 debat;
538 2569 619 2614 cum
635 2562 751 2619 autem
773 2553 882 2630 iilum,
903 2553 1004 2633 cujus
1024 2554 1159 2618 nomini
1180 2561 1364 2634 tantopere
1384 2554 1617 2632 derogaueral,

400 2659 500 2722 domi
515 2659 785 2723 concionantem
800 2659 970 2737 audisset,
985 2661 1202 2740 poenitentia
1212 2661 1340 2724 ductus
1355 2671 1391 2722 et
1406 2661 1618 2740 lachrymans

405 2781 572 2846 magnum
591 2781 629 2828 se
649 2765 855 2830 thesaurum
874 2767 938 2846 (sic
958 2767 1015 2830 ille
1035 2767 1200 2844 uocabat)
1220 2775 1324 2830 antea
1346 2781 1419 2830 non
1444 2765 1619 2846 agnovisse

401 2872 625 2953 querebatur.
651 2871 837 2937 Adducam
857 2885 891 2937 et
913 2874 1009 2938 aliud
1033 2873 1115 2937 huic
1137 2891 1208 2938 non
1234 2874 1394 2938 absimile
1420 2875 1617 2954 exemplum.

403 2979 636 3043 inuehebatur
665 2981 887 3044 atrocissime
919 2983 956 3045 in
984 2981 1144 3044 eumdem
1175 2979 1315 3045 Patrem
1343 2979 1504 3060 quidam,
1534 2993 1565 3042 et
1590 2976 1620 3037 in

343 3165 350 3173 ι
401 3085 528 3151 eodem
544 3087 635 3164 loco,
653 3087 712 3151 ubi
727 3087 859 3152 Christi
875 3105 961 3152 oues
976 3098 1052 3151 erat
1066 3088 1187 3152 divino
1203 3087 1331 3169 pabulo
1347 3089 1554 3164 nutrituruS,
1569 3101 1620 3145 va·

401 3195 476 3256 rias
495 3195 545 3258 illi
565 3194 780 3273 ignominiae
800 3205 905 3258 notas
925 3195 1098 3271 inurebat,
1115 3195 1312 3258 maledictis
1326 3194 1433 3258 etiam
1449 3213 1511 3258 eos
1523 3196 1620 3256 laces-

400 3317 496 3380 senS,
513 3303 572 3382 qui
591 3301 703 3366 nostri
725 3301 841 3365 Patris
861 3302 969 3366 tutari
986 3313 1105 3382 partes
1122 3301 1345 3366 videbantur:
1367 3301 1569 3366 factumest
1590 3307 1621 3358 ut

401 3425 485 3471 cum
496 3407 637 3472 Patrem
649 3410 684 3473 in
696 3410 831 3490 pulpito
843 3419 1030 3486 astantem,
1045 3419 1234 3488 autequam
1246 3409 1482 3488 exordiretur,
1494 3407 1622 3486 conspi-

403 3525 510 3592 ceret,
532 3515 727 3597 lachrymis
747 3517 879 3580 obortis
904 3526 938 3579 et
961 3516 1200 3580 indesinenter
1219 3533 1376 3596 gemens
1403 3533 1443 3579 se
1468 3515 1620 3580 infelicis·

401 3621 542 3701 simum,
559 3625 615 3687 cui
628 3635 732 3687 antea
745 3624 933 3700 hominem,
948 3635 1020 3687 tam
1032 3622 1179 3703 pulchre
1193 3622 1237 3685 de
1251 3622 1329 3687 Deo
1343 3625 1554 3704 loquentem,
1571 3637 1622 3682 au·

403 3727 479 3793 dire
495 3748 564 3794 non
584 3733 804 3810 contigisset,
821 3731 1007 3808 clamabat,
1025 3746 1260 3809 magnamque
1275 3731 1445 3809 temporis
1456 3731 1624 3812 jacturam

401 3853 426 3900 a
440 3855 478 3901 se
492 3837 624 3903 saetam
640 3839 790 3903 dolebat.

464 3943 566 4009 Alius
587 3947 670 4009 item
689 3945 859 4009 factiosus
879 3956 914 4008 et
934 3945 1092 4026 perditae
1112 3945 1208 4008 vitae
1224 3945 1340 4022 homo,
1363 3946 1424 4026 qui
1445 3963 1516 4010 non
1534 3941 1624 4008 aliud

403 4052 522 4116 animo
538 4053 747 4116 moliebatur
762 4069 867 4134 quam
883 4054 973 4116 alios
988 4052 1178 4129 trucidare,
1192 4053 1282 4116 alios
1293 4052 1413 4132 gladio
1428 4051 1623 4122 confodere,

403 4168 439 4222 et
453 4158 553 4239 cujus
565 4177 673 4240 opera
689 4159 749 4224 alii
764 4161 809 4223 ad
825 4159 1017 4223 vindictam
1036 4159 1284 4248 abutebantur,
1299 4175 1383 4222 cum
1395 4159 1466 4223 iam
1480 4159 1524 4223 de
1539 4159 1626 4222 illius

402 4267 517 4330 salute
531 4279 624 4330 esset
642 4267 877 4348 desperatum,
894 4266 1077 4330 cuiusdam
1093 4265 1214 4329 fratris
1233 4265 1338 4346 hujus
1357 4265 1498 4345 collegii
1519 4263 1625 4346 preci·

401 4371 470 4435 bus
495 4391 537 4436 ac
560 4374 702 4437 monitis
726 4374 902 4448 inductus,
930 4373 1116 4454 pristinum
1142 4373 1270 4436 noxiae
1297 4372 1392 4436 vitae
1409 4375 1626 4454 propositum

402 4496 484 4543 cum
499 4481 712 4544 suauissimo
728 4480 860 4544 Christi
872 4497 993 4544 amore
1005 4479 1232 4560 permutavit:
1249 4479 1437 4544 confitetur
1448 4479 1544 4543 enim
1560 4493 1628 4540 cre-

404 4585 573 4650 brerrime
588 4589 744 4653 maxima
760 4589 916 4652 omnium
937 4585 1171 4652 admiratione
1190 4597 1224 4650 et
1239 4601 1384 4651 suorum
1399 4585 1552 4651 hosfium
1569 4585 1624 4665 [in-

401 4695 629 4776 sectationes]
644 4697 705 4776 qui
719 4695 856 4775 injuriis
868 4707 901 4758 et
914 4679 1134 4758 contumeliis
1145 4695 1242 4758 illurn
1253 4694 1446 4776 aliquando
1455 4694 1624 4766 lacerant,
