3510 5526
479 507 647 566 Anonnna
667 522 699 566 m
718 523 805 566 rouo
825 523 942 567 rnarro
1272 503 1328 565 715

104 652 230 715 suisset
244 669 419 715 summam
434 652 621 716 vtilitatem
637 663 671 715 et
686 653 868 733 spirituale
884 652 1107 716 commodum
1123 652 1159 715 in
1178 653 1323 716 sanctis·

105 758 213 822 simae
227 759 487 823 communionis
501 768 536 823 et
551 760 783 824 confessionis
797 758 992 841 frequentia
1012 759 1181 840 positum,
1199 758 1325 824 adhor-

105 874 306 946 tareturque
328 874 366 929 vt
384 865 451 930 hoc
476 868 601 930 saltem
627 869 734 931 semel
759 867 907 946 singulis
932 867 1111 930 mensibus
1135 866 1324 950 efficerent,

106 972 224 1036 statim
243 973 388 1037 nomina
409 972 596 1052 dederunt,
618 982 656 1037 ut
677 973 865 1053 cathalogo
887 974 1170 1038 describerentur
1191 993 1236 1039 ex
1257 977 1327 1044 illis

105 1078 153 1154 50,
177 1080 237 1160 qui
260 1081 296 1144 id
315 1099 353 1144 se
377 1080 536 1145 facturos
559 1081 708 1146 libenter
730 1081 996 1162 profitebantur;
1019 1081 1082 1145 sed
1101 1083 1326 1162 postmodum

105 1187 253 1251 istorum
266 1205 433 1252 numerus
448 1205 558 1270 usque
573 1188 618 1253 ad
636 1187 693 1252 130
707 1189 836 1266 creuit,
853 1189 913 1270 qui
933 1205 1055 1253 omnes
1070 1189 1140 1252 hoc
1154 1189 1269 1270 ipsum
1290 1191 1327 1255 in

107 1303 227 1358 nostro
240 1295 371 1358 sacello
387 1294 653 1374 religiosissime
664 1303 897 1377 exequuntur,
912 1313 1005 1359 nunc
1016 1296 1064 1374 hi,
1077 1313 1171 1360 nunc
1182 1294 1243 1376 illi,
1257 1299 1328 1378 pul-

107 1403 230 1466 chrum
244 1419 329 1464 sane
344 1402 422 1465 visu
438 1412 472 1465 et
487 1401 554 1465 Dei
568 1419 710 1464 summa
724 1402 838 1481 gloria
855 1400 876 1481 ¹3
889 1410 994 1483 atque
1005 1402 1167 1482 equidem
1179 1402 1285 1467 credo
1297 1405 1328 1467 si

107 1509 268 1573 doctrina
282 1508 370 1572 haec
385 1509 421 1571 in
435 1510 514 1572 loco
530 1507 734 1573 mulieribus
748 1509 855 1572 etiam
874 1509 1008 1588 patenti
1020 1509 1131 1588 fieret
1145 1508 1168 1588 ³,
1189 1511 1328 1574 illarum

107 1615 290 1679 multitudo
306 1616 414 1679 multo
430 1617 537 1679 etiam
552 1615 665 1678 maior
680 1632 787 1696 quam
801 1615 984 1679 bominum
997 1615 1190 1679 conflueret
1212 1617 1257 1680 ad
1272 1634 1328 1680 ea·

107 1723 185 1786 dcm
200 1731 424 1786 sacramenta
442 1721 682 1802 suscipienda,
705 1723 798 1803 quod
817 1723 853 1786 in
874 1723 1154 1803 praesentiarum
1174 1723 1251 1787 lieri
1271 1742 1329 1788 ne·

107 1830 179 1910 quit
194 1840 338 1910 propter
353 1831 422 1893 loci
436 1829 769 1895 incommoditatem.
787 1829 884 1892 Haec
900 1831 943 1893 de
958 1829 1118 1894 doctrina
1135 1829 1170 1893 Ρ,
1189 1831 1330 1895 Emma-

108 1937 220 2001 nuelis
234 1937 420 2001 habuimus
434 1935 595 2000 dicenda.

166 2044 218 2110 Vt
230 2044 373 2108 tandem
388 2043 434 2107 ad
448 2061 503 2121 ea,
519 2062 610 2125 quae
630 2044 675 2108 ad
693 2054 835 2108 nostras
855 2045 996 2110 scholas
1013 2055 1194 2126 spectant,
1210 2047 1331 2130 veniaf

109 2169 197 2231 mus,
213 2151 297 2214 inde
310 2168 332 2213 a
341 2151 522 2232 prancz'pio
537 2169 678 2214 sumam
691 2151 848 2215 initium:
858 2151 894 2215 in
904 2153 994 2216 lesto
1005 2153 1123 2232 igitur
1133 2151 1254 2218 Sancti
1266 2152 1331 2217 Re·

108 2259 218 2340 migii,
234 2257 329 2339 quod
347 2257 392 2320 l.⁸
406 2257 461 2320 die
477 2259 607 2322 mensis
622 2258 785 2323 Octobris
797 2259 1006 2336 celebratur,
1020 2269 1180 2324 nostrum
1192 2278 1330 2342 quoque

107 2367 297 2430 lectionum
312 2365 523 2446 principium
538 2366 679 2445 optime,
695 2366 774 2429 laus
788 2365 877 2444 Deo,
895 2367 930 2429 in
941 2366 1046 2431 domo
1058 2368 1212 2448 quadam
1227 2384 1331 2447 capa·

108 2474 250 2538 cissima
266 2471 480 2536 celebratum
496 2481 560 2536 est:
577 2471 607 2536 is
622 2490 707 2535 vero
729 2472 815 2537 ordo
834 2474 870 2537 in
892 2491 933 2538 eo
952 2484 1007 2539 est
1028 2475 1249 2538 obseruatus:
1273 2492 1333 2538 an·
1390 2552 1392 2558 Ι

108 2581 181 2645 dita
196 2597 236 2644 re
250 2597 366 2657 sacra,
386 2589 574 2660 postquam
593 2579 712 2643 sedem
732 2581 878 2661 quisque
899 2599 1001 2645 suam
1020 2589 1274 2662 occupauerat,
1298 2591 1332 2644 et

108 2687 281 2768 Magister
296 2687 489 2752 rhetorices
504 2695 712 2767 suggestum
726 2686 945 2768 ascenderat,
964 2706 1054 2752 unus
1067 2705 1219 2752 suorum
1230 2689 1334 2752 disci·

108 2797 284 2876 pulorum,
301 2795 361 2874 qui
376 2794 570 2858 rhetorices
587 2793 765 2856 axiomata
781 2793 999 2858 defendenda
1015 2804 1233 2875 susceperat,
1255 2812 1332 2858 ora·

109 2903 243 2966 tionem
259 2918 330 2964 non
339 2900 543 2980 prolixam,
557 2901 621 2963 sad
634 2901 726 2964 satis
744 2901 884 2974 bonam,
897 2903 1073 2981 praesenti
1084 2903 1201 2965 animo
1214 2912 1247 2965 et
1259 2902 1336 2965 sine

110 3007 377 3088 perturbatione
393 3008 525 3071 habuit:
542 3007 668 3070 deinde
683 3017 717 3070 et
732 3008 894 3088 discipuli
910 3018 943 3070 et
955 3008 1097 3088 quidam
1110 3009 1168 3072 alii
1181 3007 1267 3072 foris
1278 3010 1335 3073 ad·

109 3123 298 3178 uentantes
313 3123 617 3193 argumentantur;
631 3131 651 3176 a
665 3113 909 3195 Praeceptore‚
922 3114 1226 3179 dissertationibus
1237 3134 1338 3197 prae-

108 3221 218 3298 secto,
235 3221 271 3283 in
286 3220 504 3299 argumentis
520 3219 730 3314 diriguntur,
748 3230 782 3284 et
797 3222 856 3284 illa
872 3221 1059 3300 interdum,
1073 3240 1152 3285 curn
1168 3241 1256 3302 opus
1269 3234 1337 3300 est,

108 3329 359 3404 declarantur,
389 3327 545 3390 breuiter
573 3328 805 3406 quarumdam
835 3345 954 3391 rerum
982 3347 1072 3409 quae
1101 3330 1340 3393 occurrebant

109 3451 251 3498 summa
267 3434 438 3513 exposita.
456 3431 593 3496 Affixae
608 3443 709 3496 erant
721 3434 848 3514 parieti
860 3433 1058 3514 descriptae
1068 3436 1248 3498 orationes
1260 3452 1340 3514 per·

109 3543 256 3619 multae,
273 3551 307 3604 et
323 3540 481 3603 carmina
497 3551 569 3603 tam
584 3550 853 3619 praeceptorum
868 3558 973 3621 quam
985 3542 1141 3621 ipsorum
1153 3543 1341 3622 discipulo·

110 3665 203 3728 rum,
222 3657 295 3711 tam
310 3664 450 3728 graece,
469 3664 575 3729 quam
591 3648 713 3725 latine,
730 3647 822 3710 varii
837 3649 979 3728 generis
994 3650 1212 3726 orationum,
1234 3666 1341 3729 quae·

110 3755 195 3818 dam
211 3755 248 3818 in
259 3755 490 3835 paupertatis
504 3755 678 3834 quaedam
689 3753 914 3831 diuitiarum,
925 3755 1098 3835 quaedam
1110 3756 1146 3819 in
1157 3756 1342 3836 ipsiusmet

109 3861 290 3942 Principis
310 3859 509 3925 Cardinalis
529 3862 684 3940 laudem,
707 3862 940 3941 compositae;
966 3873 1000 3925 et
1019 3862 1163 3944 insuper
1182 3863 1273 3926 aliae
1296 3863 1342 3926 de

110 3969 193 4032 aliis
208 3967 381 4031 similibus
395 3976 601 4046 tractantes,
618 3969 775 4049 exceptis
790 3967 856 4046 his,
873 3985 962 4047 quas
976 3969 1083 4032 etiam
1096 3969 1133 4033 in
1145 3987 1345 4050 proponen-

109 4075 164 4140 dis
180 4075 403 4154 argumentis
417 4074 496 4155 ipsi,
513 4074 573 4155 qui
587 4076 939 4153 argumentabantur,
956 4077 1247 4156 pronuntiabant,
1265 4077 1345 4158 qui-

108 4183 178 4246 bus
195 4182 359 4246 omnibus
373 4191 445 4245 tres
459 4181 568 4244 horae
583 4191 813 4261 consumptae
828 4191 920 4245 sunt.
938 4181 986 4245 At
1000 4183 1141 4263 vesperi
1155 4186 1265 4247 multo
1288 4201 1347 4247 ce·

108 4289 246 4352 lebrius
270 4305 328 4352 res
352 4297 498 4368 peracta
519 4297 584 4350 est:
612 4287 768 4352 interluit
793 4287 963 4369 Princeps
989 4289 1207 4370 Cardinalis,
1231 4305 1347 4371 nepos

108 4397 219 4476 illius,
241 4394 414 4458 Dominus
435 4393 624 4474 Antonius,
650 4394 787 4458 nobiles
812 4394 870 4458 alii
895 4406 930 4458 et
955 4397 1025 4460 viri
1051 4395 1157 4472 docti,
1183 4397 1344 4476 religiosi

152 4677 160 4710 ¹
192 4680 223 4719 et
234 4675 270 4718 ad
279 4673 326 4718 Dei
338 4685 465 4728 magnam
475 4675 598 4729 gloriam.
611 4675 755 4719 Focaneus.

151 4751 164 4784 1
193 4749 400 4804 proponeretur.
410 4745 449 4790 Io.
