3382 5528
619 498 684 558 Au.
706 497 777 560 1556
1256 500 1311 560 433

92 645 238 722 nicanos,
256 645 442 726 exquibus
469 643 506 708 15
531 646 705 723 doctores,
733 655 767 708 et
783 663 873 709 unus
893 647 1082 726 episcopus
1096 645 1172 710 fuit.
1193 646 1310 710 Habet

93 753 175 816 intra
190 760 290 833 septa
305 769 370 816 sua
385 753 542 818 omnium
556 751 732 816 artificum
746 752 916 831 officinas,
937 753 1141 818 scholarum
1160 763 1195 817 et
1211 754 1308 818 habi·

94 859 226 922 tationis
236 857 533 938 commoditatem,
547 859 670 923 hortos
677 859 785 922 etiam
795 868 830 922 et
840 859 988 940 reliqua,
1004 860 1144 941 quaein
1157 862 1308 942 collegio

93 966 198 1046 expeti
212 975 372 1046 possunt;
389 974 424 1029 et
438 965 628 1046 aliquando
643 982 747 1046 spero
757 965 833 1029 sore
848 976 887 1028 ut
901 966 1047 1030 iuuenes
1058 969 1258 1048 complures
1271 968 1308 1031 in

94 1073 192 1136 literis
217 1083 252 1136 et
276 1072 435 1136 moribus
458 1073 547 1136 bene
572 1072 789 1152 instituendi,
816 1089 913 1136 more
938 1074 1080 1152 collegii
1104 1073 1307 1139 Germanici

97 1177 202 1259 Vrbis,
218 1180 332 1244 teneri
346 1181 383 1242 in
397 1179 586 1244 coniuncta
607 1180 713 1244 domo
729 1197 750 1242 a
769 1179 872 1262 nobis
886 1181 1034 1260 possint,
1056 1197 1101 1244 ne
1120 1179 1306 1245 incidendo

96 1287 124 1348 in
137 1287 295 1351 homines
309 1303 436 1366 parum
450 1287 621 1367 probatae
635 1285 726 1365 fidei,
743 1288 822 1368 plus
837 1304 961 1351 eorum
980 1287 1234 1352 consuetudine
1250 1289 1307 1352 de·

94 1404 287 1473 prouentur,
305 1411 412 1474 quam
428 1411 449 1457 a
464 1394 566 1457 nobis
581 1393 758 1457 iuuentus.

143 1499 193 1564 De
206 1500 511 1580 persecutionibus
525 1500 678 1564 breuiter
692 1511 727 1564 et
740 1519 857 1581 pauca
872 1501 1073 1580 perstrinxi,
1084 1519 1169 1578 ,cum
1180 1502 1223 1566 de
1238 1502 1307 1567 illis
1415 1490 1418 1500 ’

95 1606 209 1671 iratres
223 1609 347 1686 nostri,
365 1617 403 1671 ut
417 1607 515 1671 caeci
530 1607 574 1670 de
585 1607 773 1686 coloribuS,
790 1608 887 1689 loqui
900 1609 1100 1700 uideantur;
1121 1619 1195 1673 tam
1213 1611 1307 1674 enim

95 1715 208 1778 viount
221 1715 340 1778 securi
354 1715 391 1777 in
405 1714 570 1778 maximis
583 1714 762 1794 periculiS,
778 1715 880 1793 quasi
899 1715 971 1780 iam
985 1716 1021 1779 in
1036 1715 1208 1780 Paradiso
1227 1734 1308 1797 agc-

95 1831 174 1886 rent.
188 1821 262 1886 Nec
277 1822 416 1901 mirum;
433 1839 515 1885 cum
530 1822 602 1885 iam
615 1822 727 1885 altero
738 1821 843 1902 pede,
859 1839 985 1903 nempe
1006 1822 1145 1902 aflectu,
1162 1823 1210 1886 ibi
1224 1825 1307 1900 sint,

95 1938 124 1989 et
135 1927 257 1992 ellectu
272 1945 351 1992 esse
370 1936 525 2008 sperent,
547 1927 583 1991 in
605 1928 681 1992 dies
706 1927 846 1993 assidue
872 1929 966 1992 domi
985 1937 1020 1993 et
1040 1938 1141 1993 extra
1167 1929 1308 1994 domum

94 2037 292 2116 martyrium
303 2043 543 2116 expectantes,
556 2036 764 2114 praesertim
774 2036 858 2099 dum
869 2036 915 2099 ad
926 2037 1069 2100 scholas
1075 2035 1307 2117 descendunt,

97 2141 149 2204 vbi
161 2143 387 2221 probabiliter
402 2141 598 2206 secundum
611 2141 803 2206 humanam
819 2143 995 2207 rationem
1010 2159 1190 2225 nunquam
1204 2161 1243 2208 se
1256 2161 1310 2206 re·
1379 2175 1385 2186 ·

94 2247 217 2313 dituros
231 2249 278 2313 ad
292 2249 502 2326 cubiculum,
515 2248 578 2312 sed
592 2247 710 2328 potius
721 2248 767 2312 ad
781 2249 934 2312 coeleste
946 2250 1223 2329 tabernaculum,
1241 2250 1309 2314 sibi

95 2346 296 2430 persuadere
310 2364 468 2436 possunt.
485 2355 578 2420 Ecce
594 2355 630 2418 in
645 2355 821 2437 Aquilone
836 2355 947 2420 India.

148 2461 254 2527 Hodie
266 2463 387 2526 habita
401 2472 454 2526 est
467 2462 505 2526 in
518 2462 658 2526 laudem
674 2461 795 2526 Sancti
805 2461 953 2544 Joannis
964 2463 1145 2544 Baptistae
1156 2463 1271 2529 oratio
1287 2482 1307 2528 a

95 2568 235 2644 quodum
262 2587 309 2634 ex
336 2570 540 2650 discipulis,
567 2586 647 2633 cum
676 2568 939 2634 catholicorum
972 2579 1007 2633 et
1038 2569 1307 2634 Haereticorum

97 2677 239 2740 omnium
253 2676 496 2741 satisfactione
510 2677 678 2756 maxima,
695 2685 762 2740 etc.

149 2783 193 2845 In
211 2789 341 2864 quarta
367 2785 509 2864 pagina
533 2784 619 2848 haec
646 2783 837 2864 leguntur:
865 2784 952 2848 1556.
979 2784 1130 2864 Pragae.
1159 2784 1308 2866 Quadri·

95 2900 232 2954 mestres
244 2891 339 2955 7bris
352 2889 433 2972 (sic)
450 2891 537 2954 1556.
