3472 5528
242 1004 452 1054 Praecedeutlum
462 1007 550 1053 Putrlo
560 1008 682 1065 llpbonsl
692 1008 790 1055 Roman
801 1010 949 1056 litterarum
959 1012 1042 1058 latlua
1052 1012 1138 1058 versio
1154 1011 1170 1059 Ι.

667 1237 743 1358 nis

165 1531 353 1600 Admodum
369 1535 447 1600 R.‘¹e
468 1536 574 1600 Pater
589 1545 711 1602 noster
726 1538 762 1602 in
776 1536 930 1602 Christo

166 1639 278 1706 Gratia
300 1651 334 1706 et
356 1660 427 1723 pax
449 1641 581 1710 Christi
601 1644 685 1727 Jesu
706 1645 753 1709 sit
766 1661 906 1726 semper
920 1651 955 1708 et
976 1644 1102 1709 indies
1125 1653 1264 1709 crescat
1285 1644 1321 1708 in

115 1749 258 1814 omnibus
272 1749 384 1814 nobis
401 1749 528 1814 Amen.

163 1853 252 1922 Licet
266 1875 308 1921 ea
323 1873 426 1938 quae,
443 1857 563 1922 diuino
585 1856 804 1938 suffragante
822 1859 1012 1939 praesidio
1029 1858 1202 1941 proximis
1223 1859 1321 1924 hisce

114 1963 272 2028 mensibus
287 1965 475 2030 retroactis
487 1982 550 2046 per
562 1982 626 2030 nos
638 1965 903 2046 indignissimos
917 1966 1004 2031 filios
1019 1977 1098 2032 tuos
1113 1974 1214 2048 gesta
1226 1975 1321 2046 sunt,

115 2071 143 2132 in
157 2071 266 2137 infimo
281 2072 445 2154 ponenda
461 2074 539 2137 loco
554 2089 775 2150 censeamus,
791 2073 821 2136 si
836 2092 879 2137 ea
894 2073 1044 2138 velimus
1059 2075 1220 2160 conferre
1240 2091 1322 2138 cum

114 2179 289 2256 praeclaris
314 2178 506 2244 admodum
532 2181 768 2244 monumentis
796 2179 986 2245 Societatis
1010 2191 1153 2247 nostrae
1180 2181 1321 2262 (vbique

28 2335 30 2354 .
113 2283 418 2364 fragrantissimum
440 2286 573 2352 Christi
591 2287 736 2353 odorem
757 2285 802 2351 de
823 2305 861 2351 se
882 2289 1096 2368 emittentis),
1120 2298 1157 2353 ut
1175 2299 1322 2354 sanctae

112 2400 214 2458 tamen
233 2393 454 2460 obedientiae
469 2393 612 2458 decreto
634 2412 796 2475 paream,
820 2395 901 2459 huic
920 2396 1228 2475 quadrimestrium
1249 2414 1322 2461 mu·

113 2501 179 2566 ueri
191 2519 230 2568 ex
245 2503 312 2568 hac
327 2485 451 2566 nostra
466 2502 570 2566 domo
585 2502 632 2566 ad
646 2511 679 2565 te
693 2501 945 2568 mittendarum
961 2503 1098 2568 initium
1114 2503 1264 2581 faciem,
1281 2519 1323 2568 ea

113 2625 167 2688 per
187 2609 298 2691 capita
318 2611 521 2680 summatim
543 2611 772 2690 complectar,
799 2627 889 2690 quae
915 2610 1078 2690 digniora
1102 2613 1323 2691 grauissimis

115 2713 327 2783 Paternitatis
348 2727 430 2782 tuae
444 2716 736 2798 occupationibus
752 2715 963 2798 dijudicabo.
981 2717 1108 2782 Mirum
1127 2730 1247 2784 autem
1262 2720 1325 2784 tibi

115 2823 215 2888 rideri
238 2843 308 2890 non
329 2825 448 2904 debet,
469 2823 676 2904 dignissime
700 2825 817 2905 Pater,
843 2824 937 2906 quod
959 2827 1130 2891 hactenus
1152 2826 1197 2890 ad
1219 2834 1253 2891 te
1275 2828 1323 2893 nil

114 2928 300 3010 huiusmodi
320 2932 503 2996 literarum
524 2931 771 3013 scripserimus
796 2933 847 3011 (vt
870 2933 979 2999 moris
1001 2944 1054 2998 est
1078 2935 1158 3000 aliis
1180 2942 1323 2999 nostrae

115 3033 288 3104 Societatis
309 3039 494 3120 collegiis);
516 3056 600 3104 nam
620 3040 749 3122 siquid
769 3040 938 3122 temporis
953 3041 1044 3106 inter
1066 3051 1117 3106 tot
1137 3051 1323 3122 tantasque

112 3147 274 3226 procellas
288 3147 389 3229 (quas
404 3146 547 3211 Domini
561 3147 679 3227 gratia
693 3147 910 3226 sustulimus)
933 3148 1033 3214 nobis
1053 3159 1249 3231 supererat,
1266 3167 1324 3214 ex-

113 3252 244 3332 pediens
267 3253 485 3320 ducebamus
509 3271 717 3319 consumere
740 3255 826 3319 illud
848 3255 884 3319 in
905 3257 1036 3320 nostris
1061 3257 1178 3337 (quam
1200 3257 1324 3322 melius

112 3361 287 3441 potuimus)
301 3361 392 3426 bene
405 3361 572 3442 gerendis
590 3361 759 3442 negotiis,
780 3359 823 3426 de
843 3363 969 3442 quibus
984 3363 1123 3444 quidem
1146 3381 1324 3446 perpauca

111 3469 210 3532 verba
227 3467 368 3533 faciam:
390 3467 465 3532 scio
484 3470 577 3536 enim
597 3479 631 3534 te
652 3486 698 3534 ex
716 3470 849 3536 nostris
867 3470 978 3534 literis
999 3471 1071 3535 iam
1093 3472 1210 3536 omnia
1236 3472 1325 3536 bene

109 3591 215 3638 nosse.
231 3573 307 3640 Hoc
323 3583 442 3640 autem
457 3587 570 3640 vnum'
580 3576 670 3642 inter
685 3586 828 3641 caetera
842 3594 914 3640 uon
928 3578 1208 3657 praetermittam
1220 3577 1325 3660 (quod

111 3681 241 3761 quidem
251 3699 296 3746 ex
308 3681 401 3746 infra
413 3681 570 3746 dicendis
582 3681 712 3748 clarius
724 3683 986 3766 patebit):quod
998 3685 1046 3748 ita
1056 3685 1158 3748 nobis
1168 3702 1225 3748 res
1238 3685 1326 3750 bene

110 3788 288 3854 succedere
303 3790 339 3852 in
355 3787 507 3853 Domino
527 3806 686 3870 coepere,
705 3800 742 3854 vt
762 3792 853 3856 mala
870 3809 1005 3872 poenae
1018 3789 1041 3870 ¹,
1059 3808 1149 3872 quae
1170 3792 1272 3858 nobis
1291 3793 1327 3856 in

111 3895 169 3960 bac
184 3913 332 3961 euenere
354 3897 455 3975 vrbe,
479 3895 666 3962 videantur
688 3898 816 3963 iamin
837 3899 966 3964 bonum
981 3915 1050 3964 non
1074 3901 1327 3980 qualecumque

111 4003 237 4068 cedere.

160 4111 205 4176 Et
218 4129 261 4177 ne
276 4118 311 4175 te
327 4110 460 4206 diutius
475 4112 651 4177 detineam
668 4112 753 4191 (scio
766 4114 859 4176 enim
874 4113 1067 4194 pretiosum
1080 4115 1142 4180 tibi
1155 4132 1233 4179 esse
1245 4125 1328 4180 tem·

112 4217 193 4298 pus),
210 4218 254 4283 ad
268 4237 323 4299 ea,
340 4235 432 4300 quae
446 4221 547 4298 gesta
563 4227 645 4283 sunt
659 4228 739 4299 post
754 4229 914 4284 nostrum
936 4221 981 4284 ab
1001 4222 1108 4286 exilio
1127 4221 1278 4287 reditum
1294 4224 1329 4288 in

111 4325 195 4390 hanc
213 4327 353 4406 vrbem,
377 4326 576 4390 enarranda
597 4342 755 4407 pergam.
778 4324 844 4391 Per
865 4327 941 4391 dies
961 4329 1105 4410 multoS‚
1127 4331 1330 4396 absentibus

114 4434 221 4512 nobis,
243 4450 373 4514 magna
390 4449 470 4496 cum
486 4433 669 4513 diligentia
691 4434 735 4498 ab
754 4435 877 4498 amicis
897 4436 1030 4502 nostris
1044 4445 1164 4502 actum
1184 4445 1236 4502 est
1252 4456 1331 4502 cum

149 4715 156 4748 ¹
190 4713 403 4770 autographum,
415 4717 497 4757 tolum
508 4721 584 4756 mauu
594 4711 674 4767 lpslnn
684 4710 771 4758 Patria
781 4713 888 4771 Roman,
899 4717 994 4774 duplicl
1005 4719 1072 4774 tollo,
1083 4730 1125 4763 un.
1134 4719 1175 4764 448
1185 4727 1210 4767 et
1220 4721 1268 4767 449.

152 4789 162 4820 ¹
192 4786 358 4843 malumne
368 4785 447 4831 babet
457 4784 656 4840 antemuranum,
666 4786 740 4842 idque
750 4789 802 4844 legi
813 4789 892 4834 etlam
902 4798 988 4845 posset
1004 4791 1077 4836 mola
1085 4797 1162 4848 pene.
