3410 5528
649 531 712 594 Aa.
734 533 805 596 tono
1282 533 1337 596 373

116 681 237 760 uagari
250 689 355 762 atque
371 682 518 746 uolitare
534 682 705 760 solebant,
720 680 787 745 hoc
802 681 942 745 uirtutis
960 682 1085 762 laqueo
1101 681 1237 760 irretiti,
1251 691 1335 744 tem-

116 805 173 868 pus
186 788 243 852 his
257 789 416 853 honestis
431 789 634 870 sanctisque
649 789 849 853 actionibus
868 797 1095 868 consumant;
1117 798 1335 870 quantopere

118 904 227 959 autem
243 895 310 961 hoc
325 897 370 961 ab
385 897 548 961 omnibus
562 897 649 960 uiris
659 896 785 976 probis
804 893 1003 976 ‘probetur,
1021 896 1082 960 uix
1098 913 1187 976 queo
1204 896 1333 960 dicere:

117 1013 318 1082 argumento
332 1003 403 1067 siut
418 1003 481 1067 tibi
495 1003 629 1082 laudeS,
646 1003 771 1084 quibus
786 1019 851 1067 nos
871 1011 1099 1083 nostramque
1120 1001 1335 1067 Societatem

84 1100 87 1108 ’
117 1111 242 1188 passim
257 1112 440 1190 extollunt,
458 1086 771 1191 cum'perspiciunt
783 1127 848 1174 nos
859 1127 931 1174 non
943 1111 1058 1174 solum
1069 1111 1252 1182 literarum
1264 1120 1333 1174 stu·

117 1215 175 1280 diis
191 1235 313 1282 eorum
327 1219 456 1283 liberos
471 1234 658 1293 exornare,
672 1218 734 1281 sed
746 1227 780 1282 et
791 1218 948 1281 animum
960 1217 1054 1280 intus
1065 1218 1167 1280 bonis
1179 1218 1335 1282 moribus

7 1411 8 1416 ἵ
116 1324 297 1389 informare
311 1327 414 1404 uelle,
431 1327 526 1407 quod
540 1326 644 1390 facile
658 1327 899 1406 unusquisque
915 1325 1037 1388 uidere
1052 1329 1064 1362 ¹
1077 1333 1204 1405 potest.

7 1421 8 1426 ’
169 1433 263 1494 Nam
277 1449 309 1494 sr
325 1433 373 1494 ad
385 1431 576 1497 literarum
588 1442 833 1514 progressum
855 1431 1221 1511 scholasticorumque
1239 1430 1334 1494 utili·

116 1544 216 1602 tatem
231 1539 355 1604 oculos
369 1541 790 1620 conuertereuoluertnt,
804 1557 876 1604 non
890 1541 1020 1604 desunt
1036 1557 1126 1620 quae
1140 1557 1181 1602 ea
1196 1538 1334 1602 euiden-

115 1647 260 1710 tissr'rm's
275 1648 397 1727 signis
411 1648 663 1727 manifestent:
678 1649 747 1712 boc
761 1649 855 1711 enim
871 1647 1121 1728 quadrimestri
1141 1655 1214 1708 tres
1235 1663 1256 1708 a
1277 1663 1334 1709 no·

116 1754 190 1818 stris
201 1753 473 1818 adolescentulis
484 1755 625 1819 habitae
636 1764 718 1820 sunt
729 1754 921 1831 orationes
935 1770 1086 1834 quarum
1097 1753 1188 1817 duae
1199 1754 1235 1816 in
1250 1745 1333 1818 tem·

115 1863 167 1940 plo
182 1860 338 1926 maiori⁸
352 1861 456 1926 buius
470 1862 580 1940 urbis,
598 1862 667 1925 alia
684 1862 754 1924 alio
767 1862 802 1924 in
814 1862 893 1925 loco
905 1861 1025 1924 habita
1037 1859 1117 1936 fuit3
1132 1862 1236 1941 quod,
1251 1863 1334 1940 quia

117 1971 238 2034 multae
253 1969 320 2033 fuit
335 1972 465 2049 populo
481 1969 717 2042 admirationi,
734 1967 926 2048 sigillatim,
943 1981 1048 2047 prout
1068 1983 1126 2030 res
1145 1977 1247 2047 gesta
1267 1977 1332 2046 est,

115 2077 271 2140 narrabo.
303 2077 500 2158 Episcopus
526 2073 550 2155 ⁶,
580 2075 641 2157 qui
669 2075 826 2141 maximo
853 2092 919 2138 nos
948 2090 1069 2139 amore
1093 2075 1331 2155 prosequitur,

115 2199 189 2248 cum
202 2183 382 2248 nonnullis
401 2183 532 2246 nostris
553 2182 772 2246 orationibus
791 2181 1018 2262 interfuisset,
1043 2197 1173 2261 easque
1188 2181 1334 2244 nimium

115 2291 243 2369 publice
262 2291 461 2372 probasset,
482 2299 605 2371 optare
627 2307 665 2352 se
687 2289 779 2353 uelle
794 2289 893 2368 dixit,
911 2298 948 2353 ut
963 2289 1081 2370 aliqua
1103 2289 1148 2352 ad
1164 2287 1333 2353 Senatum

114 2397 152 2460 de
166 2397 445 2462 administranda
459 2395 653 2478 Republica
668 2395 811 2460 omnino
826 2396 1033 2460 haberetur:
1055 2396 1149 2476 quod
1163 2411 1252 2460 onus
1267 2413 1333 2458 nos

115 2505 331 2583 paratissimo
352 2505 471 2570 animo
491 2505 703 2568 subiuimus:
726 2503 951 2568 sanctissimo
973 2504 1081 2583 igitur
1103 2501 1332 2568 Pentecostes

113 2611 163 2676 die
186 2613 469 2679 adolescentulus
498 2611 640 2693 quidam
668 2630 713 2676 ex
741 2611 873 2675 nostris
902 2611 1049 2688 scholiS,
1080 2611 1139 2692 qui
1167 2610 1330 2674 duodeci·

112 2736 199 2784 mum
224 2721 299 2801 agit
324 2736 468 2798 annum,
493 2718 585 2783 filius
606 2719 790 2783 cuiusdam
817 2718 906 2782 ciuis
928 2718 1147 2797 nobilissimi,
1171 2718 1230 2797 qui
1253 2717 1331 2780 Col÷

111 2828 187 2907 legii
202 2829 314 2893 nostri
330 2845 453 2900 curam
469 2828 585 2906 babet,
602 2828 697 2908 quod
716 2828 765 2890 ad
785 2827 919 2890 uictum
941 2825 1145 2905 cultumque
1165 2830 1332 2889 nostrum

112 2942 282 3014 expectat,
307 2935 430 3000 habuit
455 2935 653 2998 orationem
681 2934 723 2997 de
753 2932 1033 2998 administranda
1061 2931 1266 3013 Republica,
1296 2931 1332 2995 in

113 3045 234 3124 templo
258 3042 393 3108 marari
414 3041 436 3121 ¹,
465 3057 586 3106 coram
608 3041 709 3104 Duce
732 3031 964 3120 omnibusque
987 3037 1228 3116 Senatoribus,
1253 3039 1331 3117 Epi·

112 3165 212 3230 scopo
238 3151 386 3231 aliisque
411 3148 558 3213 ciuibus.
587 3148 682 3228 Quid
697 3147 770 3224 ⁴hac
788 3147 826 3210 in
847 3163 885 3209 re
901 3145 1134 3226 potissimum
1158 3145 1331 3222 admirer,

112 3257 231 3321 nescio.
249 3257 344 3320 Nam
363 3257 395 3321 si
408 3255 592 3320 hominum
615 3253 850 3335 frequentiam
871 3252 1019 3333 aspicio,
1034 3258 1087 3316 tot
1110 3270 1148 3314 se
1168 3252 1258 3314 milri
1277 3251 1332 3330 os·

106 3363 243 3444 serunt,
264 3371 304 3428 ut
317 3361 330 3395 ⁸
345 3362 556 3428 confirmare
576 3360 726 3427 audeam
746 3359 898 3443 amplius
915 3361 936 3424 5
955 3360 1063 3424 millia
1078 3359 1260 3422 hominum
1282 3359 1330 3422 in·

114 3471 285 3536 teriuisse:
300 3471 397 3552 qnod
410 3471 442 3534 si
455 3469 679 3550 applausum·
690 3467 712 3548 ¹,
722 3481 803 3549 ¹quo
819 3469 863 3532 ab
878 3467 1041 3532 omnibus
1057 3466 1122 3531 suit
1137 3466 1251 3530 oratio
1271 3483 1331 3530 au*

113 3575 191 3658 dita,
206 3578 343 3644 intueri
354 3577 477 3656 uelem,
491 3577 555 3640 luit
570 3576 657 3640 adeo
672 3593 846 3656 magnus,
861 3584 899 3640 ut
914 3583 983 3655 per
1005 3573 1017 3606 ⁸
1039 3583 1205 3655 quattuor
1224 3572 1331 3637 horas

113 3686 254 3757 (tantum
268 3685 442 3767 siquidem
456 3685 627 3764 temporis
641 3683 834 3747 interfluxit
853 3683 935 3747 dum
959 3682 1118 3746 diuinum
1137 3681 1331 3745 celebrare·

6 3839 11 3869 ,
112 3800 163 3855 tur
186 3793 349 3872 officium)
377 3791 514 3856 immoti
533 3790 803 3880 permanserint
828 3787 840 3821 ⁹
865 3797 1095 3870 expectantes
1119 3786 1328 3864 orationem,

110 3912 205 3979 quae,
215 3901 298 3966 dum
310 3900 501 3964 haberetur
517 3895 550 3974 ¹⁰,
567 3897 791 3962 neminimus
805 3897 947 3978 quidem
962 3900 1015 3958 est
1032 3893 1054 3926 ¹¹
1070 3894 1236 3976 strepitus
1249 3911 1328 3957 con·

144 4067 153 4100 ¹
179 4069 415 4115 bantai’ounacns.

143 4139 155 4172 ¹
179 4137 517 4196 aomruaeexperrrmo.
561 4119 566 4150 ⁸

143 4209 154 4243 ¹
180 4213 354 4259 maximaln.

143 4285 155 4316 δ
180 4284 303 4340 Αεκίᾱίιε
313 4283 446 4330 Falcetta.
460 4283 527 4328 Vide
537 4295 625 4339 supra,
636 4295 697 4338 pag.
710 4282 756 4336 1³1,
769 4285 856 4326 annot.
866 4279 888 4326 2.

142 4355 153 4389 ¹
179 4356 205 4400 ln
215 4367 319 4402 ummo
328 4359 435 4412 templo.
445 4357 588 4401 Patareus.

143 4423 155 4458 Ι
180 4433 292 4484 spectes.
307 4427 344 4474 lo.

143 4499 153 4533 ἵ
179 4501 396 4546 elatrentiouem.
409 4499 447 4545 lo.

143 4571 155 4606 Ι
179 4571 493 4627 tamainitmtcumln.

143 4642 155 4676 θ
178 4645 403 4700 permansissent.
413 4643 453 4689 la.

135 4714 154 4748 ¹⁰
179 4716 280 4760 dumea
290 4715 489 4762 babereturdn.

135 4785 152 4818 ΙΙ
179 4789 270 4838 gab·
