3510 5526
361 513 421 575 ⁶92
761 521 769 554 l
831 517 1008 578 Amnum
1026 533 1130 578 entus

421 662 504 741 Egit
518 671 552 726 et
567 663 603 726 id
617 664 746 727 iterum
759 662 798 726 P.
814 663 1049 728 Prouincialis
1064 664 1141 744 ipso
1157 681 1277 728 mense
1292 663 1493 740 Decembri,
1507 681 1587 728 cnm

360 769 456 833 enirn
470 770 528 834 hic
542 771 699 834 secundo
714 788 795 834 cum
810 788 934 835 socero
959 781 1064 849 esset,
1089 772 1228 836 curauit
1247 769 1353 835 Pater
1374 771 1419 834 ad
1441 789 1480 835 se
1496 773 1589 835 ueni-

360 885 416 940 ret
432 877 440 905 ¹
456 895 478 940 a
491 877 713 954 Vallisolet0‚
731 896 775 942 ex
790 879 918 959 quibus
932 880 1127 942 maximum
1138 880 1217 958 quis
1231 896 1305 943 non
1316 881 1589 942 emolumenturn

361 987 492 1064 speret?
508 985 579 1048 imo
594 1001 680 1049 uero
694 987 773 1065 quis
788 1003 860 1048 non
875 987 1012 1050 uideat?

420 1091 484 1155 Est
498 1093 593 1170 apud
608 1111 673 1156 nos
688 1093 825 1156 Doctor
840 1091 992 1172 SalinaS,
1010 1093 1070 1173 qui
1084 1094 1128 1156 ab
1146 1093 1282 1172 aliquot
1298 1093 1370 1156 iam
1382 1093 1485 1156 annis
1499 1092 1590 1156 iece-

360 1209 415 1262 rat
429 1201 610 1278 exercitia,
628 1211 663 1263 et
679 1201 761 1264 licet
777 1202 821 1264 ad
847 1202 916 1264 alia
943 1201 1103 1280 aspirare
1129 1202 1321 1278 uideretur,
1338 1211 1377 1264 ut
1401 1201 1516 1264 solent
1531 1201 1592 1281 qui

360 1323 425 1370 sua
440 1306 484 1370 ad
500 1307 604 1370 finem
619 1308 734 1370 studia
754 1309 1006 1388 perduxerunt,
1029 1308 1163 1371 ambire
1184 1306 1321 1370 scilicet
1340 1307 1594 1370 canonicatum

360 1423 422 1476 aut
436 1415 543 1478 aliam
557 1413 777 1496 dignitatem,
801 1433 871 1480 non
892 1416 1006 1494 potuit
1026 1425 1146 1478 tamen
1170 1417 1202 1478 ei
1219 1415 1394 1490 resistere,
1416 1415 1477 1493 qui
1496 1415 1595 1477 intus

360 1521 513 1584 uocabat
528 1523 573 1584 ad
588 1539 663 1600 nos,
680 1523 751 1585 imo
766 1523 811 1585 ad
826 1540 876 1585 se.
894 1522 927 1586 Is
944 1523 1064 1602 igitur,
1082 1521 1290 1586 humilitatis
1307 1521 1477 1601 probatus
1496 1521 1593 1584 dorni

350 1639 392 1696 ,et
407 1629 622 1692 exercitatus
638 1630 853 1704 ministeriis,
880 1631 1016 1692 scilicet
1041 1628 1214 1709 coquinae
1240 1639 1274 1691 et
1300 1629 1488 1704 refectorii,
1505 1645 1597 1691 suae

359 1734 461 1797 nobis
478 1745 512 1798 et
527 1718 733 1799 humilitatis
748 1751 782 1798 et
801 1737 993 1815 patientiae
1017 1747 1309 1816 caeterarumque
1328 1736 1500 1798 virtutum
1521 1753 1592 1798 non

359 1841 536 1904 mediocre
550 1843 712 1920 praebuit
726 1844 937 1922 exemplum.
954 1843 1041 1905 Erat
1058 1843 1115 1906 hic
1132 1841 1351 1921 Seguntinus
1365 1843 1516 1921 collega,
1534 1843 1598 1904 ubi

359 1956 393 2010 et
407 1946 539 2011 Rector
553 1947 680 2026 fuerat,
698 1960 732 2030 et
747 1951 817 2030 qui,
835 1959 928 2012 teste
943 1949 1099 2012 Doctore
1119 1949 1264 2025 Turres,
1289 1949 1462 2011 canonico
1481 1947 1545 2011 illo
1560 1957 1595 2011 et

358 2055 473 2134 primo
488 2055 704 2136 Theologiae
720 2057 923 2136 professore
940 2055 1144 2136 Seguntiae,
1161 2067 1195 2120 et
1211 2055 1428 2136 experientia
1444 2054 1594 2118 Theolo-

357 2161 454 2242 giam
469 2164 580 2242 possit
596 2164 732 2242 publice
748 2163 917 2244 profiteri,
933 2163 1063 2244 quique
1085 2164 1173 2226 adeo
1194 2163 1366 2226 sermonis
1386 2163 1545 2241 gratiam
1558 2164 1593 2226 in

358 2271 472 2333 sacris
488 2270 717 2334 concionibus
732 2272 883 2351 accepit,
902 2289 970 2352 qua
985 2272 1057 2334 iam
1073 2271 1143 2334 iam
1158 2269 1314 2334 futurum
1327 2280 1404 2333 erat
1419 2281 1458 2332 ut
1471 2271 1520 2332 ad
1535 2271 1596 2333 ali·

358 2393 465 2457 quam
480 2377 689 2455 dignitatem
703 2388 986 2456 promoueretur,
1003 2379 1071 2440 nisi
1083 2377 1277 2440 obstitisset
1290 2376 1442 2470 quodad
1453 2377 1595 2439 maiora

356 2480 530 2546 Dominus
541 2484 705 2546 vocabat.
718 2483 973 2563 Interpretatur
988 2483 1088 2547 nobis
1107 2483 1307 2562 theologiae
1325 2483 1527 2554 lectionem,
1546 2481 1590 2544 de

358 2605 427 2667 qua
443 2589 478 2651 in
494 2590 734 2669 superioribus
749 2590 833 2669 dixi,
847 2608 1022 2672 quamque
1038 2591 1186 2655 audiunt
1201 2604 1235 2653 et
1248 2590 1378 2653 fratres
1400 2588 1545 2668 plurimi
1560 2597 1601 2650 et

357 2694 483 2758 Patres
503 2698 647 2776 aliquot.

417 2801 498 2865 Fuit
511 2803 565 2866 his
580 2805 740 2883 proxime
756 2805 879 2867 diebus
893 2804 930 2866 in
945 2803 1127 2866 exercitiis
1142 2802 1343 2866 licentiatus
1357 2801 1515 2881 quidam,
1534 2804 1595 2884 qui

360 2927 380 2970 a
396 2909 511 2972 tribus
526 2919 559 2972 et
576 2911 726 2990 amplius
742 2912 845 2973 annis
861 2922 897 2973 et
911 2911 1049 2974 admitti
1065 2910 1221 2990 postulat
1241 2909 1389 2972 summis
1409 2919 1443 2972 et
1463 2909 1596 2990 impor-

360 3017 455 3078 tunis
470 3018 643 3096 precibus
670 3027 705 3080 et
728 3029 997 3098 perseueranter
1022 3025 1172 3096 spectat;
1201 3017 1350 3080 obtinuit
1365 3017 1396 3079 is
1411 3016 1481 3078 hoc
1497 3033 1596 3080 anno

322 3130 326 3139 '
359 3124 477 3186 locum
493 3125 584 3188 inter
599 3137 751 3205 quatuor
772 3136 806 3187 et
821 3125 968 3203 triginta
982 3125 1018 3186 in
1043 3125 1206 3201 licentiis,
1232 3133 1273 3186 ut
1289 3123 1420 3201 dicunt,
1437 3134 1598 3200 sextum,

358 3247 464 3310 quem
480 3232 549 3294 iam
564 3233 727 3296 existimo
749 3232 931 3295 nobiscum
954 3249 1172 3306 mansurum,
1196 3247 1261 3294 nec
1280 3230 1503 3310 probandum
1522 3231 1597 3294 diu·

254 3371 260 3383 ·
360 3338 442 3416 tius;
459 3339 525 3400 boc
546 3339 639 3402 enim
660 3340 770 3420 ipsius
785 3341 821 3417 (?)
838 3345 847 3374 ¹
868 3349 902 3401 et
925 3339 1146 3401 constantiae
1167 3347 1202 3400 et
1223 3337 1415 3416 patientiae
1433 3336 1600 3400 debetur.

420 3445 528 3508 Venit
544 3447 667 3509 eodem
683 3446 728 3508 ad
739 3463 805 3509 nos
820 3457 979 3525 tempore
992 3445 1135 3525 quidam
1149 3443 1347 3524 Magisterii
1359 3445 1481 3507 laurea
1491 3444 1596 3508 deco·

361 3561 471 3628 ratuS,
489 3553 606 3616 animo
622 3553 667 3616 ad
682 3555 839 3618 seculum
854 3571 924 3616 non
941 3554 1069 3616 iterum
1084 3551 1265 3628 redeundi,
1283 3552 1342 3631 qui
1354 3551 1497 3614 tertium
1510 3551 1600 3614 hinc

359 3661 477 3723 locum
492 3661 528 3722 in
543 3661 693 3723 licentiis
719 3661 809 3722 inter
824 3669 897 3722 tres
912 3669 946 3722 et
977 3659 1124 3738 triginta
1149 3659 1277 3722 merito
1297 3658 1461 3738 adeptuS,
1477 3658 1600 3737 primo

361 3767 489 3847 dignus
504 3785 525 3829 a
541 3769 700 3846 plurimis
714 3767 947 3842 existimatum
963 3767 1093 3848 quique
1109 3766 1145 3828 in
1158 3765 1313 3846 quadam
1326 3766 1510 3828 literarum
1527 3767 1597 3828 col·

361 3875 565 3952 luctatione,
586 3892 693 3955 quam
720 3874 977 3954 oppositionem
1000 3883 1142 3950 vocant,
1167 3873 1212 3935 ad
1238 3875 1438 3952 ingressum
1461 3871 1595 3935 theolo-

360 3981 432 4062 gici
447 3981 609 4061 Collegii,
630 3991 801 4062 quantum
824 3981 912 4044 alios
934 3982 969 4044 in
994 3997 1037 4043 ea
1063 3998 1118 4058 re,
1146 3980 1189 4042 de
1215 3997 1284 4060 qua
1309 3967 1599 4058 experimentum

361 4089 575 4165 sumebatur,
593 4089 791 4165 excederet,
808 4099 999 4167 antequam
1015 4087 1060 4150 ad
1075 4103 1140 4149 nos
1159 4086 1309 4160 veniret,
1333 4084 1468 4148 fecerat
1482 4087 1598 4148 mani-

360 4195 502 4258 festum.
518 4194 623 4258 Hunc
634 4211 732 4273 ergo,
745 4195 805 4258 ubi
820 4204 921 4273 pater
936 4195 982 4256 ad
993 4210 1059 4257 nos
1074 4194 1216 4256 venisse
1229 4192 1411 4271 comperit,
1429 4191 1499 4254 huc
1511 4208 1595 4254 eum

363 4302 578 4382 aproposito
589 4312 822 4365 reuocaturus
834 4300 996 4377 accessit,
1011 4299 1103 4381 quod
1116 4310 1154 4362 ut
1166 4309 1286 4378 posset
1297 4296 1446 4375 efficere,
1458 4297 1596 4362 nullum

404 4541 411 4571 ⁸
442 4541 483 4586 Sic
494 4541 632 4596 perspicue
642 4543 667 4586 ln
677 4541 724 4587 Ma.
735 4543 923 4587 Existimemus
933 4548 1020 4584 tumen
1030 4539 1193 4584 scribendum
1205 4540 1241 4582 ad
1251 4550 1312 4584 eum
1320 4539 1424 4582 uenire.

402 4613 414 4646 Ι
441 4614 500 4657 Vox
510 4616 574 4658 baec
586 4617 673 4669 ipsius
683 4615 822 4668 respondet
833 4613 891 4656 voci
899 4623 932 4656 su
942 4623 1008 4666 quae
1019 4612 1095 4655 estin
1105 4611 1351 4665 hispanoexentplot
1362 4609 1408 4652 sed
1422 4610 1447 4653 ln
1462 4609 1520 4676 ejus
1536 4611 1596 4653 loco

362 4687 403 4730 bic
414 4685 439 4730 ln
451 4687 533 4729 latino
549 4687 701 4740 apographo
718 4692 758 4729 est
774 4688 863 4740 aptus,
876 4695 934 4728 cunt
949 4683 1156 4728 abbreulutlonls
1171 4693 1216 4726 seu
1231 4681 1417 4726 contractioni·
1431 4680 1513 4734 signo,
1528 4681 1597 4735 qnod

360 4757 493 4812 explicare
504 4767 530 4801 et
542 4759 688 4813 intelligere
699 4769 748 4801 non
766 4759 893 4802 valeanus.
