3382 5528
633 505 697 564 Au.
720 503 789 562 1556
1271 501 1327 558 409

156 653 196 718 L’
215 655 388 718 auditorio
404 660 423 717 e
438 654 533 718 assai
548 653 730 733 frequente
750 669 770 714 a
791 661 879 716 tutte
898 662 952 715 tre
973 649 1126 713 iettioni:
1146 649 1324 729 sperinmo

101 761 164 824 che
177 767 342 826 crescere
353 761 407 825 col
420 770 548 842 tempo,
562 761 703 842 quando
714 777 854 824 saremo
865 759 925 838 piu
936 757 1167 837 cognosciuti.
1182 755 1325 836 Quanto

103 869 156 931 alli
170 869 326 932 scholari
341 869 502 932 tudeschi
517 867 672 932 otiandio
687 867 803 931 boemi
817 867 931 948 etsrrb
945 871 1099 944 utraque
1116 863 1226 938 'sono
1239 864 1322 926 mol·

104 975 137 1038 ii:
152 985 272 1056 presto
286 992 442 1040 saranno
458 983 572 1040 cent0.
590 975 704 1054 ligro.
721 973 758 1037 P.
776 973 886 1038 Siluio
901 981 913 1013 ·
927 974 973 1036 ha
986 988 1072 1036 cura
1084 971 1166 1035 delli
1176 972 1237 1050 piu
1248 970 1320 1033 dot-

104 1083 136 1144 ti:
151 1082 339 1146 Baithasar
354 1081 365 1112 ³
381 1084 462 1146 delli
477 1083 658 1156 mediocri,
675 1093 709 1146 et
724 1081 864 1161 Gaspar
880 1080 1036 1158 Giegher
1051 1077 1063 1108 ⁴
1077 1078 1158 1141 delii
1173 1077 1321 1152 minimi;

103 1190 156 1268 piii
170 1181 431 1254 crescherann'o
448 1191 532 1270 ogni
546 1190 600 1254 di:
622 1192 656 1252 la
676 1187 911 1252 sollicitudine
930 1205 1000 1251 non
1024 1187 1070 1248 ha
1092 1184 1136 1248 da
1156 1185 1318 1248 minuire:

102 1313 166 1360 non
185 1296 402 1360 desidererai
420 1299 512 1362 altro
539 1297 569 1360 si
595 1313 666 1360 non
686 1298 719 1360 d’
747 1297 879 1360 hauere
898 1312 970 1358 vno
995 1311 1015 1356 o
1041 1293 1099 1356 doi
1124 1291 1321 1356 coadiutori

101 1405 278 1483 practiehi‚
295 1405 425 1485 perche
445 1406 591 1469 nissuno
611 1405 694 1468 delli
715 1404 828 1467 nostri
846 1419 959 1466 sanno
978 1401 1142 1464 satisiare
1164 1417 1185 1462 a
1206 1399 1320 1478 questi

101 1509 209 1584 oflicii.
226 1529 289 1591 per
304 1529 375 1575 non
391 1529 489 1575 esser
503 1522 597 1576 stato
613 1513 649 1575 in
664 1512 735 1576 essi
750 1511 820 1574 mai
835 1510 1054 1586 essercitato;
1072 1517 1106 1571 et
1120 1511 1220 1570 cousi
1235 1507 1320 1584 ogni

100 1633 178 1681 cosa
192 1620 240 1682 mi
254 1629 350 1683 resta
366 1639 386 1682 a
402 1619 519 1684 dosso:
536 1620 628 1684 bono
643 1619 790 1682 sarebbe
806 1635 827 1681 a
847 1635 902 1682 me
924 1617 1002 1680 chel
1024 1616 1150 1694 giorno
1172 1615 1320 1678 durasse

100 1725 152 1789 doi
167 1727 281 1806 giorni
297 1744 360 1808 per
374 1739 476 1808 poter
490 1729 559 1790 ben
573 1727 739 1791 satisiare
752 1745 772 1790 a
785 1726 868 1806 ogni
880 1741 976 1788 cosa:
990 1741 1027 1787 se
1039 1725 1073 1786 io
1086 1740 1156 1785 non
1168 1731 1321 1785 temesse

100 1833 153 1910 piu
166 1834 436 1897 inconueniente
450 1834 571 1898 vorrai
586 1851 861 1914 raccompensar
876 1835 910 1896 la
926 1841 1022 1895 notte
1037 1831 1152 1910 quello
1167 1830 1232 1892 che
1244 1844 1316 1891 non

99 1955 199 2018 posso
213 1942 247 2003 al
261 1941 399 2020 giorn0;
412 1959 470 2004 ma
483 1943 516 2005 io
528 1959 567 2004 so
580 1941 644 2005 che
657 1941 852 2004 violentum
864 1957 936 2004 non
947 1944 1001 2002 est
1008 1943 1233 2017 perpetuum.
1248 1934 1318 1998 Dio

99 2057 212 2109 nostro
227 2045 379 2127 Signore
393 2047 477 2129 Jesu
492 2048 555 2112 X.⁰
570 2050 623 2113 sia
639 2065 777 2128 sempre
798 2047 952 2110 laudato.

152 2153 207 2216 Da
226 2155 341 2236 questi
366 2156 473 2219 studii
492 2168 525 2219 et
544 2156 793 2220 declamationi
818 2167 852 2220 et
878 2153 933 2218 ira
957 2155 982 2218 li
1006 2153 1148 2232 scolari,
1175 2153 1220 2215 da
1246 2169 1318 2215 uno

97 2259 255 2342 dyalogo,
273 2263 338 2326 che
354 2263 528 2328 haueamo
542 2263 631 2328 fatto
645 2264 820 2343 imperare
836 2263 848 2294 ⁸
863 2263 908 2326 ad
923 2263 1040 2326 alcuni
1053 2263 1200 2342 giouani
1215 2262 1314 2326 scho·

97 2369 173 2447 lari,
190 2369 326 2433 benche
340 2387 411 2433 non
425 2371 447 2433 l'
465 2370 584 2434 hanno
599 2372 747 2434 recitato
767 2387 829 2449 per
849 2387 921 2433 non
941 2371 1073 2458 hauere
1093 2370 1126 2431 la
1146 2371 1264 2448 gratia
1280 2369 1314 2432 in

97 2475 274 2552 proierirlo
290 2495 390 2540 come
405 2479 553 2541 sarebbe
565 2477 773 2557 expediente
785 2487 819 2540 et
831 2479 1074 2552 conueniente,
1088 2477 1238 2540 essendo
1250 2478 1312 2540 illi·

95 2584 192 2646 terati
208 2593 242 2646 et
256 2582 292 2646 di
307 2595 434 2647 natura
450 2585 583 2648 rustica
599 2593 633 2648 et
648 2585 789 2648 incultis
804 2585 959 2648 moribus
977 2585 1108 2648 innatis
1127 2583 1150 2660 ⁶,
1175 2584 1206 2647 si
1225 2601 1316 2648 sono

96 2691 186 2754 molti
200 2691 311 2754 mossi
326 2691 361 2754 di
376 2692 490 2754 voller
504 2703 599 2756 stare
615 2709 681 2755 con
697 2693 774 2768 noi,
791 2709 862 2756 non
881 2693 1094 2756 intendendo
1117 2710 1183 2772 pur
1198 2695 1232 2754 la
1254 2710 1314 2756 no·

95 2807 162 2860 stra
177 2798 390 2874 conditione,
407 2815 469 2874 per
481 2798 610 2878 meglio
621 2799 778 2862 studiare
793 2809 828 2863 et
839 2800 1016 2880 imparare
1028 2801 1133 2863 buoni
1149 2801 1312 2875 costumi;

96 2919 147 2967 ma
160 2905 321 2970 vedendo
336 2906 452 2987 quella
466 2906 656 2994 simplicite
671 2917 769 2970 tanto
784 2923 922 2987 grossa,
940 2908 1057 2970 alcuni
1069 2908 1220 2970 hauemo
1232 2925 1314 2970 con·

95 3019 222 3077 tentato
237 3023 272 3077 et
287 3013 370 3077 dato
386 3029 570 3092 speranza,
588 3031 645 3076 ma
660 3015 726 3078 che
741 3013 855 3094 prima
871 3015 900 3077 si
919 3015 1061 3094 portino
1081 3015 1169 3076 bene
1190 3025 1224 3076 et
1238 3013 1312 3077 dili·

94 3121 183 3194 genti
199 3123 266 3184 alle
280 3121 428 3198 lettioni,
446 3122 553 3184 missa
570 3131 604 3185 et
620 3121 850 3200 confessioni,
873 3131 908 3186 et
927 3125 1027 3185 cousi
1047 3139 1113 3184 con
1136 3122 1160 3184 11
1179 3130 1311 3202 tempo,

94 3225 276 3290 havendoli
291 3228 419 3306 meglio
442 3238 590 3308 prouato
606 3237 640 3291 et
660 3229 917 3308 cognoschiuto
939 3229 964 3291 il
984 3246 1049 3291 suo
1071 3227 1264 3306 desiderio,
1288 3229 1313 3292 li

93 3343 244 3408 potremo
259 3338 458 3414 aggiutare.

146 3439 243 3506 Moiti
258 3443 291 3506 ci
305 3460 456 3507 moueno
471 3462 490 3506 e
505 3463 705 3526 preparano
720 3447 744 3509 li
756 3447 833 3510 suoi
845 3463 908 3526 per
919 3446 1095 3510 mandacii
1107 3446 1176 3508 alla
1189 3445 1312 3510 schola

93 3557 216 3627 nostra,
234 3567 306 3613 non
321 3551 516 3616 solamente
531 3553 566 3616 di
581 3551 711 3632 praga,
729 3571 786 3618 ma
802 3554 957 3617 etiandio
969 3555 1058 3618 delle
1070 3555 1187 3617 vicine
1204 3563 1309 3619 terre.

93 3649 185 3720 llolti
206 3655 349 3738 Signori
371 3661 460 3723 altre
482 3661 575 3723 uolte
598 3661 715 3724 hanno
737 3671 906 3741 proposto
926 3662 969 3724 de
993 3673 1118 3725 mettre
1137 3663 1160 3725 li
1181 3664 1260 3726 suoi
1275 3663 1309 3726 fi-

91 3761 182 3835 giioli
196 3773 291 3828 stare
307 3765 343 3828 in
358 3776 479 3830 nostro
495 3767 645 3848 collegio
660 3785 723 3848 per
738 3769 868 3848 meglio
880 3782 974 3832 stare
989 3770 1025 3832 in
1041 3769 1239 3850 disciplina;
1252 3787 1311 3834 ma

92 3867 133 3932 fin
146 3871 283 3951 adesso,
301 3889 372 3935 non
387 3872 550 3937 hauendo
565 3884 663 3938 tanto
685 3875 830 3956 luogho‚
848 3886 884 3939 et
904 3893 974 3939 non
994 3877 1176 3956 sappendo
1195 3879 1230 3940 lo
1251 3893 1311 3957 pa-

91 3993 162 4040 rere
187 3979 229 4043 de
255 3979 300 4042 V.
322 3979 364 4042 R.
387 3978 438 4060 Ρ.,
461 3999 531 4044 non
552 3982 582 4044 si
603 3987 622 4044 e
644 3983 836 4062 proceduto
862 3983 964 4048 sinon
989 3984 1222 4047 escusandoci
1247 4001 1311 4063 per
1351 3959 1357 3976 κ

90 4083 219 4148 ariasso.

136 4209 278 4218 *nu-«a-

126 4255 132 4284 Ι
161 4255 219 4300 litos
229 4259 356 4310 intellige.
367 4259 409 4312 qui
421 4271 523 4303 sucrum
535 4262 735 4304 communionem
747 4271 791 4304 seu
802 4261 902 4303 Euchnr
910 4261 997 4304 iniant
1007 4262 1081 4304 iaicis
1092 4263 1138 4304 sub
1148 4261 1241 4314 duplici
1252 4271 1310 4316 spe·

88 4335 122 4366 cre
133 4332 303 4380 praebendam
318 4332 450 4377 tenebant.

123 4400 134 4430 ¹
159 4397 226 4456 ling.
239 4401 333 4446 Petrus
344 4413 396 4446 van
404 4403 453 4446 den
466 4403 576 4448 Bossehe
586 4403 718 4460 (Sylviosi.

126 4468 137 4498 ⁸
158 4471 300 4518 Baithasnr
311 4473 412 4519 Sarum.
424 4475 490 4520 Vide
501 4489 588 4531 supra.
601 4489 659 4531 pag.
671 4478 717 4526 134,
728 4485 814 4521 annot.
825 4483 847 4522 o.

126 4545 134 4575 ⁸
159 4543 225 4589 Vide
236 4558 323 4600 supra.
333 4559 392 4601 pag.
404 4549 452 4596 331.
464 4557 551 4592 annot.
562 4550 584 4592 5.

124 4613 134 4643 ³
160 4615 210 4668 Sic:
220 4619 266 4662 eed
275 4619 360 4663 lector
370 4621 446 4664 facile
458 4621 586 4675 intelliget
598 4623 709 4676 positum
721 4633 768 4677 pro
779 4625 926 4679 impurare.

123 4686 135 4714 ⁶
160 4687 243 4744 Supra
254 4691 302 4735 hoc
313 4693 469 4736 vocabulum
479 4701 518 4737 est
530 4693 600 4737 aliud
611 4695 768 4738 interlineas
778 4697 902 4750 scriptum
913 4703 938 4738 et
950 4698 1112 4741 emendatum
1130 4699 1167 4740 ita
1180 4705 1209 4740 ut
1224 4699 1270 4740 sul>
1282 4699 1308 4741 ii-

91 4759 149 4802 lotis
157 4761 200 4804 vix
213 4763 263 4818 legi
274 4763 364 4817 possit.
374 4763 485 4809 Videtur
495 4773 581 4810 autem
592 4777 648 4810 esse
659 4775 703 4811 aut
715 4770 783 4823 ipsis
793 4777 838 4812 aut
849 4770 1028 4814 abbreviatum
1038 4771 1186 4826 perversis.
