3472 5528
382 525 436 592 ali
594 521 597 528 ’
754 527 926 596 [uranus
945 545 1216 604 Quanamnsrnns

382 679 417 743 in
432 679 508 744 dies
515 680 648 758 fecerit
665 682 923 760 accessionem,
944 680 1201 746 accumulando
1219 688 1367 761 peccata
1382 679 1553 761 peccatis,
1576 687 1612 742 et

381 797 498 850 tamen
513 805 576 868 per
590 788 832 868 longissimum
849 789 995 868 triginta
1007 805 1181 854 annorum
1196 788 1349 868 spatium
1360 785 1523 852 confessa
1536 803 1610 850 non

379 893 440 959 sit.
455 893 554 959 Haec
567 894 637 958 tiu't
651 896 697 960 ad
711 896 899 978 quemdam
914 916 933 961 e
952 896 1085 961 nostris
1099 895 1260 976 patribus
1278 903 1442 977 peccata,
1466 895 1522 958 uel
1536 894 1610 958 uir·

346 1061 349 1066 .
379 1009 471 1066 tutes
486 1002 619 1084 potius,
636 1019 725 1084 quas
740 1004 944 1081 simulabat,
961 1005 1004 1068 de
1026 1021 1124 1070 more
1141 1004 1365 1082 confessura3
1383 1002 1445 1066 sed
1459 1002 1610 1081 factum

378 1114 433 1172 est
446 1113 500 1188 vt,
515 1109 680 1175 misertus
696 1109 869 1174 Dominus
884 1111 987 1174 huius
1001 1111 1158 1190 animae,
1173 1111 1329 1192 gratiam
1343 1110 1380 1174 in
1395 1108 1609 1174 confessarii

379 1216 483 1280 labiis
497 1216 708 1296 diffuderit,
723 1219 783 1299 qui
797 1218 846 1281 ita
862 1235 899 1281 se
913 1219 1025 1298 gessit
1039 1218 1076 1282 in
1091 1218 1158 1283 hac
1174 1217 1397 1283 consessione
1413 1214 1607 1294 audienda,

379 1331 419 1385 ut·
431 1321 535 1388 luerit
550 1340 651 1388 ouem
667 1325 760 1388 hanc
774 1325 949 1406 perditam
963 1326 1121 1410 lucratus
1135 1322 1300 1409 Domino,
1317 1326 1426 1389 multo
1441 1339 1521 1387 cum
1531 1322 1608 1386 foe-

378 1447 464 1493 nore
479 1449 524 1494 ex
537 1432 695 1512 peccatis
710 1442 902 1512 reportato.
920 1431 1014 1496 Sane
1035 1432 1099 1512 qui
1118 1449 1329 1496 conuersum
1348 1431 1396 1494 ad
1411 1428 1610 1494 Dominum

377 1535 469 1600 hanc
489 1537 673 1602 mulierem
695 1539 976 1618 animaduertat,
996 1540 1121 1604 merito
1144 1539 1278 1603 dubitet
1293 1554 1377 1602 num
1392 1536 1504 1601 maior
1525 1535 1610 1599 soli·

376 1643 522 1725 diorque
536 1645 582 1710 sit
596 1644 700 1710 modo
715 1646 828 1710 uirtus
843 1646 934 1726 eiuS,
957 1663 1064 1726 quam
1071 1645 1219 1725 fuerim
1237 1654 1423 1711 anteactae
1441 1643 1535 1708 uitae
1550 1643 1611 1704 oi·

376 1751 566 1816 a'ositates.
582 1752 697 1817 Tanta
711 1753 804 1816 euim
819 1753 894 1818 eins
909 1734 1064 1818 animum
1079 1770 1224 1818 suorum
1239 1761 1466 1834 peccatorum
1479 1749 1604 1832 poeni-

376 1858 463 1950 tudo
474 1859 593 1939 subiit,
614 1870 652 1924 ut
672 1860 734 1924 vix
753 1860 881 1940 Pater,
902 1861 963 1942 qui
982 1877 1061 1926 eam
1082 1858 1305 1926 confitentem
1325 1859 1520 1937 audiuerat,
1541 1874 1608 1939 po-

376 1966 482 2031 tuerit
496 1967 528 2030 ei
543 1967 714 2032 obsistere
728 1969 813 2048 quin
825 1983 888 2048 per
903 1969 1003 2032 uicos
1017 1979 1051 2033 et
1065 1969 1203 2050 plateas
1217 1967 1357 2048 publice
1370 1976 1517 2048 peccata
1531 1983 1604 2032 sua

376 2075 625 2151 proclamaret.
650 2074 791 2140 Vtinam
805 2092 866 2140 res
880 2076 978 2156 naec,
998 2080 1172 2156 quantum
1192 2075 1229 2138 in
1244 2093 1282 2138 se
1296 2081 1363 2154 est,
1382 2073 1440 2138 uel
1454 2073 1608 2138 minima

375 2197 425 2244 ex
433 2187 542 2262 parte
551 2189 677 2264 posset
691 2185 924 2264 exaggerari
936 2184 1175 2265 (quodfleret,
1189 2183 1226 2247 si
1244 2183 1382 2246 dr'utius
1395 2183 1607 2246 rinmorare·

375 2305 458 2352 mur
479 2289 517 2353 in
531 2290 608 2354 eirrs
622 2296 698 2354 tum
713 2292 815 2355 uitiis
829 2292 1002 2372 antiquis,
1024 2297 1101 2354 tum
1121 2289 1330 2368 uirtutibus,
1345 2288 1471 2370 quibus
1489 2306 1511 2351 a
1526 2288 1608 2352 Deo

375 2397 479 2461 modo
494 2397 629 2474 donata
643 2406 711 2480 est,
725 2399 981 2478 recensendis),
995 2398 1227 2478 r‘ugeneraret
1243 2413 1331 2460 sane
1351 2396 1390 2459 iu
1404 2394 1608 2460 muliorum

375 2503 509 2569 animis
523 2523 697 2586 magnam
712 2507 750 2570 r'u
765 2507 919 2570 Domino
933 2506 1120 2570 laetitiam.
1221 2507 1223 2510 ’

435 2612 494 2678 Ad
513 2614 683 2680 exercitia
703 2614 899 2696 spiritualia
922 2623 1003 2679 sunt
1020 2613 1164 2678 admissi
1184 2612 1284 2676 multi
1303 2609 1506 2676 scholastici
1527 2608 1606 2674 alii·

376 2739 443 2803 que
458 2722 623 2802 generosi
637 2722 721 2800 uiri,
739 2721 786 2785 ita
802 2737 840 2784 vt
861 2723 991 2785 nullum
1014 2733 1153 2802 tempus
1172 2722 1310 2802 lapsum
1325 2719 1386 2795 sit,
1408 2718 1527 2798 inquo
1543 2719 1609 2782 uel

330 2839 334 2845 ·
375 2829 528 2910 quinque
546 2831 602 2893 uel
617 2847 695 2908 sex,
716 2838 751 2892 et
768 2829 812 2892 iis
831 2829 1041 2909 quandoque
1063 2830 1197 2909 plures,
1218 2843 1289 2890 non
1309 2825 1379 2890 sint
1395 2824 1604 2916 exercitati.

375 2913 476 3016 Q'uod
491 2938 600 3001 sinos
615 2936 922 3018 occupationibus,
939 2935 1066 3016 quibus
1082 2935 1316 3016 implicamur,
1334 2931 1505 2998 relaxare
1519 2949 1603 3014 pos·

375 3061 502 3124 semuS,
519 3044 840 3108 intromitteremus
855 3043 950 3106 haud
964 3043 1068 3106 dubie
1082 3043 1332 3122 multoplures:
1345 3050 1498 3122 quantos
1512 3057 1605 3103 uero

321 3149 325 3156 '
373 3153 554 3234 proiectus
573 3153 609 3216 in
623 3144 806 3217 'exercitiis
823 3151 970 3215 iecerint
989 3150 1152 3230 exerciti,
1171 3159 1413 3231 quantumque
1437 3147 1605 3229 spiritum

374 3260 456 3324 inde
470 3259 662 3338 hauserint,
680 3259 898 3324 demonstrat
912 3275 1060 3336 summa,
1078 3275 1146 3339 qua
1159 3257 1264 3321 modo
1280 3265 1372 3333 sunt,
1386 3271 1473 3336 erga
1485 3253 1604 3320 Deum

376 3365 501 3448 pietas,
517 3385 560 3430 ac
575 3367 715 3430 denaus
728 3366 891 3448 ipsorum
906 3365 1023 3429 feruor
1038 3365 1075 3428 in
1089 3364 1231 3428 diuinae
1245 3364 1335 3444 legis
1349 3361 1604 3428 obseruatione

376 3473 540 3555 omnique
564 3475 694 3538 uirtute
715 3472 900 3549 sectanda,
923 3483 962 3536 vt
985 3473 1044 3552 qui
1066 3472 1177 3535 vitam
1203 3479 1477 3553 consequentem
1503 3477 1604 3536 ante·

375 3591 476 3646 actae
498 3591 698 3662 comparet,
714 3580 818 3644 facile
836 3579 1009 3658 intelligat
1028 3578 1184 3643 diuinam
1198 3578 1246 3642 ibi
1261 3578 1416 3642 adfuisse
1430 3577 1604 3643 dexterae

372 3688 513 3752 Excelsi
527 3688 768 3756 mutationem.

432 3795 489 3861 Ad
504 3795 716 3861 Societatem
730 3794 876 3858 admissi
890 3803 982 3873 sunt,
999 3804 1151 3874 quatuor
1165 3794 1209 3859 iis
1224 3793 1413 3870 mensibus
1430 3802 1602 3873 quatuor-

371 3904 486 3968 decim
507 3903 720 3981 scholastici,
743 3911 885 3982 praeter
899 3903 1086 3965 nonnullos
1107 3901 1207 3979 alios,
1228 3901 1288 3981 qui
1303 3918 1380 3964 eam
1402 3900 1599 3982 postulant,

372 4029 435 4075 suo
450 4021 608 4092 tempore
627 4008 859 4090 recipiendos
878 4008 946 4088 Qui
961 4009 1107 4073 admissi
1121 4017 1214 4088 sunt,
1230 4008 1274 4071 iis
1289 4009 1430 4072 dotibus
1445 4018 1526 4072 sunt
1541 4024 1599 4071 or·

371 4118 457 4197 nati,
474 4126 511 4180 ut
526 4133 694 4196 magnam
709 4117 752 4180 dc
768 4133 806 4180 se
825 4116 1080 4179 commoueriut
1099 4115 1201 4180 nobis
1217 4115 1497 4196 expectationem
1506 4115 1601 4192 sore

370 4223 579 4304 alr'quaudo,
593 4223 768 4287 adiutrice
782 4223 909 4286 diuina
922 4223 1062 4303 gratia,
1076 4223 1318 4287 iustrumenta
1333 4222 1520 4303 qrraedum,
1527 4230 1602 4301 per

370 4349 459 4412 quae
473 4332 573 4394 Deus
588 4331 626 4394 in
640 4331 838 4394 multorum
849 4330 1038 4393 animabus
1051 4330 1166 4394 multa
1181 4337 1360 4412 operetur.
1373 4330 1417 4394 Et
1431 4331 1512 4394 licet
1523 4347 1599 4394 ma·

371 4441 457 4503 ioris
471 4440 656 4504 breuitatis
669 4440 787 4520 gratia
802 4445 926 4520 (quam
941 4438 1028 4502 adeo
1043 4438 1081 4501 in
1096 4438 1162 4502 hac
1176 4437 1329 4518 epistola
1348 4455 1401 4500 me
1415 4438 1531 4500 Pater
1544 4439 1599 4500 vi-

370 4546 428 4610 det
434 4548 604 4626 sortasse
613 4546 702 4626 plns
716 4547 812 4609 iusto
827 4547 1021 4624 affectare)
1036 4546 1121 4610 illud
1133 4555 1188 4608 sat
1199 4561 1276 4609 esse
1292 4543 1382 4608 milri
1392 4543 1598 4625 vedebatur,

371 4655 401 4717 si
415 4655 615 4718 summatim
630 4653 785 4718 dicerem
799 4654 865 4716 hos
877 4671 999 4717 omnes
1010 4653 1254 4722 scholasticos.
1271 4660 1385 4731 nuper
1398 4650 1595 4732 admissos

370 4762 478 4828 luisse
491 4777 628 4842 semper
645 4761 734 4826 inter
749 4761 884 4842 primos
897 4760 1002 4824 huius
1017 4759 1232 4824 Academiae
1248 4769 1483 4840 computatos
1508 4759 1596 4841 quia
