3410 5528
625 481 688 545 Au.
712 481 782 544 1556
1259 481 1315 544 ΞΒ

102 627 156 692 bus
162 623 266 708 judex
275 629 459 712 impulsus,
473 632 632 712 aequiori
644 632 749 713 paulo
761 647 841 695 curn
853 647 895 694 eo
907 627 1110 694 conditione
1121 631 1311 710 transegit.

101 733 346 800 Decumbentes
369 737 406 800 in
433 737 689 802 valetudinario
708 747 831 803 nostra
846 754 985 821 quoque
1000 754 1108 820 opera
1135 754 1205 800 non
1231 753 1314 801 raro

101 841 196 908 adiuti
208 853 302 922 sunt,
319 860 444 909 verum
459 845 533 910 lere
547 861 700 910 uacuum
714 853 780 925 est;
795 854 829 909 et
845 862 926 910 cum
944 845 1115 926 plurimos
1135 843 1242 908 babet
1263 844 1314 907 in-

101 947 216 1030 firmoS,
233 951 294 1015 uix
309 951 497 1016 duodecim
511 950 617 1016 babet
631 961 692 1016 aut
707 952 986 1032 quatuordecim.

152 1057 328 1139 Denobis,
345 1058 555 1139 quambene
578 1059 708 1124 sentiat
733 1059 900 1124 uniuersa
926 1058 1064 1139 ciuitas,
1092 1057 1221 1123 indicio
1237 1075 1314 1122 esse

101 1173 201 1246 potest
215 1166 398 1231 hominum
413 1165 459 1230 ad
473 1183 539 1230 nos
553 1166 591 1230 in
602 1166 768 1247 periculis
780 1183 987 1246 concursus,
1001 1175 1035 1231 et
1046 1166 1203 1230 omniurn
1213 1165 1315 1230 nobis

99 1273 274 1338 confitendi
287 1272 514 1352 desiderium,
530 1285 568 1339 ut
583 1290 654 1339 non
673 1274 848 1339 immerito
868 1272 995 1338 domus
1014 1283 1138 1338 nostra
1159 1273 1314 1354 cuipiam

99 1379 199 1446 uideri
212 1381 324 1462 possit
337 1382 517 1464 publicum
531 1382 743 1447 miserorum
758 1383 911 1446 omnium
929 1381 1117 1462 refugium3
1140 1389 1175 1446 et
1191 1389 1228 1445 ut
1243 1377 1310 1443 Dei

99 1504 176 1568 erga
187 1507 250 1568 nos
261 1488 538 1554 munificentiam
548 1489 728 1571 profitear,
740 1505 844 1553 nemo
855 1488 1027 1553 hactenus
1039 1505 1143 1570 opem
1153 1497 1312 1552 nostram

99 1593 218 1660 lrustra
232 1596 446 1678 implorauit.

151 1701 273 1768 Vicina
288 1704 415 1768 mulier
429 1721 510 1769 cum
526 1705 616 1769 duos
629 1705 701 1769 iam
720 1704 795 1769 dies
814 1703 975 1786 pariendi
994 1702 1197 1767 difficultate
1217 1702 1312 1766 labo·

98 1819 213 1891 rasset,
228 1829 293 1876 nec
310 1821 462 1892 parturn,
479 1812 623 1876 tentatis
643 1811 752 1876 uariis
773 1810 949 1891 remediis,
971 1810 1161 1893 quicquam
1180 1807 1315 1873 facilio-

99 1934 168 1982 rem
181 1919 335 1998 sentiret,
360 1918 405 1982 ad
431 1937 497 1985 nos
513 1928 652 1984 oratum
673 1918 779 1998 misit,
796 1926 834 1982 ut
848 1917 915 1982 sibi
937 1917 1217 1982 subueniremus:
1233 1933 1314 1980 curn

98 2042 175 2089 uero
189 2026 447 2108 respondissem
461 2044 527 2091 nec
542 2026 718 2091 medicum
733 2043 788 2091 me
803 2043 881 2090 esse
900 2041 1013 2106 neque
1031 2022 1157 2104 Deum,
1180 2033 1218 2089 ut
1234 2039 1314 2104 pos-

98 2131 159 2196 sim
172 2133 310 2199 dolores
325 2133 367 2196 de
383 2132 591 2214 corporibus
605 2132 761 2212 abigere,
772 2151 838 2197 nec
849 2142 967 2197 tamen
979 2132 1058 2195 illae
1070 2131 1196 2194 orandi
1208 2130 1312 2195 finem

98 2238 256 2320 lacerent,
272 2242 389 2306 uictus
404 2240 568 2321 precibus
583 2240 664 2304 dedi
678 2239 746 2304 illis
761 2256 889 2319 aquam
905 2239 1137 2316 benedictam,
1159 2247 1195 2302 ut
1212 2238 1255 2301 de
1270 2255 1312 2301 ea

98 2345 205 2429 fronti,
220 2348 356 2428 pectori
374 2365 417 2412 ac
432 2347 548 2411 ventri
573 2346 803 2428 parturientis
825 2343 967 2426 signum
993 2345 1108 2409 crucis
1135 2345 1312 2426 imprime·

97 2464 178 2533 rent,
193 2471 381 2536 omnesque
401 2472 467 2519 nos
492 2472 555 2537 pro
582 2455 642 2518 illa
668 2463 832 2518 oraturos
847 2452 932 2518 dixi:
959 2453 1053 2534 quod
1074 2469 1154 2517 curn
1168 2451 1311 2517 fecisse·-

97 2577 178 2640 mus,
193 2573 226 2625 et
241 2561 320 2626 illae
344 2561 531 2642 diligenter
557 2563 871 2643 obtemperassent,
889 2559 1046 2624 secunda
1067 2560 1111 2624 ab
1127 2559 1208 2624 inde
1223 2560 1311 2624 hora

96 2683 195 2746 quarn
209 2667 435 2736 foelicissime
450 2678 552 2751 partu
570 2668 719 2736 liberata
734 2677 798 2733 est.

148 2773 200 2840 De
214 2777 344 2842 scholis
358 2777 501 2854 nostris,
518 2793 607 2859 quas
622 2795 711 2858 pene
728 2777 995 2858 praeterieram,
1012 2776 1080 2840 hoc
1100 2775 1202 2840 habe:
1224 2792 1311 2840 mes·

95 2898 162 2947 sem
176 2901 220 2948 ex
233 2884 319 2966 ipsis
338 2900 483 2965 sperare
503 2900 570 2948 nos
588 2885 694 2964 longe
713 2883 940 2949 uberrimam.
957 2883 1132 2965 Discipuli
1151 2883 1197 2946 ad
1220 2899 1313 2948 sum·

95 3006 181 3056 mum
195 3001 334 3056 centum
353 2991 621 3075 quinquaginta,
642 2991 713 3072 qui,
740 3000 777 3055 ut
801 2977 928 3072 ¹seipsis
953 2990 1107 3072 quotidie
1133 2990 1312 3054 doctiores

94 3097 249 3178 euadunt,
267 3100 317 3164 ita
332 3109 367 3163 et
382 3100 556 3179 meliores,
576 3098 719 3179 jurandi
743 3098 789 3163 ad
804 3098 943 3178 singula
964 3115 1052 3178 pene
1077 3098 1186 3162 uerba
1201 3098 1311 3180 pessi·

93 3220 179 3270 mam
190 3205 490 3282 consuetudinem,
502 3205 701 3286 impudicos
713 3211 898 3270 contactus
909 3221 951 3268 ac
960 3210 1219 3286 praeposteros
1230 3220 1311 3268 con·

93 3312 222 3376 cubitus
249 3311 256 3344 ¹
280 3314 330 3378 ita
348 3314 576 3395 reliquerunt,
603 3323 640 3378 ut
661 3313 778 3378 nullae
798 3313 950 3394 amplius
970 3311 1015 3376 ad
1041 3327 1146 3376 aures
1168 3322 1312 3375 nostras

93 3419 131 3482 de
152 3421 321 3486 eiusmodi
346 3421 444 3485 uitiis
468 3421 632 3503 querelae
657 3421 890 3501 perferantur.
915 3419 1134 3485 Confitentur
1159 3418 1310 3498 singulis

92 3529 272 3594 mensibus:
298 3529 399 3594 multi
428 3529 535 3594 etiam
560 3529 841 3594 sacratissimum
871 3527 1001 3593 Christi
1027 3543 1156 3607 corpus
1179 3543 1310 3607 magno

93 3651 167 3699 cum
180 3635 354 3700 desiderio
369 3635 576 3716 suscipiunt.

145 3741 198 3806 De
218 3752 316 3808 statu
339 3760 458 3808 rerum
482 3735 695 3823 n'ostrarum,
722 3743 789 3807 etsi
812 3743 941 3823 longus
963 3742 1047 3807 milti
1072 3740 1311 3806 instituendus

93 3857 178 3912 esset
201 3868 330 3930 sermo,
353 3859 489 3930 tamen,
516 3851 599 3933 quia
624 3849 778 3914 nondum
804 3848 891 3913 satis
913 3851 1131 3931 compositae
1157 3858 1238 3913 sunt
1253 3866 1311 3912 res

92 3953 310 4037 domesticae,
332 3969 521 4040 propterea
546 3957 639 4037 quod
662 3975 734 4020 non
759 3957 970 4038 inpropriis
991 3957 1054 4022 sed
1080 3955 1311 4022 conductitiis

91 4061 229 4128 aedibus
241 4063 454 4142 habitamus,
471 4064 578 4128 statui
599 4064 796 4143 longiorem
819 4064 862 4127 de
877 4063 933 4127 his
953 4082 1153 4130 sermonem
1175 4065 1211 4128 in
1226 4065 1311 4130 alte.

89 4185 159 4232 rum
174 4187 331 4236 mensem
346 4169 499 4250 differre,
517 4188 598 4251 quo,
615 4167 693 4234 Deo
708 4170 860 4250 uolente,
876 4169 1032 4236 futurum
1048 4180 1101 4237 est
1116 4181 1154 4236 ut
1169 4172 1215 4236 ad
1233 4190 1311 4253 pro·

88 4277 160 4354 pria
184 4279 469 4359 commigremus.
497 4277 663 4360 Accipies
683 4287 766 4342 tunc
781 4276 837 4342 his
852 4277 894 4342 de
920 4279 1026 4342 rebus
1036 4278 1211 4358 prolixas
1224 4278 1311 4360 plus

89 4385 173 4448 satis
184 4385 372 4466 epistolas,
383 4385 510 4467 quibus
528 4384 677 4467 'longae
688 4385 867 4450 dilationis
879 4403 998 4450 moras
1012 4385 1128 4466 facile,
1141 4395 1180 4451 ut
1191 4403 1308 4468 spero,

127 4664 135 4699 Ι
164 4665 366 4722 tmpurrctrtam
377 4669 403 4710 et
413 4676 519 4711 momm
529 4666 738 4721 turpitudinem.
749 4666 890 4714 Putarem.

127 4740 138 4772 ¹
162 4738 299 4796 prolixam
310 4737 462 4796 epistotam,
471 4749 532 4792 pua.
550 4735 589 4784 lo.
