3504 5532
748 496 919 558 errnnnu
938 513 1208 567 Quanamesrans

835 1179 1130 1265 ODLXXXII

418 1518 455 1578 P.
468 1519 630 1593 Aloysius
645 1521 729 1596 Napi

452 1618 544 1678 Patri
556 1618 684 1692 ignatio
697 1620 739 1680 de
754 1619 897 1695 Loyola.

487 1715 636 1789 Patauio,
653 1717 686 1776 21
701 1717 877 1778 Februarii
892 1721 960 1779 1556
972 1722 994 1779 ¹.

941 1953 1016 2072 nis

421 2247 496 2311 Pax
510 2248 594 2328 Xpi.

420 2355 496 2418 Etsi
511 2366 589 2434 post
604 2357 704 2432 aliae,
720 2373 809 2436 quas
823 2359 985 2436 proxime
998 2355 1042 2419 ad
1053 2364 1087 2419 te
1098 2357 1270 2432 misimus
1284 2353 1588 2435 quadrimestres'

360 2461 449 2539 (R.de
467 2462 519 2540 Ρ.)
534 2481 604 2525 non
620 2465 730 2526 multa
744 2473 868 2526 notatu
884 2463 992 2542 digna
1011 2461 1220 2541 acciderint,
1245 2480 1287 2524 eo
1310 2463 1403 2542 quod
1424 2462 1591 2526 omnibus

360 2567 433 2631 iere
447 2567 484 2631 in
499 2570 586 2632 locis
601 2570 723 2633 eadem
739 2571 796 2631 vel
811 2570 939 2632 similia
955 2587 1026 2632 non
1041 2587 1124 2633 raro
1136 2568 1300 2632 accidant
1312 2568 1585 2649 frequenterque

360 2675 540 2752 eueniant,
557 2676 799 2754 nihilominuS,
821 2687 903 2738 tuae
917 2675 1017 2740 ΚΑΜ
1030 2687 1069 2737 vt
1084 2693 1220 2738 morem
1241 2691 1423 2754 geramus
1440 2693 1483 2738 ea
1497 2691 1591 2754 pau·

359 2797 414 2859 ca,
434 2799 505 2845 non
526 2791 644 2844 tamen
663 2783 823 2860 minima,
846 2801 937 2862 quae
958 2783 1111 2862 optimus
1131 2781 1375 2860 maximusque
1398 2780 1496 2844 Deus
1520 2799 1586 2862 per

316 2948 318 2956 .
359 2888 545 2951 Societatis
559 2888 682 2952 Patres
697 2890 838 2967 operari
850 2889 1091 2968 dignatusest,
1105 2906 1211 2969 quam
1224 2888 1430 2951 breuissime
1443 2888 1588 2951 succin-

360 3003 495 3073 cteque,
512 3005 550 3057 vt
565 3012 630 3074 par
645 2996 721 3071 erit,
746 2995 941 3075 explicabo

419 3100 449 3164 T
451 3119 469 3164 e
483 3103 593 3164 latere
607 3118 679 3164 non
695 3103 858 3180 arbitror,
876 3101 952 3165 R.de
970 3100 1085 3180 Pater,
1099 3119 1192 3164 anno
1204 3101 1378 3181 superiori
1389 3101 1482 3166 hanc
1498 3102 1587 3165 ciui·

359 3216 468 3270 tatem
489 3207 656 3287 pestifero
678 3210 880 3288 exitialique
900 3210 1081 3272 laborasse
1102 3208 1245 3289 morbo,
1267 3225 1415 3288 eamque
1434 3208 1479 3270 ob
1503 3227 1589 3274 cau·

359 3333 436 3378 sam
450 3333 539 3395 pene
555 3333 677 3379 omnes
692 3335 710 3378 e
726 3317 870 3380 ciuitate
890 3317 1114 3394 discessisse,
1132 3317 1221 3379 alios
1237 3317 1281 3379 ad
1298 3317 1389 3378 alias
1403 3317 1582 3394 ciuitateS,

359 3422 448 3485 alios
463 3423 508 3484 ad
524 3423 626 3485 villas
642 3441 679 3484 se
695 3423 888 3502 recepisse,
912 3424 1069 3503 aliosque
1089 3441 1110 3486 a
1130 3423 1278 3500 publicis
1298 3423 1457 3502 negotiis
1477 3422 1589 3485 absti-

358 3529 488 3607 nuisse,
504 3547 587 3592 nam
602 3547 662 3592 eos
682 3530 807 3608 ingens
827 3547 869 3592 ac
890 3531 1095 3608 repentinus
1117 3530 1223 3592 timor
1246 3531 1431 3592 inuaserat
1451 3547 1495 3592 ac
1514 3538 1588 3591 ter-

357 3652 428 3714 ror,
443 3636 491 3699 ita
508 3647 546 3699 vt
561 3647 626 3700 nec
641 3637 745 3698 domo
760 3637 882 3715 egredi
899 3638 998 3698 multi
1017 3637 1198 3699 auderent.
1216 3636 1477 3699 Verumtamen
1498 3645 1583 3700 tunc

357 3759 496 3822 semper
510 3743 679 3822 temporis
693 3742 817 3805 Patres
833 3744 868 3805 in
890 3745 1020 3823 templo
1035 3744 1176 3806 fuerunt
1193 3745 1376 3823 occupati,
1394 3745 1451 3805 vel
1467 3744 1502 3805 in
1521 3761 1587 3806 au-

357 3848 492 3913 diendis
513 3849 807 3928 confessionibuS,
833 3852 938 3913 velin
953 3851 1194 3913 sacratissimo
1210 3849 1297 3930 Xpi.
1316 3867 1466 3929 corpore
1481 3849 1587 3913 mini·

356 3956 512 4036 strando;
530 3974 599 4036 quo
621 3956 762 4036 quidem
783 3967 941 4036 tempore
955 3957 1015 4020 alii
1030 3965 1255 4020 sacramenta
1271 3957 1359 4020 haec
1374 3957 1579 4020 ministrare

356 4064 532 4126 nolebant.
550 4063 682 4126 Eodem
698 4064 782 4126 item
795 4073 952 4143 tempore
967 4063 1067 4127 multi
1082 4064 1127 4126 ad
1139 4064 1307 4144 templum
1322 4072 1481 4126 nostrum
1497 4079 1589 4126 con·

355 4170 556 4248 currebant,
573 4171 728 4232 maximo
744 4169 896 4248 perculsi
911 4170 1047 4249 timore,
1072 4187 1114 4232 ac
1130 4183 1223 4233 metu
1238 4169 1469 4248 trepidantes,
1489 4185 1531 4231 nc
1546 4169 1579 4232 si

395 4447 405 4481 ¹
434 4447 623 4502 Autograpbae
634 4447 727 4501 duplici
739 4448 808 4494 lolio.
817 4448 899 4503 primo
910 4459 934 4491 n.
944 4447 976 4498 δά,
988 4449 1073 4492 altero
1083 4459 1132 4492 non
1143 4453 1286 4492 numerato.

394 4519 405 4552 ¹
432 4519 499 4562 Vide
509 4530 602 4574 supra,
613 4525 631 4562 t.
642 4529 679 4572 ιιι,
690 4530 750 4574 pag.
760 4519 948 4564 offleii-Illae
959 4519 1077 4564 Venetlls
1087 4520 1165 4564 datae
1175 4525 1242 4574 sunt,
1255 4520 1306 4563 bae
1321 4519 1435 4563 Patavii.
1447 4519 1483 4562 At
1494 4517 1586 4563 memi-

354 4592 422 4635 nisse
433 4597 535 4645 oportet
545 4591 621 4634 valde
632 4591 700 4634 inter
714 4602 741 4634 se
751 4602 866 4636 connexa
876 4591 927 4636 illis
938 4592 1018 4636 initiis
1030 4591 1095 4634 haec
1105 4591 1154 4635 duo
1166 4591 1282 4645 Collegia
1291 4590 1368 4638 luisse
1379 4597 1405 4634 et
1416 4591 1581 4636 Patauinum

353 4665 433 4708 etlam
447 4664 495 4706 hoc
511 4669 625 4717 tempore
636 4675 652 4706 a
663 4663 757 4706 Veneti
773 4663 883 4707 Rectore
894 4665 979 4718 aliquo
993 4663 1067 4706 modo
1083 4664 1200 4718 pendere.
1213 4662 1279 4706 Vide
1295 4661 1406 4706 Polurcr
1418 4661 1583 4720 chronicon,

352 4743 371 4779 ι.
384 4746 411 4790 ιι,
421 4745 450 4780 ιιι
460 4741 486 4778 et
496 4745 533 4788 iv,
544 4735 586 4778 ubi
597 4736 627 4778 de
639 4735 679 4778 bis
689 4733 811 4789 Collegils
822 4735 919 4789 agitur.
