3472 5528
626 517 691 592 Aa.
714 516 784 594 1556
1264 517 1319 592 275

100 671 303 742 vellutatum
317 670 569 754 nominamusl:
585 674 674 738 haec
690 683 771 739 sunt
786 673 888 739 elatis
907 692 952 760 ex
968 691 1075 770 aqrea
1087 682 1185 772 veste
1196 673 1318 766 fasciis

100 785 201 850 certis
215 784 252 848 in
266 783 352 850 locis
372 782 550 859 disturcta,
572 799 721 868 quorum
741 781 900 873 fimbriae
921 799 967 847 ex
986 781 1044 858 filo
1062 783 1224 874 inaurato
1246 784 1318 868 pul·

100 892 292 969 cherrimae
307 900 400 956 sunt.
417 889 562 956 Praeter
581 892 647 955 has
666 907 789 956 omnes
810 897 939 970 vestes,
962 899 1035 954 tres
1056 871 1194 982 quoque
1214 890 1319 977 datae

100 999 238 1063 suntad
260 999 435 1080 pulpitum
457 998 648 1078 tegendum
670 1006 774 1077 atque
797 996 1013 1062 ornandum:
1032 1015 1102 1062 vna
1117 1015 1161 1081 en
1175 997 1318 1088 bomby-

101 1107 175 1170 cina
190 1114 291 1188 peste
306 1106 376 1172 atri
391 1105 534 1184 coloris,
550 1104 651 1170 cuius
667 1121 730 1176 ora
744 1104 866 1182 fasciis
880 1121 925 1170 ex
944 1104 1058 1182 serico
1074 1121 1155 1181 raso
1171 1106 1318 1202 cippum·

101 1211 178 1277 data
192 1221 264 1278 est:
280 1213 392 1276 altera
412 1230 458 1276 ex
478 1211 676 1276 holoserico
695 1209 821 1275 viridis
840 1211 969 1274 coloris
991 1212 1092 1276 cuius
1113 1214 1320 1277 extremitas

101 1330 255 1384 exueste
270 1337 378 1384 aurea
394 1317 510 1382 limbis
524 1327 578 1382 est
594 1327 736 1382 ornata:
759 1319 862 1382 tertia
884 1335 970 1382 vero
993 1335 1038 1382 ex
1059 1337 1102 1383 eo
1120 1320 1320 1385 holoserico

100 1445 287 1510 purpureo,
303 1426 398 1508 quod
411 1442 519 1508 supra
533 1425 623 1506 dixi,
640 1426 760 1490 multis
772 1425 857 1490 item
870 1425 952 1490 latis
967 1445 1013 1491 ex
1027 1442 1136 1491 aurea
1156 1435 1256 1492 veste
1271 1429 1320 1494 fa-

100 1536 190 1615 sciis,
207 1535 319 1599 variis
333 1535 369 1598 in
384 1535 472 1599 locis
487 1542 660 1598 exornata
676 1543 781 1614 atque
796 1533 974 1598 distincta.

154 1643 353 1725 Episcopus
373 1641 567 1721 Targensis
582 1639 604 1721 ¹,
620 1641 680 1721 qui
701 1641 768 1705 hoc
790 1649 948 1722 tempore
969 1639 1108 1706 Eborac
1128 1642 1320 1724 episcopali

100 1765 243 1814 munere
263 1747 434 1830 fungitur,
457 1748 585 1830 quique
604 1756 637 1811 te
659 1749 785 1832 ipsum,
803 1746 910 1812 Pater
928 1745 1022 1824 Rae,
1044 1746 1206 1825 Lutetiae
1227 1749 1322 1814 Pari-

101 1857 232 1922 siorum
246 1855 427 1936 cognouit,
448 1865 566 1937 atque,
587 1864 625 1919 ut
646 1855 810 1935 arbitror,
834 1865 950 1920 tecum
970 1855 1175 1920 nonnullam
1200 1855 1322 1921 habuit

100 1963 400 2043 consuetudinem,
423 1978 554 2043 magno
576 1979 643 2026 nos
663 1979 786 2027 omnes
807 1970 841 2026 et
856 1963 1029 2042 singulari
1049 1979 1170 2027 amore
1184 1963 1321 2029 vniuer·

103 2089 246 2154 samque
261 2069 477 2135 Societatem
501 2077 659 2134 nostram
681 2069 941 2149 complectitur:
963 2071 1143 2151 quocirca,
1165 2088 1246 2154 cum
1264 2071 1322 2134 ali·

100 2179 182 2259 quid
197 2179 300 2244 uobis
314 2177 527 2242 sacrandum
543 2187 608 2256 est,
625 2177 856 2240 libentissimo
872 2177 990 2241 animo
1009 2186 1152 2259 praesto
1174 2187 1243 2268 est:
1264 2196 1320 2242 ne·

101 2303 167 2366 que
181 2287 254 2350 vllo
269 2283 375 2350 modo
388 2285 521 2365 patitur
536 2292 573 2347 ut
590 2300 645 2362 ea,
661 2301 751 2364 quae
766 2284 942 2370 sacrapda
957 2285 1038 2374 sipt.
1055 2285 1101 2374 ad
1120 2302 1158 2352 se
1177 2285 1322 2350 domurn

101 2395 315 2472 deierantur,
332 2392 394 2456 sed
409 2391 525 2472 potius
541 2391 615 2473 ipse
631 2389 675 2454 ad
690 2408 756 2454 nos
771 2392 846 2455 eius
862 2392 912 2455 rei
930 2385 1047 2472 g‘ratia
1068 2393 1178 2456 venit.
1200 2393 1322 2474 ltaque

100 2503 262 2566 omnibus
276 2500 313 2563 in
327 2499 446 2580 rebus,
461 2499 498 2563 in
513 2497 639 2579 quibus
654 2499 755 2574 nobis
770 2516 915 2580 operam
937 2516 1039 2564 suam
1060 2517 1149 2581 opus
1167 2517 1246 2565 esse
1267 2517 1322 2565 su·

100 2611 268 2690 spicatur,
285 2607 382 2672 nullo
397 2615 503 2688 pacto
518 2613 557 2669 vt
578 2605 778 2685 requiratur
799 2615 976 2687 expectat,
1000 2608 1062 2671 sed
1084 2609 1186 2672 nobis
1207 2609 1322 2690 potius

102 2733 241 2782 omnem
255 2731 402 2797 operam
415 2713 644 2794 laboremque
659 2729 761 2781 suum
776 2713 971 2798 pollicetur.

159 2823 259 2888 Haec
274 2831 369 2899 sunt,
385 2821 491 2886 Pater
506 2820 720 2900 venerande,
735 2838 827 2901 quae
846 2821 932 2885 mihi
953 2822 1020 2886 hoc
1042 2833 1200 2908 tempore
1222 2817 1268 2890 ali
1289 2833 1322 2888 te

98 2931 285 2996 scribenda
307 2938 517 2996 occurrunt:
538 2928 712 3010 reliquum
733 2939 786 2992 est
808 2937 845 2992 ut
866 2929 1023 3011 omnium
1044 2941 1215 3024 nostrum,
1238 2947 1322 3020 quq-

99 3055 177 3104 rum
191 3038 298 3104 Pater
313 3037 349 3102 in
363 3035 455 3118 Xpo.
472 3052 522 3117 eo,
540 3036 576 3104 in
590 3034 755 3118 precibus
770 3035 839 3099 tuis
853 3036 1054 3119 sanctisque
1073 3038 1256 3103 sacrificiis
1270 3056 1321 3103 re·

97 3146 268 3212 corderis.
284 3144 388 3210 Vale.

158 3253 289 3331 Ebora,
306 3260 408 3316 sexto
423 3251 501 3316 idus
515 3249 600 3317 Maii
615 3267 708 3332 anno
727 3250 815 3315 1556.

153 3361 262 3446 Jussu
277 3357 395 3424 Patris
411 3356 576 3442 Cornelii,

740 3575 959 3642 Fanucrscus
980 3576 1161 3644 Moaanns.

156 4007 210 4072 In
219 4006 340 4096 mino
355 4003 537 4087 exemplo:

155 4113 429 4202 superscriptio
441 4111 483 4204 ¹in
498 4118 631 4202 quarta
641 4114 803 4202 pagam:
822 4113 846 4197 †
862 4115 907 4184 Al
921 4134 1007 4210 muy
1021 4116 1099 4216 132⁰
1121 4136 1167 4208 ¹en
1186 4117 1248 4184 X.⁰
1264 4136 1324 4225 pa·

94 4224 158 4290 dre
187 4223 225 4289 el
250 4221 360 4306 padre
389 4219 499 4307 Micer
527 4221 682 4316 IgnaciO,
712 4225 916 4320 praeposito
943 4211 1027 4304 (sic)
1054 4205 1268 4324 geperal'tde
1290 4209 1325 4314 lp

97 4329 247 4412 Comp.⁸
260 4330 303 4394 de
317 4328 432 4412 Jesus,
448 4346 493 4392 en
507 4327 632 4394 Roma.

158 4435 250 4502 Alia
266 4452 390 4504 manu:
407 4435 495 4500 1556.
512 4435 642 4502 Ebora.
659 4436 945 4518 Quadrimestrcs
961 4437 999 4504 10
1013 4438 1108 4520 Majt.
1124 4437 1148 4520 †

99 4652 317 4665 ——.--—-

134 4769 149 4845 j
177 4787 339 4856 ‘Epimpnuel
351 4787 467 4854 Sancite:
478 4788 521 4847 vel
532 4785 637 4834 Santos.
649 4785 715 4833 Vide
727 4799 813 4844 supra,
824 4802 883 4846 pag.
895 4791 941 4846 rat,
952 4795 1038 4860 annot.
1047 4791 1068 4836 2.
