3578 5534
341 500 378 584 38
726 499 898 568 errsana
917 515 1187 570 ounnnrnssrnas

347 647 484 712 sionem
497 647 764 722 transtulerunt,
780 649 838 710 vel
849 647 918 710 alio
933 656 1199 712 concesserunt.
1217 646 1318 710 Multi
1331 663 1481 726 quoque,
1497 646 1577 725 qui-

345 755 411 817 bus
426 754 522 818 nulla
536 752 702 834 frequens
716 753 905 818 confitendi
919 753 1138 818 consuetudo
1154 763 1244 832 erat,
1261 754 1402 835 saepius
1417 753 1452 817 id
1467 769 1505 815 se
1520 751 1577 816 sa-

347 869 467 924 cturos
481 860 730 940 promiserunt;
746 861 809 924 sed
823 861 867 945 de
881 861 938 924 his
952 861 1138 925 hactenus.

406 966 525 1047 Aliqui
539 977 633 1046 sunt,
649 953 710 1048 qui
729 965 897 1031 Societati
916 983 955 1030 se
974 966 1114 1031 tradere
1128 968 1275 1045 vellent,
1292 969 1383 1030 inter
1397 984 1487 1046 quos
1500 967 1576 1028 duo

346 1082 445 1138 terue
462 1077 512 1150 (ut
527 1074 659 1151 audiui)
680 1083 780 1137 tanto
801 1073 1000 1138 afficiuntur
1023 1074 1210 1152 desiderio,
1234 1085 1272 1138 ut
1293 1091 1475 1155 nunquam
1497 1091 1571 1136 ces-

347 1192 425 1245 sent
440 1176 628 1262 quemdam
642 1180 789 1245 fratrem
802 1191 963 1243 nostrum
985 1197 1147 1258 exorare,
1165 1190 1203 1245 ut
1218 1181 1303 1245 velit
1325 1199 1390 1262 pro
1405 1182 1456 1244 eis
1478 1179 1573 1260 apud

347 1288 491 1352 Patrem
505 1287 737 1352 intercedere.

408 1395 581 1476 Discipuli
596 1395 703 1458 etiam
716 1393 841 1472 nostri,
857 1402 932 1457 tum
946 1395 982 1458 in
996 1395 1133 1474 litteris,
1149 1403 1225 1458 tum
1236 1395 1272 1458 in
1284 1395 1452 1473 moribuS,
1465 1409 1578 1474 quan·

348 1511 423 1566 tum
438 1518 560 1565 eorum
575 1500 689 1564 debile
704 1518 746 1564 ac
761 1501 894 1581 puerile
909 1501 1090 1581 ingenium
1105 1519 1221 1581 capax
1235 1512 1300 1580 est,
1317 1501 1353 1564 in
1368 1500 1443 1564 dies
1458 1499 1575 1578 magis

348 1607 548 1690 proficiunt,
563 1625 713 1690 quorum
727 1624 895 1671 numerus
910 1608 1018 1672 etiam
1033 1608 1069 1672 in
1084 1609 1192 1672 tantis
1211 1608 1418 1674 tumultibus
1432 1606 1577 1684 crescit,

350 1731 499 1796 quorum
512 1731 622 1778 causa
636 1715 735 1778 multi
749 1731 821 1779 non
835 1715 1037 1779 veniebant.
1052 1713 1127 1778 Nos
1143 1731 1266 1778 omnes
1281 1715 1339 1777 hic
1358 1714 1478 1778 diuina
1492 1730 1574 1793 gra·

349 1823 399 1886 tia
419 1823 550 1902 optime
571 1823 739 1900 valemus,
763 1832 797 1885 et
819 1821 854 1884 in
873 1830 1057 1908 posterum
1076 1838 1145 1901 quo
1168 1823 1293 1885 melius
1314 1817 1522 1901 [valeamus]
1537 1819 1576 1882 in

351 1929 591 2010 spiritualibus
606 1945 751 2010 operam
765 1927 939 1993 dabimus.
957 1928 1011 1992 Tu
1025 1945 1124 2007 vero,
1140 1927 1264 2007 Pater,
1281 1927 1423 1991 interim
1437 1927 1579 2004 valeas,

351 2054 486 2117 nosque
510 2045 550 2099 ut
573 2037 644 2099 tuis
671 2036 891 2099 orationibus
919 2035 1186 2099 commendatos
1213 2035 1346 2099 habeas
1374 2049 1580 2116 precamur,

350 2160 488 2206 necnon
504 2143 540 2206 in
553 2159 700 2206 numero
719 2141 870 2207 filiorum
892 2153 1034 2206 tuorum
1057 2143 1231 2223 (quamuis
1245 2140 1421 2221 indignos)
1437 2157 1502 2204 nos
1517 2141 1580 2203 ad·

351 2249 501 2316 scribas

410 2354 586 2436 Dignetur
602 2355 775 2420 Dominus
790 2355 891 2419 nobis
906 2356 1069 2420 omnibus
1084 2355 1239 2436 gratiam
1250 2371 1351 2418 suam
1362 2354 1505 2435 copiose
1515 2355 1583 2417 im—

352 2463 490 2544 partiri,
507 2474 545 2527 ut
560 2464 636 2528 eius
649 2463 772 2526 laudes
785 2480 967 2543 nunquam
983 2473 1128 2526 cantare
1143 2479 1334 2526 cessemus

471 2567 643 2649 VenetiiS,
659 2571 773 2650 pridie
785 2568 876 2633 Non.
891 2569 1094 2651 Januarias

512 2676 555 2742 R.
571 2675 609 2740 Ρ.
626 2676 666 2740 Τ.
682 2676 949 2756 indignissimus
963 2675 1055 2740 filius
1071 2676 1107 2739 in
1122 2676 1274 2754 Christe,

766 2891 922 2973 Jacoaus
942 2890 1130 2956 Paruimus
1152 2891 1418 2954 Cnsrrccnnus.

412 3213 460 3275 In
473 3211 590 3276 altera
604 3213 751 3294 pagina
766 3213 851 3278 haec
872 3211 1067 3291 leguntur:
1087 3209 1177 3272 1556.
1192 3209 1354 3274 Venetie.
1376 3207 1585 3288 Quadrime·

351 3328 444 3384 stres
457 3318 631 3401 Januarii.

412 3425 497 3489 Atia
511 3442 635 3490 ntanu:
649 3429 670 3501 †
685 3425 983 3505 Quadrimestres‚
1002 3433 1068 3488 etc.
1086 3423 1244 3502 Collegio
1261 3421 1409 3485 Veneto.
