3504 5532
681 548 746 608 Aa.
769 547 839 608 1556
1319 541 1371 601 173

144 695 305 776 deposito
317 693 463 773 pudore,
477 693 513 757 in
524 709 719 775 pauperum
730 690 998 757 subuentionem
1014 687 1168 753 ostiatim
1180 688 1371 767 eleemosy-

144 818 225 866 nam
239 809 360 883 petere
371 817 443 864 non
454 807 672 864 vererentur.
687 799 760 863 Imo
771 815 858 863 vero
871 806 1033 861 caeteras
1042 795 1208 860 mulieres
1220 794 1266 858 ad
1277 793 1370 858 idem

144 925 233 990 opus
248 907 514 972 misericordiae
530 906 815 970 adhortarentur.
832 901 983 968 Difficile
1002 903 1097 968 dictu
1113 911 1246 983 quanta
1261 902 1307 965 sit
1322 899 1371 964 la-

144 1023 202 1080 cta
216 1027 292 1079 tam
306 1015 407 1079 breui
422 1025 579 1096 tempore
595 1013 751 1077 omniurn
765 1011 974 1089 immutatio,
990 1027 1075 1074 nam
1089 1027 1179 1091 quae
1194 1007 1372 1090 quondam

143 1139 294 1204 pompas
306 1132 341 1185 et
352 1121 457 1186 buius
468 1119 605 1185 fallacis
616 1119 738 1184 mundi
747 1119 930 1183 illecebras
938 1118 1188 1198 sequebantur,
1198 1133 1304 1193 nunc,
1317 1114 1372 1178 his

144 1229 307 1294 omnibus
316 1229 697 1310 contemptiqtantum,
714 1245 806 1308 quae
818 1226 864 1290 ad
872 1226 1011 1290 animae
1023 1226 1172 1288 salntem
1184 1223 1369 1305 pertinent,

142 1336 333 1417 diligenter
355 1336 571 1417 perquirunt
597 1335 618 1398 ¹.
645 1333 781 1398 Tantae
807 1341 991 1414 praeterea
1020 1341 1073 1396 est
1098 1329 1373 1395 existimationis

143 1442 182 1508 P.
195 1443 328 1508 Rector
342 1443 505 1508 omnibus
520 1443 667 1522 ciuibus,
683 1451 723 1504 vt
735 1441 780 1504 ad
795 1441 940 1505 illumin
953 1439 1059 1504 rebus
1071 1438 1192 1503 arduis
1203 1447 1372 1518 tanquam

142 1551 190 1614 ad
207 1553 357 1632 asylum,
375 1560 456 1632 post
470 1551 695 1631 imploratam
711 1566 813 1630 opem
828 1547 996 1624 diuinam,
1013 1546 1229 1626 confugiant:
1246 1561 1314 1624 quo
1326 1543 1373 1623 fit

141 1665 183 1721 vt
198 1655 210 1688 ¹
226 1658 436 1738 confratres
452 1675 542 1739 qnos
556 1657 677 1721 dicunt
692 1655 892 1734 charitatis,
910 1655 969 1737 qui
984 1655 1020 1719 id
1035 1655 1153 1718 oneris
1175 1668 1372 1733 assumpse-

140 1773 238 1840 runt,
254 1775 293 1830 vt
308 1781 369 1828 eos
389 1766 627 1844 consolentur,
650 1763 711 1846 qui
731 1763 918 1827 criminum
941 1779 1049 1826 causa
1072 1759 1083 1790 ³
1102 1771 1236 1842 poenas
1257 1760 1369 1825 luunt.

141 1873 235 1938 Cum
248 1873 342 1937 enim
356 1872 499 1955 quidam
512 1890 584 1937 non
598 1872 680 1936 vilis
695 1871 907 1938 conditionis
921 1872 1022 1936 miles
1042 1879 1135 1934 esset
1153 1869 1369 1953 suspenden-

142 1979 226 2058 dnS,
242 1997 391 2061 cumque
404 1997 476 2042 non
490 1989 612 2061 posset
627 1979 673 2043 ad
687 1996 811 2043 veram
824 1978 963 2059 peccati
983 1977 1221 2058 cognitionem
1235 1977 1371 2055 reduci,

142 2087 342 2150 accersitus
363 2097 417 2151 est
441 2087 644 2167 praedictus
671 2084 776 2150 Pater
800 2103 822 2149 a
847 2084 1084 2150 confratribus
1109 2084 1308 2164 charitatis,
1333 2093 1372 2147 vt

141 2203 245 2258 tanta
257 2193 294 2258 in
304 2212 343 2258 re
354 2193 423 2257 illis
434 2202 528 2257 esset
540 2193 754 2258 adiumento.
768 2192 865 2258 Illico
877 2193 983 2257 Pater
994 2211 1036 2257 eo
1049 2209 1086 2254 se
1099 2191 1257 2271 contulit,
1272 2193 1372 2256 cuius

141 2312 295 2382 aspectu
309 2318 381 2365 non
395 2301 623 2365 mediocriter
636 2300 791 2366 refectus
805 2309 858 2365 est
869 2301 980 2379 miles,
994 2308 1029 2363 et
1039 2298 1158 2363 statim
1169 2297 1285 2363 Patris
1298 2316 1373 2363 mo-

142 2407 232 2472 nitis
246 2407 292 2472 ad
306 2408 563 2472 consessionem
579 2407 752 2488 animum,
769 2407 864 2472 etad
884 2408 999 2488 ipsam
1018 2415 1185 2483 mortem,
1206 2424 1373 2488 prepara-

141 2515 208 2579 uit:
225 2515 284 2579 hic
298 2525 423 2596 postea
437 2515 580 2580 Patrem
593 2516 753 2596 supplex,
770 2532 814 2579 ne
830 2531 867 2578 se
882 2514 1107 2596 relinqueret,
1124 2513 1276 2593 rogauit.
1291 2513 1370 2594 Quo

142 2621 187 2686 at
201 2619 215 2654 ⁴
231 2633 270 2686 vt
284 2639 326 2686 ea
340 2633 444 2687 nocte
459 2641 541 2688 cum
555 2641 615 2687 reo
631 2623 801 2687 manserit
815 2622 851 2686 in
868 2639 1024 2701 carcere,
1041 2621 1103 2685 vbi
1123 2621 1282 2686 diuinum
1302 2619 1373 2684 offi-

142 2730 242 2793 cium
258 2746 339 2794 cum
353 2730 499 2811 reliquis
513 2730 758 2794 sacerdotibus
773 2730 954 2808 recitauit,
975 2746 1045 2811 quo
1068 2730 1246 2808 absoluto,
1263 2728 1373 2792 extin-

141 2838 209 2916 gui
224 2837 320 2901 iubet
334 2839 478 2916 lumina,
496 2847 602 2919 atque
617 2854 817 2903 sermonem
835 2836 937 2916 fecit,
954 2855 1023 2917 quo
1045 2836 1293 2901 admirandum
1315 2836 1374 2900 do-

141 2945 298 3010 minicae
323 2945 501 3026 passionis
522 2944 731 3009 beneficium
756 2945 959 3025 explicauit,
986 2953 1021 3008 et
1042 2944 1109 3008 hoc
1132 2943 1274 3024 magnis
1293 2959 1373 3008 cum

141 3053 342 3133 lachrymis
357 3049 370 3084 ⁸
383 3061 419 3117 et
433 3053 575 3118 illorum
589 3051 756 3130 omnium,
774 3052 833 3133 qui
848 3051 1013 3115 aderant:
1029 3052 1123 3115 vnde
1144 3059 1179 3114 et
1194 3051 1269 3131 ipse
1290 3066 1373 3113 reus

140 3177 229 3224 cum
244 3169 376 3240 quanta
391 3178 457 3241 pro
471 3177 510 3224 se
524 3157 635 3240 XpuS.
659 3168 751 3223 esset
771 3175 914 3239 passae,
936 3157 1147 3237 audiuisset,
1168 3147 1240 3220 non
1258 3158 1373 3222 solum

140 3267 224 3330 eins
236 3283 356 3330 amore
368 3275 403 3330 et
414 3266 639 3347 propriorum
651 3266 958 3330 criminumcausa
970 3273 1119 3328 mortem
1131 3281 1243 3345 aequo
1254 3264 1374 3327 animo

137 3373 292 3452 ferebat,
307 3373 372 3438 sed
385 3373 479 3438 illico
494 3391 533 3438 se
547 3373 705 3437 vestibus
719 3373 829 3449 exuit,
853 3381 888 3436 et
908 3371 1058 3452 flagellis
1073 3388 1201 3452 corpus
1216 3369 1373 3451 affligere
1444 3367 1460 3416 ·'

139 3498 216 3544 non
232 3482 406 3545 cessabat:
424 3498 493 3562 quo
508 3482 586 3544 viso
596 3493 611 3560 ,l
626 3481 720 3545 idern
740 3497 863 3544 omnes
881 3478 1051 3543 fecerunt.
1072 3477 1227 3559 Rogauit
1247 3477 1373 3542 deinde

139 3587 248 3651 miles
262 3587 320 3650 ille
334 3587 492 3668 Patrem,
509 3598 547 3651 vt
569 3604 711 3652 sacrum
730 3586 862 3650 Beatae
881 3584 1016 3649 Mariae
1035 3603 1139 3649 mane
1163 3586 1371 3661 celebraret,

140 3693 243 3776 quod
256 3695 308 3758 illi
322 3693 427 3759 Pater
439 3713 511 3760 non
526 3694 726 3775 denegauit.
744 3693 880 3758 Tantus
895 3703 972 3757 erat
986 3709 1102 3769 amor,
1124 3709 1193 3773 quo
1209 3709 1295 3772 erga
1309 3690 1372 3755 Pa·

139 3813 238 3866 trem
250 3801 447 3883 ferebatur,
471 3814 511 3867 vt
531 3802 671 3866 nonnisi
690 3803 748 3866 illo
768 3810 954 3882 praesente
975 3802 1067 3865 mori
1086 3800 1247 3864 voluerit.
1269 3798 1373 3864 Vnde

138 3908 253 3973 Pater
266 3909 374 3990 illum,
391 3910 504 3975 donec
518 3911 680 3992 spiritum
694 3909 880 3986 emisisset,
898 3925 966 3971 non
980 3907 1176 3989 dereliquit;
1193 3908 1287 3988 quod
1300 3925 1372 3971 ma-

138 4021 217 4082 lam
242 4017 285 4082 de
309 4017 411 4083 nobis
430 4019 666 4098 suspicionem
685 4037 705 4080 e
725 4016 844 4108 populi
869 4017 987 4081 animo
1012 4015 1150 4095 eripuit.
1178 4015 1255 4095 Quo
1279 4013 1373 4092 urso,

138 4125 247 4190 multi
257 4126 449 4190 conciones
459 4135 652 4210 coeperunt
662 4125 899 4206 frequentare,
913 4133 948 4187 et
958 4123 1097 4204 piorum
1110 4121 1291 4186 hominnm
1302 4138 1374 4185 non

137 4231 370 4296 mediocriter
383 4243 509 4297 auctus
520 4244 573 4297 est
585 4248 761 4296 numerus.
776 4231 893 4312 Atque
904 4229 1092 4294 vniuersae
1104 4227 1260 4293 ciuitatis
1275 4245 1374 4293 amor

137 4340 177 4403 in
192 4355 262 4403 nos
277 4339 470 4404 admodum
484 4340 608 4404 creuit.

183 4513 194 4546 ¹
224 4509 572 4555 consecranturfflomacus.

184 4583 197 4616 Ι
227 4583 311 4626 etiam
321 4583 385 4637 ipsi.
395 4581 435 4626 In.

181 4658 195 4692 δ
225 4655 579 4710 caprtrsndnldltl’otancun.

187 4731 201 4764 Α
232 4726 444 4780 Ιαείκηικῌο.
577 4778 580 4790 ,

185 4801 199 4838 ⁸
229 4795 551 4846 suisnddidltl’olnncns.'
