3368 5528
345 509 400 570 508
729 510 901 570 errsnna
919 525 1190 580 qunnkllmsmts

405 657 504 721 Haec
519 667 600 721 sunt
616 659 699 735 sere,
716 657 757 722 R.
773 657 824 736 Ρ.,
842 675 932 739 quae
947 657 983 722 in
997 674 1136 724 summa
1151 657 1343 738 contigisse
1354 656 1408 722 his
1425 665 1560 740 quatuor

346 765 476 846 elapsis
491 766 680 844 mensibus
696 765 764 829 Dei
779 766 946 845 bonitate,
963 767 1211 845 comperimus.
1229 765 1282 828 Tu
1298 765 1455 846 (quaeso)
1475 765 1560 827 obse·

345 872 466 953 quium
486 881 646 937 nostrum
668 873 922 955 qualecumque
944 882 977 937 et
997 874 1136 937 labores
1156 881 1297 938 nostros
1316 872 1559 948 boniconsu1e‚

346 996 389 1042 ac
405 976 483 1043 Deo
498 996 564 1043 nos
578 979 707 1059 iugiter
722 980 942 1044 commenda.

406 1085 599 1152 Panhormi
612 1085 660 1149 89
676 1087 813 1152 calend.
830 1087 995 1152 Octobris
1013 1087 1101 1151 1556.

408 1192 461 1258 De
476 1194 643 1258 mandato
658 1192 697 1257 P.
714 1194 812 1258 Pauli
827 1194 1000 1259 Rectoris.

830 1300 870 1364 R.
889 1300 925 1364 P.
944 1302 984 1365 T.
1003 1302 1168 1382 indignus
1183 1302 1218 1365 in
1230 1301 1410 1380 x.⁰·snius,

929 1513 1122 1580 Anuocnus
1138 1515 1311 1582 Coucaus,

408 1837 455 1900 In
471 1844 603 1918 quarta
612 1838 756 1920 pagina
771 1838 855 1900 haec
866 1803 1008 1901 iunium
1023 1837 1211 1917 leguntur:

407 1944 611 2010 Panhormi.
627 1945 647 2010 8
662 1945 806 2010 Calend.
825 1943 990 2010 Octobris
1007 1945 1273 2023 1556.-25(sae·c)
1289 1946 1324 2010 di
1338 1946 1392 2010 7b.

880 2591 1043 2674 DXLV

403 2945 603 3005 Franciscus
617 2944 816 3020 Stephanus,

438 3043 491 3103 Ex
505 3043 748 3104 commissione
761 3044 870 3104 Patris
884 3044 1096 3104 Pantaleonis
1110 3043 1263 3114 Rhodini.

472 3143 565 3202 Patri
577 3143 704 3216 jacobo
719 3142 864 3216 Laynez,
881 3142 1025 3213 Vicario,

510 3241 679 3314 Messana,
692 3241 729 3300 24
740 3240 947 3316 Septembris
961 3242 1030 3302 1556
1045 3241 1065 3300 ¹.

949 3453 971 3526 i

410 3667 460 3731 La
477 3667 594 3746 gratia
612 3676 644 3730 et
660 3683 748 3746 pace
763 3675 830 3730 etc.

409 3775 642 3855 Quantonche
659 3775 682 3838 il
696 3773 807 3838 irutto
822 3774 1004 3854 spirituale
1017 3774 1346 3852 losseruandissimo
1359 3775 1395 3837 in
1407 3773 1499 3855 Xpo.
1511 3771 1568 3836 Pa·

348 3883 422 3961 dre)
449 3884 530 3963 qual
545 3880 556 3911 ¹
572 3889 696 3963 questa
712 3883 798 3944 citta
817 3881 853 3944 di
872 3879 1025 3944 Messian
1046 3880 1081 3944 in
1101 3883 1215 3961 questi
1235 3890 1376 3962 quattro
1398 3881 1486 3947 mesi
1505 3881 1566 3944 ella

346 3990 391 4054 ha
407 3991 552 4068 sentito,
570 3991 622 4052 sia
637 3989 670 4052 d’
689 3987 806 4052 alcun’
820 3996 1009 4066 moment0‚
1026 4005 1096 4051 non
1112 3988 1264 4068 dimen0,
1282 3989 1352 4070 egli
1375 4006 1445 4053 non
1465 3994 1483 4052 e
1505 3986 1567 4051 tale

346 4097 411 4161 che
427 4097 523 4178 possi
539 4096 645 4160 esser'
661 4096 868 4176 equiparato
884 4113 904 4157 a
920 4097 1036 4176 quegli
1053 4094 1117 4158 che
1133 4095 1169 4158 in
1184 4095 1282 4158 uarie
1296 4096 1390 4178 parti
1402 4113 1469 4160 con
1483 4109 1567 4158 som·

347 4221 404 4268 ma
420 4205 611 4284 diligenza‚
628 4221 689 4283 per
704 4205 736 4266 le
750 4203 924 4284 frequenti
939 4205 1061 4267 lettere
1082 4221 1103 4266 a
1119 4202 1177 4266 noi
1198 4201 1363 4267 mandate
1385 4201 1565 4281 manifesti,

388 4411 395 4442 ¹
425 4410 595 4466 Archetypae
607 4409 701 4463 duplici
713 4409 782 4458 lolio.
793 4409 874 4463 primo
887 4421 910 4452 n.
922 4407 967 4460 152.
978 4410 1062 4452 altero
1073 4419 1123 4452 non
1134 4407 1334 4454 numerato.-ln
1346 4409 1377 4453 iis
1392 4415 1506 4453 extrema
1516 4413 1566 4450 tun·

347 4491 400 4526 rum
412 4483 501 4534 verba,
513 4481 592 4524 Delia
605 4481 636 4524 R.
648 4481 676 4524 P.
694 4479 760 4524 Vm...
773 4480 897 4532 Srernxo,
906 4485 963 4524 sunt
976 4491 1051 4524 manu
1060 4480 1140 4536 ipsius
1151 4479 1510 4535 Stephani—Tertiusoutem
1520 4479 1567 4532 qui·

347 4555 414 4600 dnm.
425 4554 471 4596 sed
482 4554 612 4608 antiquus,
623 4553 750 4608 quaedam
763 4555 843 4596 uerba
854 4553 958 4596 sustulit
969 4551 1132 4606 ecquaenam
1143 4552 1266 4596 mutavit.

386 4624 397 4656 ²
425 4625 529 4669 Tertius
540 4625 570 4676 is,
581 4625 611 4668 de
624 4635 672 4680 quo
682 4626 706 4668 in
717 4624 884 4668 annotatione
900 4623 1074 4677 praecedenti.
1090 4625 1166 4678 larga
1182 4634 1323 4678 crassaque
1338 4624 1491 4680 superducta
1506 4622 1567 4666 linea

347 4697 473 4751 quaedam
484 4697 525 4740 hic
537 4697 617 4739 verba
630 4695 735 4748 delevit,
746 4705 853 4756 qnorum
864 4695 951 4750 aliqua
962 4695 1046 4746 adhuc
1056 4694 1107 4752 legi
1118 4701 1233 4752 possunt,
1244 4695 1300 4745 scil.
1304 4725 1362 4749 .......
1375 4696 1429 4746 nlla
1439 4694 1565 4752 (litigem

347 4767 391 4823 dei
400 4771 486 4818 nostri
494 4768 585 4831 padri,
