3410 5528
353 567 409 649 366
739 587 912 650 errsaau
930 589 1202 660 Quanamssraas

354 737 472 817 plures
486 736 637 816 futuros,
655 737 818 817 quamuis
833 737 991 819 plerique
1005 737 1190 801 conatibus
1201 736 1332 800 nostris
1344 736 1515 800 obsistere
1525 751 1576 799 co·

353 851 492 922 nentur,
522 859 618 907 nunc
647 843 850 908 obsistendo
881 842 906 924 ¹,
937 860 1030 908 nunc
1065 842 1301 922 detrahendo,
1331 859 1425 907 nunc
1454 841 1577 923 aliquid

354 949 576 1014 oblectando:
592 967 745 1044 quorum
759 960 879 1015 tamen
893 961 1043 1015 conatus
1064 951 1224 1032 reprimit
1237 950 1338 1014 Deus
1351 950 1534 1014 maximus
1546 959 1577 1013 et

353 1055 545 1136 confringit
571 1058 699 1122 mirum
722 1059 759 1122 in
785 1057 940 1123 modum.
967 1058 1066 1122 Haec
1090 1059 1128 1122 in
1149 1058 1354 1122 uniuersum
1378 1058 1428 1121 ita
1452 1057 1577 1137 scripta

353 1165 434 1228 sint.
881 1212 886 1220 .

416 1271 601 1353 Reliquum
624 1282 678 1337 cst
705 1282 743 1337 ut
767 1273 978 1353 cardinalis,
1004 1273 1272 1354 Gubernatoris,
1298 1271 1452 1352 Vicarii,
1475 1271 1576 1352 magi·

353 1387 486 1443 stratus
501 1379 609 1444 totius
624 1379 790 1461 ciuitatis,
808 1388 842 1445 et
856 1383 1048 1446 multorum
1060 1381 1189 1445 ciuium
1201 1397 1288 1462 erga
1300 1397 1364 1444 uos
1376 1381 1576 1444 beneuolen·

352 1486 437 1550 tiam
463 1495 498 1550 et
521 1504 678 1551 amorem
698 1489 939 1568 perstringam
958 1505 1029 1553 uno
1049 1488 1171 1552 uerbo.
1196 1487 1275 1568 Qui,
1300 1488 1390 1552 bene
1409 1503 1496 1568 erga
1516 1501 1577 1550 nos

352 1593 482 1672 affecti,
499 1605 533 1658 et
549 1604 712 1660 nostrum
727 1595 936 1676 praedicant
950 1602 984 1660 et
999 1595 1142 1660 uiuendi
1156 1604 1191 1658 et
1206 1593 1356 1659 docendi
1370 1594 1575 1668 institutum,

353 1705 387 1762 et
405 1700 517 1764 sicubi
539 1711 706 1781 possunt,
727 1703 832 1766 rebus
854 1702 987 1766 nostris
1012 1712 1118 1784 atque
1137 1701 1334 1766 commodis
1353 1701 1462 1766 etiam
1479 1709 1579 1782 atque

353 1807 461 1871 etiam
477 1808 684 1872 inseruiunt.

413 1913 518 1976 Nunc
543 1913 554 1946 ¹
580 1915 665 1979 illud
690 1917 777 1981 mihi
802 1915 1029 1982 scribendum
1056 1915 1232 1980 occurrit:
1253 1925 1326 1980 tres
1344 1915 1580 1996 spiritualibus

352 2023 531 2087 exercitiis
557 2024 631 2088 dies
655 2023 789 2104 aliquot
813 2025 1026 2103 incubuisse,
1054 2039 1203 2104 quorum
1230 2039 1321 2088 unus
1348 2031 1403 2086 est
1424 2031 1580 2088 nostram

352 2129 496 2194 uiuendi
510 2132 684 2194 rationem
700 2141 881 2213 sequutus,
898 2131 1002 2194 cuius
1017 2131 1190 2212 superius
1208 2130 1361 2194 memini.

412 2237 498 2301 Mibi
514 2239 616 2319 plura
631 2255 738 2319 quarn
753 2239 922 2318 putabam
937 2238 1060 2302 uideor
1074 2239 1271 2320 scripsisse.
1290 2236 1383 2302 Vale
1397 2237 1580 2302 interimet

353 2361 419 2407 nos
432 2343 496 2407 tibi
511 2343 777 2408 commendatos
792 2347 896 2410 uelim
912 2363 989 2408 esse
1005 2345 1256 2426 maximopere.
1272 2344 1374 2410 Vale.

414 2450 497 2515 Post
507 2451 573 2517 has
581 2453 703 2516 literas
713 2453 876 2533 scriptas,
886 2451 928 2516 20
937 2451 1112 2516 foeminae
1123 2452 1294 2532 uirgines,
1308 2467 1458 2534 quarum
1470 2453 1582 2517 maior
1613 2499 1619 2512 .

354 2577 437 2640 pars
453 2560 584 2624 nostris
599 2559 834 2624 confitebatur
848 2569 882 2624 et
898 2560 942 2623 ab
957 2561 1009 2624 eis
1024 2560 1059 2622 in
1074 2559 1180 2623 rebus
1200 2560 1444 2640 spiritualibus
1462 2558 1581 2626 'insti-

354 2667 533 2746 tuebatur,
559 2684 653 2730 nouo
678 2667 818 2730 cuidam
839 2666 1029 2746 coenobio,
1052 2683 1182 2746 magua
1203 2683 1282 2730 curn
1303 2667 1409 2731 totius
1430 2667 1582 2732 ciuitatis

352 2775 567 2853 celebritate,
584 2773 755 2839 dederunt
771 2774 919 2838 initium.
937 2773 1039 2854 Quod
1054 2783 1087 2838 te
1102 2775 1213 2838 latere
1228 2775 1324 2838 nullo
1344 2783 1451 2855 pacto
1474 2775 1580 2840 uolui.

413 2880 528 2946 Datne
551 2881 699 2961 Perusii,
726 2880 791 2945 VII
817 2880 900 2946 idus
927 2880 1023 2964 Junii
1049 2899 1142 2946 anno
1168 2899 1189 2944 a
1218 2879 1413 2946 Natiuitate
1442 2881 1583 2946 Domini

357 2989 445 3054 1556.

414 3097 455 3161 T.
471 3097 510 3161 P.
527 3113 653 3161 seruus
667 3097 845 3178 indignus,

912 3309 966 3393 Jo.
983 3309 1163 3375 Auromus
1175 3309 1420 3393 Virisaauusl

415 3634 682 3716 Superscrrptio
703 3635 741 3698 in
764 3642 897 3716 quarta
908 3637 1066 3716 pagina:
1081 3635 1304 3710 †Plurimum
1320 3633 1397 3699 R.‘¹⁰
1417 3635 1451 3698 iu
1466 3633 1532 3697 X.⁰
1546 3633 1582 3698 P.

353 3742 492 3824 ignatio
509 3763 528 3806 a
544 3743 682 3824 Loyola
697 3743 904 3824 Praeposito
920 3740 1107 3808 uniuersae
1123 3741 1309 3807 Societatis
1323 3741 1418 3825 jesu,
1436 3739 1582 3804 Romae.

418 3849 501 3912 ,lira
518 3867 642 3914 manu:
659 3851 746 3914 1550.
763 3849 926 3930 Perugia.
942 3849 1229 3930 Quadrimestres
1242 3847 1261 3911 7
1274 3847 1380 3931 Junii.

415 3957 464 4021 Et
480 3957 568 4021 alia:
583 3957 729 4022 Emead.

401 4153 404 4159 Ι
428 4065 627 4145 Vestigium
643 4081 743 4128 cerae
757 4064 886 4145 sigilli.

396 4270 405 4303 ¹
434 4271 613 4315 obtrectando.
625 4269 766 4315 Pouarcus.

394 4342 406 4375 ¹
439 4341 595 4388 Vltimaio.

394 4415 406 4448 ³
434 4415 467 4459 ab
479 4417 519 4459 ais
532 4416 561 4458 r'n
573 4415 653 4459 rebus
663 4415 857 4471 spiritualibus
868 4415 967 4461 addidit
978 4415 1113 4460 Polancus.
