3504 5532
773 551 944 620 erruaaa
962 567 1251 627 ounnarussrass.

601 915 814 963 Praecedentlum
824 903 913 970 Jac'obl
924 918 1029 964 Puella·
1038 917 1186 963 litterarum
1197 916 1281 962 latina
1291 917 1380 962 versio
1392 916 1409 962 Ι.

972 1107 1048 1227 uis

453 1349 661 1416 Reuerendo
682 1349 717 1413 in
737 1348 879 1417 Christo
899 1347 995 1414 Patri
1017 1349 1156 1430 ignatio
1182 1350 1327 1415 Loiolae
1350 1351 1503 1434 Jacobus
1522 1349 1625 1415 Puel-

394 1459 462 1523 lius
477 1455 514 1521 S.
531 1456 569 1521 P.
586 1457 631 1521 D.

454 1565 579 1630 Gratia
593 1574 628 1628 et
643 1583 715 1646 pax
730 1566 863 1630 Christi
877 1565 921 1630 sit
935 1573 1066 1644 tecum,
1080 1575 1115 1629 et
1129 1581 1210 1630 cum
1225 1563 1398 1629 omnibus.
1417 1564 1546 1628 Amen.

453 1672 530 1736 Hac
545 1672 695 1754 epistola
706 1671 968 1753 quadrimestri,
982 1672 1170 1737 admodum
1178 1671 1385 1736 Reuerende
1396 1670 1513 1752 Pater,
1528 1689 1624 1754 quae

392 1779 563 1846 bareficio
578 1777 646 1844 Dei
661 1795 724 1861 per
740 1790 859 1861 patres
879 1797 922 1843 ac
936 1779 1065 1844 fratres
1090 1779 1195 1843 huius
1218 1779 1331 1842 nostri
1355 1778 1504 1858 collegii
1526 1777 1623 1844 Gan·

395 1887 528 1950 diensis
539 1887 646 1967 digna
661 1887 753 1952 scitu
768 1896 849 1951 acta
865 1897 959 1966 sunt,
974 1886 1098 1968 paucis
1113 1885 1158 1950 ad
1173 1895 1208 1950 te
1219 1885 1384 1950 scribam.
1398 1884 1527 1966 Atque,
1543 1895 1622 1950 vta

396 1993 642 2058 communibus
655 1993 792 2058 initium
820 1993 962 2072 inciam,
985 1994 1075 2057 scito
1095 1992 1151 2057 hic
1166 1992 1233 2057 hac
1251 1993 1413 2075 proxime
1428 1993 1624 2073 praeterita

392 2099 676 2182 quadragesima,
693 2109 884 2182 praecepto
899 2098 1016 2164 Patris
1030 2099 1227 2179 Francisci,
1243 2097 1386 2164 Patrem
1401 2097 1624 2164 Gouiemum

392 2207 641 2271 concionatum
661 2205 771 2271 luisse
789 2205 976 2271 dominicis
999 2205 1168 2289 festisque
1193 2206 1316 2270 diebus
1336 2207 1372 2270 in
1396 2207 1526 2286 templo
1546 2221 1623 2270 ma-

315 2359 317 2364 ·
390 2313 498 2392 ximo,
512 2314 591 2378 aliis
605 2331 692 2379 vero
706 2313 829 2378 diebus
843 2315 880 2377 in
894 2313 1064 2378 coenobio
1079 2313 1311 2394 quarumdam
1332 2313 1520 2377 vestalium
1541 2314 1623 2377 reli·

390 2421 683 2500 giosissimarum.
700 2421 831 2486 Habuit
845 2431 1016 2503 perpetuo
1026 2420 1228 2501 frequentes
1240 2420 1430 2497 auditores
1444 2419 1573 2501 quibus
1586 2435 1625 2485 et

391 2545 454 2592 suo
466 2545 628 2592 sermone
643 2538 747 2608 atque
762 2528 960 2592 eruditione
974 2544 1112 2609 semper
1132 2544 1239 2609 quam
1257 2527 1483 2608 gratissimus
1502 2527 1569 2591 luit
1584 2539 1625 2591 et

390 2635 608 2699 utilissimus.
623 2633 688 2699 Cui
700 2651 822 2700 omnes
834 2650 946 2716 usque
959 2634 1047 2699 adeo
1059 2635 1190 2698 addicti
1203 2644 1315 2713 erant,
1331 2643 1369 2697 vt
1382 2650 1462 2698 cum
1475 2633 1622 2715 quidam

389 2742 574 2822 theologus
600 2743 749 2808 eximius
773 2743 843 2807 huc
868 2743 1025 2806 venisset
1048 2742 1296 2806 concionatum
1318 2739 1361 2804 de
1386 2740 1623 2821 diplomatum

390 2842 541 2914 v'tilitate
561 2850 809 2930 pertriduum,
837 2867 907 2931 quo
928 2848 1066 2925 Pascha
1092 2848 1301 2924 celebratur,
1328 2849 1447 2914 statim
1466 2849 1621 2930 aprima

389 2958 558 3022 concione
573 2967 720 3037 rogatus
734 2967 787 3021 est
811 2957 957 3021 summis
982 2956 1146 3038 precibus
1169 2973 1190 3018 a
1213 2955 1418 3019 consulibus
1441 2966 1476 3019 et
1498 2957 1624 3020 multis

389 3063 479 3143 aliis,
496 3073 546 3144 vt,
562 3064 594 3127 si
617 3062 692 3127 fieri
716 3073 846 3144 posset,
873 3063 1131 3142 supersederet,
1158 3072 1192 3126 et
1218 3062 1318 3125 daret
1338 3063 1455 3127 locum
1475 3063 1622 3139 concio-

388 3171 497 3235 nandi
512 3171 657 3251 reliquis
672 3170 808 3234 duobus
823 3170 947 3235 diebus
961 3179 1083 3233 nostro
1099 3167 1208 3234 Patri.

447 3277 514 3342 Die
529 3278 695 3342 mercurii
709 3276 951 3342 hebdomadae
966 3290 1111 3341 sanctae
1125 3278 1358 3342 concionatus
1381 3286 1434 3342 est
1457 3281 1622 3344 meretri-

388 3385 498 3464 cibus,
511 3402 661 3466 quarum
676 3385 814 3450 animos
828 3386 877 3449 ita
897 3385 1101 3464 commouit,
1128 3394 1167 3448 vt
1181 3403 1226 3448 ex
1240 3384 1353 3449 tribus
1378 3384 1469 3450 duae
1491 3385 1623 3452 eodem

388 3504 546 3574 tempore
570 3493 681 3556 vitam
707 3503 929 3571 praesentem
954 3492 1164 3572 relinquere,
1194 3493 1230 3556 in
1249 3492 1357 3556 alium
1377 3502 1509 3557 statum
1530 3496 1623 3575 opti-

387 3617 484 3665 mum
499 3609 771 3678 commutantes,
795 3599 1035 3663 decernerent.
1062 3597 1182 3662 Tertia
1207 3608 1337 3679 autem,
1365 3617 1456 3680 quae
1480 3600 1622 3682 reliqua

387 3707 516 3786 luerat,
533 3723 613 3788 cum
629 3705 770 3769 Patrem
786 3715 948 3770 nostrum
963 3705 1019 3769 die
1033 3706 1174 3769 veneris
1189 3705 1352 3786 proximo
1378 3705 1421 3770 de
1446 3705 1624 3773 Passione

387 3813 522 3880 Christi
538 3823 704 3893 agentem
716 3813 864 3893 audiret,
881 3813 1028 3892 eiulans,
1045 3813 1183 3876 cunctis
1197 3815 1450 3894 spectantibus,
1463 3815 1509 3878 ad
1522 3831 1624 3880 eum·

388 3922 467 3985 dem
484 3921 647 4000 accessit,
664 3919 805 3983 veniam
821 3937 842 3982 a
857 3918 934 3984 Deo
950 3935 1096 3983 suorum
1121 3930 1349 4000 peccatorum
1373 3931 1508 4003 petens,
1525 3939 1623 4004 quae

387 4027 554 4108 perendie
568 4027 687 4107 nupsit
702 4025 843 4091 cuidam
862 4027 981 4090 iuueni
1005 4026 1202 4106 gandiensi,
1229 4027 1382 4108 optimis,
1406 4029 1529 4110 eisque
1543 4047 1623 4096 non

387 4135 546 4213 abiectis,
561 4131 767 4214 parentibus
782 4143 878 4197 nato.
902 4132 1008 4197 Pater
1032 4133 1168 4197 Doctor
1191 4133 1387 4199 Rodericus
1412 4134 1535 4200 diebus
1555 4138 1624 4202 do-

387 4241 525 4305 minicis
540 4240 683 4304 etiestis
708 4239 865 4304 eiusdem
880 4240 1175 4322 quadragesimae
1200 4241 1431 4306 concionatus
1452 4251 1506 4307 est
1521 4247 1625 4325 apud

386 4347 502 4413 Diuae
517 4347 655 4426 Clarae,
669 4348 757 4411 hora
772 4347 928 4412 secunda
949 4363 970 4410 a
995 4347 1152 4426 meridie,
1178 4347 1353 4429 frequenti
1376 4349 1565 4415 auditorio:
1583 4365 1625 4420 et

387 4455 510 4519 diebus
523 4454 690 4519 mercurii
704 4455 740 4517 in
753 4464 876 4519 nostro
891 4457 1031 4534 templo,
1052 4454 1098 4518 ad
1123 4454 1217 4535 quod
1242 4471 1394 4536 magnus
1419 4474 1625 4526 concursus

387 4580 467 4627 eum
482 4561 646 4627 audiendi
660 4579 770 4627 causa
781 4561 896 4626 liebat.
917 4561 1092 4644 Coeperat
1110 4572 1296 4643 praeterea
1317 4563 1410 4628 idem
1431 4577 1625 4646 praestare

429 4804 437 4840 ¹
466 4801 653 4864 chrirographa
664 4801 758 4858 duplici
769 4801 839 4855 lolio,
850 4801 932 4858 primo
943 4814 966 4846 n.
975 4801 1023 4857 ⁴⁶1,
1034 4801 1119 4845 altero
1129 4813 1179 4846 non
1189 4808 1333 4848 numerato.
