3510 5526
491 519 661 578 Appenni
681 533 718 576 m
733 531 820 576 rouo
840 528 958 576 narro
1279 513 1336 574 tlt

165 663 358 747 Postquam
392 666 461 730 huc
493 667 671 744 venimus,
701 665 862 745 sequenti
894 663 950 728 die
984 665 1103 727 statim
1131 679 1331 727 sermonum

112 773 146 836 P.
170 771 178 805 ¹
200 773 323 836 habuit
335 773 380 836 ad
394 773 484 852 illos
502 773 547 836 ad
562 790 666 854 quem
680 787 832 851 magnus
845 785 1041 834 concursus
1053 779 1109 834 est
1118 770 1245 848 lactus,
1258 779 1332 833 tan

111 894 214 960 quam
228 878 274 942 ad
293 895 369 943 rem
388 880 536 943 multum
556 877 684 960 diuque
703 877 951 942 desideratam.
972 877 1065 941 Item·
1079 877 1136 942 die
1155 876 1332 940 dominica

113 988 268 1067 sequenti
282 986 319 1049 in
330 987 459 1067 templo
470 1003 607 1049 summo
619 986 851 1048 concionatus
862 995 915 1048 est
927 999 1065 1048 summa
1076 983 1334 1066 approbatione

113 1093 356 1173 hilaritateque
370 1093 501 1173 populi,
516 1093 586 1174 qui,
604 1111 623 1156 e
637 1093 767 1172 templo
783 1092 915 1169 exiens
930 1109 1060 1171 magno
1068 1083 1243 1172 ¹applausu
1255 1089 1344 1154 Deo

113 1201 248 1278 gratias
262 1200 403 1279 agebat,
420 1201 480 1281 qui
494 1217 533 1264 se
547 1200 674 1263 iterum
695 1199 847 1262 voluerit
866 1209 940 1262 tarn
959 1207 1083 1262 sancta
1099 1214 1142 1262 ac
1160 1199 1254 1262 bona
1275 1198 1333 1261 do·

114 1307 225 1370 ctrina
244 1307 432 1370 consolari.
455 1306 544 1370 Toto
566 1307 635 1370 hoc
654 1315 813 1387 tempore
834 1323 945 1386 usque
966 1305 1012 1368 ad
1036 1305 1164 1368 festum
1188 1303 1334 1367 Assum

114 1413 240 1492 ptiouis
268 1413 444 1477 Dominae
471 1423 615 1476 nostrae
642 1414 843 1492 frequentes
871 1412 1057 1475 habuimus
1080 1410 1334 1486 consessiones

115 1519 320 1597 praesertim
339 1520 452 1599 pridie
470 1520 575 1583 huius
594 1519 690 1598 lesti,
713 1536 783 1598 quo
802 1519 858 1582 die
877 1519 923 1581 ad
939 1535 1071 1581 nonam
1090 1535 1202 1598 usque
1222 1517 1338 1580 noctis

115 1627 237 1689 horam
257 1626 294 1688 in
318 1628 448 1706 templo
470 1627 742 1707 permansimus
770 1643 813 1689 ne
839 1611 1096 1688 multitudinem
1121 1625 1241 1704 populi
1266 1641 1338 1688 ma·

114 1749 204 1810 gnus
218 1733 456 1812 indulgentias
466 1742 739 1797 consecuturam
752 1732 855 1813 (quae
866 1743 950 1795 tunc
962 1732 1259 1810 concedebantur)
1271 1729 1338 1794 dis-

118 1856 217 1902 cessu
232 1849 354 1903 nostro
370 1840 625 1918 desolaremur;
650 1857 756 1920 quam
777 1840 884 1903 etiam
905 1839 950 1902 ob
971 1857 1130 1917 causam,
1151 1848 1339 1920 postquam

117 1947 260 2009 domum
275 1945 479 2024 rediuimuS,
496 1948 650 2009 duorum
665 1947 848 2008 homiuum
867 1945 1132 2010 ’consessiones
1147 1945 1284 2024 audiui,
1300 1961 1341 2008 ac

119 2059 209 2115 certe
220 2051 384 2132 plurium
395 2053 629 2128 audiut'ssem,
644 2053 718 2115 nisi
729 2054 845 2115 adhuc
859 2071 907 2114 ex
916 2054 1083 2132 precibus
1101 2053 1262 2115 horariis
1282 2069 1341 2114 no·

119 2177 184 2220 nae
212 2167 245 2224 at
274 2159 476 2238 vespertini
504 2160 677 2240 temporis
709 2159 869 2239 officium
905 2165 1109 2238 superesset
1144 2159 1233 2221 mihi
1259 2159 1342 2221 reci·

119 2267 280 2328 tandum.

178 2373 309 2436 luimus
324 2385 509 2453 praeterea
524 2375 560 2438 in
575 2374 694 2438 ludum
708 2375 959 2453 grammatices
972 2375 1203 2438 scholasticos
1215 2375 1343 2437 allocu-

120 2490 205 2558 tum,
222 2490 261 2543 vt
277 2480 322 2543 ad
337 2480 594 2544 confessionem
607 2480 807 2544 faciendam
823 2481 889 2543 hoc
905 2480 994 2542 festo
1010 2481 1184 2542 Dominae
1198 2487 1345 2544 nostrae

120 2603 158 2647 se
183 2597 364 2668 pararent,
387 2588 514 2666 quibus
537 2589 650 2651 suasit
675 2587 779 2650 Pater
799 2605 867 2650 non
888 2589 1002 2649 solum
1026 2598 1064 2651 vt
1085 2589 1153 2650 hoc
1174 2597 1343 2668 tempore,

120 2693 183 2756 sed
195 2701 235 2756 vt
249 2693 342 2756 idem
357 2695 462 2757 etiam
478 2695 628 2774 singulis
639 2695 817 2758 mensibus
829 2693 947 2756 lacere
959 2705 1242 2770 consuescerent,
1255 2694 1347 2757 sicut

122 2799 233 2863 moris
247 2809 299 2862 est
314 2801 350 2862 in
370 2801 501 2864 nostris
516 2801 663 2880 scholis;
686 2811 870 2880 acceptum
889 2801 923 2862 id
943 2811 1154 2881 gratumque
1173 2801 1346 2879 omnibuS,

120 2917 196 2968 tam
211 2908 444 2986 praeceptori,
463 2926 568 2988 quam
591 2908 772 2987 discipulis
792 2907 873 2984 fuit,
895 2918 934 2970 vt
952 2907 988 2970 in
1008 2907 1075 2969 hoc
1096 2907 1185 2970 festo
1208 2907 1347 2971 confite-

123 3025 258 3076 rentur.
274 3014 407 3077 Eorum
422 3016 540 3095 itaque
555 3017 796 3079 confessiones
811 3016 939 3094 partim
960 3033 1044 3092 nOS,
1062 3017 1190 3095 partim
1211 3016 1270 3077 alii
1290 3031 1348 3078 au·

120 3117 258 3199 diuere3
275 3131 309 3182 et
324 3137 410 3184 sane
426 3122 578 3202 quidem,
595 3123 626 3185 si
641 3122 781 3184 adesset
796 3123 855 3201 qui
871 3137 931 3183 eos
946 3121 1151 3186 admoneret
1171 3135 1205 3184 et
1220 3123 1266 3185 ad
1281 3123 1348 3185 vir·

122 3236 241 3290 tutum
256 3227 372 3291 studia
388 3229 562 3306 incitaret,
581 3245 650 3290 non
666 3229 785 3291 dubito
800 3229 885 3306 quin
900 3230 1046 3290 multum
1062 3229 1097 3290 in
1120 3228 1252 3292 eisdem
1272 3245 1350 3308 pro·

122 3334 333 3398 mouissent.
806 3340 808 3346 ’

183 3440 273 3503 Item
288 3441 356 3503 hoc
371 3423 460 3504 festo
475 3441 738 3521 Assumptionis
757 3443 931 3504 Dominae
951 3449 1113 3520 nostrae,
1129 3447 1274 3504 sanctae
1289 3440 1351 3504 Mi·

123 3547 344 3610 scricordiae
358 3549 511 3611 societas
526 3565 605 3612 cum
621 3549 698 3612 aliis
713 3545 887 3629 plerisque
906 3549 1167 3612 sanctissimam
1185 3549 1353 3612 Euchari-

122 3654 234 3717 stiam
250 3654 286 3715 in
302 3671 438 3717 summo
463 3658 593 3735 templo
619 3667 843 3735 acceperunt,
860 3667 897 3718 ut
917 3656 1006 3719 alios
1025 3657 1185 3720 omittam
1204 3656 1355 3735 permul-

125 3775 196 3838 toS,
216 3761 276 3840 qui
291 3760 383 3824 idern
398 3762 513 3840 ipsum
528 3763 565 3824 in
579 3779 643 3824 sua
659 3761 806 3841 quisque
820 3761 832 3792 ³
847 3763 1011 3842 paroecia
1029 3765 1084 3842 pie
1103 3763 1149 3825 ad
1167 3763 1295 3826 deuote
1309 3761 1356 3825 fe·

124 3876 268 3931 cerunt.
285 3865 432 3948 Insuper
447 3867 524 3946 (Dei
539 3869 708 3948 bonitate)
723 3870 757 3932 in
774 3869 841 3932 hac
857 3871 942 3932 vrbe
954 3871 1050 3950 pium
1062 3869 1240 3951 quoddam
1255 3887 1355 3951 opuS,

125 3973 326 4054 sepeliendi
344 3973 509 4039 videlicet
529 3986 702 4051 mortuos
723 3959 979 4040 incrementum
1001 3977 1105 4057 cepit;
1128 3993 1210 4040 nam
1231 3977 1292 4040 vbi
1314 3976 1359 4040 ad

124 4083 199 4144 hoc
216 4081 386 4160 temporis
402 4082 463 4144 vix
478 4081 603 4145 adesse
618 4093 792 4162 poterant,
811 4084 871 4164 qui
885 4085 1054 4164 lugubres
1075 4093 1192 4148 vestes
1212 4091 1361 4148 sauctae

123 4186 399 4250 Misericordiae
415 4187 615 4267 induerent,
633 4189 788 4270 pheretri
803 4189 982 4254 baiulandi
1000 4191 1129 4270 gratia,
1146 4208 1240 4254 nunc
1262 4199 1362 4256 tanta

121 4305 179 4356 cst
196 4309 334 4368 eorum,
352 4296 410 4373 qui
425 4295 491 4358 hoc
506 4314 632 4359 munus
648 4298 774 4378 exequi
789 4297 1072 4392 libenterqvelint,
1090 4298 1305 4378 frequentia,
1323 4308 1363 4362 vt

172 4607 179 4636 ³
213 4605 327 4649 Inseruit
338 4607 380 4649 hic
393 4607 518 4653 Polancus
530 4622 577 4654 voc
595 4623 619 4654 m
631 4611 793 4654 Emmanuel
803 4610 982 4664 (Fernundez).

170 4681 182 4708 ε
214 4678 660 4728 Quorumdamotiamfflotiucus.
1041 4678 1046 4688 '

171 4751 184 4782 ὃ
218 4749 295 4792 l’rlus
305 4751 429 4804 scriptum
441 4759 499 4797 erat
510 4764 682 4808 quorumque.

298 4837 335 4898 T.
353 4859 396 4898 iv.
