3410 5528
361 525 416 585 att
745 523 918 589 Lmrsasu
935 543 1207 598 Quanamnsrnss

362 673 499 754 integre
518 673 776 743 confessionem
797 679 893 742 fecit.
909 677 1116 742 Nonnullae
1130 677 1354 742 concubinae
1374 675 1583 742 clericorum

362 781 448 847 mibi
462 783 663 864 confessae,
680 784 793 849 vitam
806 785 974 848 infamem
987 785 1023 849 in
1038 785 1213 850 castitatis
1222 784 1377 850 studium
1394 794 1584 850 commuta·

362 899 456 954 runt.
472 888 552 955 Non
571 894 675 971 pauci
692 891 876 973 utriusque
895 909 1017 968 sexus,
1033 893 1237 957 enormibus
1253 893 1460 958 criminibus
1479 892 1584 956 obno-

361 998 431 1078 xii,
447 997 612 1063 horridas
626 1000 750 1064 sordes
765 1001 911 1078 animis,
927 999 1160 1064 confessionis
1174 1000 1334 1066 antidoto
1349 1017 1371 1064 a
1385 1017 1443 1065 me
1457 1000 1583 1065 submi·

362 1105 530 1186 nistrat0‚
546 1107 769 1186 expulerunt.
782 1105 816 1170 A
830 1107 1003 1170 confessis
1022 1107 1264 1172 restitutiones
1277 1107 1371 1172 baud
1392 1107 1482 1171 leuis
1499 1124 1584 1188 pon·

362 1212 457 1277 deris
472 1223 506 1278 et
520 1212 637 1278 factae
651 1223 733 1279 sunt
748 1223 782 1278 et
796 1213 894 1279 fiunt.
910 1214 1015 1278 Certe
1030 1231 1124 1278 noua
1138 1231 1258 1278 rerum
1273 1214 1384 1279 facies
1406 1215 1443 1278 in
1463 1215 1585 1280 multo·

362 1337 441 1384 rum
453 1319 595 1385 familiis
613 1322 811 1402 euangelici
826 1322 1012 1386 ministerii
1037 1322 1220 1402 energiam
1235 1303 1583 1403 arguit'Aegrotan·

361 1427 450 1492 tium
461 1427 577 1510 aedeS,
591 1428 798 1493 consolandi
812 1446 911 1510 ergo,
925 1429 1122 1510 frequento.
1138 1429 1363 1512 Lacbrymae
1377 1439 1413 1494 et
1431 1430 1585 1511 suspiria

361 1536 397 1600 in
413 1535 694 1600 confessionibus
708 1544 742 1601 et
757 1537 988 1601 concionibus
1001 1542 1089 1600 sunt
1095 1535 1417 1618 frequentissima:
1433 1536 1583 1616 iurandi,

342 1697 345 1704 r
362 1643 543 1724 iurgandi,
557 1640 742 1726 Deumque
754 1644 790 1708 id
803 1661 917 1724 genus
930 1643 1027 1708 vitiis
1042 1643 1253 1724 offendendi,
1266 1661 1384 1710 mores
1394 1646 1586 1726 corruptis·

362 1751 457 1828 simi,
472 1751 668 1816 abolentur:
680 1751 760 1831 piae
771 1751 1043 1816 consuetudines
1055 1751 1187 1816 sensim
1199 1751 1424 1831 inuehuntur,
1437 1752 1585 1816 dissidia

361 1856 583 1937 dirimuntur,
606 1874 713 1938 paces
737 1857 983 1922 conciliantur.
996 1857 1208 1922 Benedictus
1219 1857 1317 1924 Deus
1327 1875 1392 1940 pro
1403 1859 1585 1924 immensis

362 1982 404 2029 ac
416 1965 609 2028 innumeris
624 1964 804 2030 beneficiis
818 1965 903 2029 suis

426 2071 676 2152 Collegrulium
698 2073 890 2138 aduentum
910 2073 1034 2138 diebus
1056 2073 1204 2154 singulis
1224 2077 1505 2154 praestolamur,
1529 2075 1585 2138 cui

360 2177 487 2244 domus
507 2179 626 2244 vicina
648 2189 884 2262 praeparatur
904 2181 940 2245 in
965 2179 1231 2262 habitationem,
1258 2180 1371 2246 donec
1395 2182 1586 2264 collegium

360 2287 463 2352 nobis
478 2295 636 2352 erectum
650 2288 695 2351 sit
710 2289 755 2352 ab
770 2287 959 2369 Episcopo.

420 2393 528 2474 Vale,
544 2393 650 2459 Pater
665 2394 1003 2476 obseruandissime,
1021 2397 1134 2461 nostri
1147 2413 1282 2461 memor
1296 2397 1333 2462 in
1347 2396 1536 2463 sacrificiis
1550 2405 1584 2464 ei

359 2501 589 2566 orationibus.

419 2606 708 2689 Antepenultimo
723 2609 809 2675 Maii
826 2609 913 2676 1556.
930 2610 1084 2690 Biliomi,
1099 2611 1135 2676 in
1150 2609 1341 2678 Aruernia.

558 2715 622 2778 Ex
631 2719 859 2798 praescripto
875 2717 913 2782 Ρ.
930 2719 1140 2800 Hieronymi
1154 2719 1280 2786 Bassii.

618 2822 712 2887 ttae
730 2824 768 2890 P.
786 2825 884 2890 Tuae
898 2827 1182 2908 indignumne,

958 3042 1145 3108 Ronaarus
1160 3043 1413 3111 cnavssomus.
