3436 5526
394 473 448 534 oto
863 475 1038 536 Aventinis
1057 491 1159 536 enine

457 621 576 684 Habes
600 623 645 685 de
666 623 913 702 communibus
934 625 1040 688 rebus
1064 629 1098 688 et
1118 622 1295 704 preblt'cis;
1319 641 1415 687 nnnc
1433 625 1475 687 de
1491 624 1594 701 prmo

395 729 446 792 tis
454 737 573 809 pauca
588 729 715 810 accipe.
733 729 776 792 Si
788 737 952 794 nostram
967 730 1122 795 salutem
1137 737 1332 812 nostroque
1342 731 1511 794 exercitia
1520 730 1594 792 scire

397 835 595 914 desideras,
609 837 765 916 quotidie
779 837 920 918 quidem
935 838 1111 917 oratione,
1129 838 1295 901 exonune
1317 843 1352 902 et
1371 837 1489 901 studio
1511 853 1594 898 exer-

395 959 529 1022 cemur,
750 941 758 974 ¹
772 944 921 1008 subinde
935 945 1050 1008 Pater
1063 944 1214 1026 impom't
1218 944 1420 1023 fratrebus,
1430 950 1464 1008 et
1474 943 1594 1007 anemos

397 1047 591 1113 renitentes
605 1048 676 1112 alto
700 1056 888 1130 prouocat,
907 1050 1070 1130 singulis
1088 1051 1268 1114 mensibus
1285 1052 1333 1114 ad
1353 1051 1498 1131 aliquod
1510 1058 1595 1130 proe-

396 1154 535 1220 clarum
551 1163 643 1236 opus
657 1173 723 1220 nos
737 1164 865 1220 mouet.
889 1159 964 1221 Per
982 1164 1098 1221 totum
1124 1158 1260 1222 Christi
1277 1157 1479 1222 seruatoris
1498 1153 1599 1218 nostri

396 1264 592 1327 aduentum
607 1281 686 1327 cum
700 1281 839 1328 summo
847 1266 1019 1344 fratrum
1034 1281 1222 1344 consensu,
1242 1264 1393 1344 singulo
1413 1281 1541 1346 quoque
1553 1261 1597 1322 die

396 1371 585 1452 quinquies
599 1371 713 1434 animi
725 1370 947 1435 uoluntatem
962 1372 1215 1452 repressimus,
1229 1372 1417 1453 quinquies
1431 1370 1532 1434 etiam
1549 1386 1599 1446 ge·

399 1495 472 1540 uuo
480 1478 661 1558 fleximus
675 1477 713 1540 in
732 1478 869 1542 Christi
879 1480 1057 1542 aduentus
1072 1479 1243 1543 ltonorem
1257 1479 1296 1540 in
1306 1480 1448 1542 animas
1458 1483 1598 1540 nostras.

397 1583 506 1648 Alius
519 1585 690 1662 fratrum
712 1584 780 1648 olii
797 1593 865 1666 per
886 1591 962 1648 tres
982 1586 1071 1664 dees,
1089 1585 1225 1650 vilibus
1235 1591 1363 1666 posteo
1378 1582 1599 1651 commutatis,

393 1691 646 1773 praect'pt'ebat.
1321 1671 1326 1682 ⁰

458 1798 556 1862 Haec
577 1805 705 1862 nostra
726 1801 877 1881 priuato
901 1799 1018 1878 salue,
1032 1800 1118 1863 lraec
1132 1807 1260 1863 nostra
1277 1799 1460 1876 examina,
1474 1798 1535 1860 liae
1552 1811 1600 1856 no·

397 1910 498 1968 strae
512 1907 560 1968 ad
575 1907 689 1970 Deum
708 1907 889 1987 supplices
904 1907 1099 1986 orationes,
1114 1905 1179 1987 qui
1189 1905 1282 1970 illud
1296 1905 1443 1968 coeleste
1464 1917 1600 1982 regmuu

399 2011 499 2076 nobis
521 2029 557 2075 tn
577 2013 751 2090 suturam
772 2013 932 2092 gloriam
955 2015 1142 2077 concedere
1156 2013 1340 2092 dignetur.
1368 2010 1449 2075 Vale
1462 2007 1601 2080 interlin,
1683 2027 1684 2044 ¹

398 2118 492 2198 vale,
506 2119 666 2198 inquam,
682 2125 829 2183 nostroe
844 2119 1035 2198 religionis
1050 2125 1151 2183 tutor
1164 2125 1198 2182 et
1212 2125 1338 2182 auctor
1344 2137 1356 2181 .·
1370 2117 1451 2181 vole
1465 2115 1533 2178 iam
1545 2119 1601 2176 ter·

397 2227 462 2305 tio,
482 2231 515 2288 et
536 2243 615 2305 uos,
634 2232 674 2288 ot
688 2226 839 2290 antehac
845 2227 983 2305 fecisti,
1001 2243 1083 2290 ama
1098 2225 1120 2285 ¹.

457 2333 512 2398 Ex
528 2345 650 2398 nostro
665 2331 861 2398 Gandiensi
876 2333 1045 2414 Collegio,
1062 2335 1081 2395 4
1104 2332 1280 2398 Calendas
1300 2333 1499 2418 januarias,
1521 2342 1601 2390 anuo

398 2443 441 2504 ab
454 2441 638 2504 hominum
653 2459 785 2520 genere
800 2441 968 2506 restituto
987 2441 1074 2504 1552.

557 2547 662 2611 Pam*
682 2547 779 2612 Tuae
795 2565 920 2612 seruus
934 2548 970 2611 in
986 2546 1130 2612 Christo
1145 2546 1423 2627 indignissimus

455 2655 509 2718 Ex
525 2655 772 2718 commissione
788 2653 903 2718 Patris
918 2656 1030 2718 nostri
1044 2654 1088 2718 D.
1105 2653 1297 2735 Baptistae.

1262 2867 1455 2932 Goumnno.

457 3193 723 3272 superscriptio
739 3192 776 3254 iu
796 3197 928 3272 quarta
948 3192 1110 3272 pagiua:
1130 3135 1213 3255 lffiS.
1236 3189 1282 3254 Ar
1302 3207 1386 3271 muy
1410 3187 1485 3252 Rl0
1508 3184 1604 3248 Pane

396 3311 539 3365 nuestro
555 3318 598 3363 en
613 3299 755 3364 Christo
771 3301 802 3362 el
817 3298 855 3362 P.
874 3297 919 3360 M.
937 3297 1081 3378 lgnacio
1097 3298 1140 3360 de
1154 3297 1291 3378 Loyola
1313 3296 1493 3380 Preposito
1515 3308 1605 3372 gene·

395 3407 449 3471 ral
464 3407 506 3470 de
522 3408 555 3470 la
572 3407 765 3485 Compaiiia
780 3404 823 3467 de
838 3405 953 3487 JesuS,
970 3423 1014 3468 en
1030 3403 1153 3467 Roma.

456 3513 540 3576 Alia
556 3529 683 3574 mauu:
701 3511 788 3574 1552.
805 3510 846 3590 Q.
865 3509 981 3573 Gand.
997 3511 1101 3593 Janu.
1118 3508 1160 3588 Q.
1177 3507 1213 3573 S.

456 3621 504 3684 Et
519 3619 613 3682 olio:
629 3617 670 3682 R.
688 3617 839 3682 Gandia.

465 3725 664 3806 Vestigium
679 3742 778 3788 cerae
793 3725 922 3803 sigilli.

436 4007 443 4038 ¹
474 4005 565 4048 Brevis
575 4003 693 4058 quaedam
704 4002 745 4045 hie
756 4012 807 4044 vox
818 4007 857 4044 eet
867 4001 1005 4044 emendata
1016 4012 1031 4044 a
1042 4001 1163 4052 Polanco.
1178 4001 1223 4044 ned
1239 4001 1275 4044 lte
1291 4007 1319 4044 nt
1328 4011 1376 4044 nec
1393 3999 1451 4054 qnid
1469 3997 1536 4052 prius
1550 3989 1603 4035 seri·

397 4088 468 4135 ptum
479 4076 534 4130 tuit,
545 4086 591 4118 nec
603 4075 663 4129 quid
674 4073 778 4117 tandem
790 4078 847 4125 poet
859 4072 1066 4116 emendationem
1075 4071 1211 4125 legendnm
1221 4072 1254 4114 sit
1270 4077 1408 4124 apparent.

435 4152 447 4183 ¹
474 4147 515 4191 Ad
530 4157 603 4190 orem
620 4145 738 4199 paginae.
754 4144 827 4196 signo
837 4149 897 4186 ente
916 4153 1005 4186 vocem
1022 4141 1160 4193 haetenus,
1177 4143 1208 4186 de
1225 4151 1276 4197 qna
1291 4143 1316 4186 ln
1331 4147 1420 4186 annot.
1436 4135 1555 4196 praeced..
1565 4142 1604 4184 ap·

395 4221 479 4274 posito
494 4227 522 4262 nt
539 4219 581 4260 hic
598 4218 754 4265 inserantur,
771 4214 876 4268 scripsit
899 4213 1024 4257 Polnncue
1041 4213 1120 4257 haec:
1143 4212 1206 4256 Vale
1221 4213 1249 4256 in
1265 4212 1328 4263 X.⁰,
1345 4215 1452 4256 nostrae
1469 4201 1604 4259 relligionis

395 4299 508 4347 praeses
518 4292 544 4333 et
554 4291 656 4338 auctor,
666 4289 691 4330 et
702 4289 730 4328 ot
741 4285 986 4341 consueuistifilios
996 4284 1043 4328 lios
1054 4285 1180 4339 indignos
1191 4283 1246 4329 Deo
1256 4285 1425 4329 commenda.
