3410 5528
380 511 434 570 &il
763 507 935 568 errnrtan
953 521 1223 576 ouanmnsrrtrts

381 655 562 720 maditatis
580 656 729 734 classes,
756 663 829 718 tres
850 653 966 719 adhuc
988 653 1174 720 inferiores
1195 653 1451 731 desideremus
1471 669 1594 719 earum·

380 781 449 845 que
469 764 630 827 lectores
653 761 774 842 Itaque
793 762 925 827 bonum
943 762 1019 826 lore
1040 761 1195 840 uidetur,
1216 763 1247 827 si
1263 759 1436 842 quosdam
1457 761 1596 826 Boemos
1695 849 1696 852 Ἴ

379 869 632 950 grammaticos
647 868 693 933 ad
707 869 776 933 hoc
790 869 907 937 mittat
923 867 1006 932 R.²¹⁸
1020 868 1163 948 Vestra,
1177 868 1283 950 quiin
1294 868 1363 933 illis
1374 868 1542 932 classibus
1552 867 1595 931 in·
1695 861 1696 864 ’

378 977 566 1042 ferioribus
586 976 723 1057 possint
743 976 902 1040 boemice
923 985 984 1040 aut
1006 977 1210 1057 germanice
1234 975 1405 1041 lectiones
1423 975 1597 1040 inferiores

380 1085 573 1166 explicare,
591 1083 685 1165 quod
698 1093 904 1165 pergratum
924 1084 975 1148 eis
990 1083 1090 1148 soret.
1111 1083 1248 1163 Tertio,
1272 1099 1406 1164 paucos
1426 1083 1597 1148 auditores

380 1209 446 1256 nos
467 1192 650 1255 habituros
670 1190 787 1256 serunt
809 1201 1078 1272 perseuerantes
1092 1191 1128 1254 in
1143 1189 1355 1270 Theologia,
1378 1188 1597 1270 Philosophia

379 1309 447 1363 etc.
463 1298 569 1363 Faxit
583 1297 681 1362 Deus
694 1309 733 1362 ut
748 1298 867 1362 omnia
881 1297 966 1362 fiant
981 1281 1029 1362 ad¹
1047 1297 1199 1378 gloriam
1221 1307 1256 1361 et
1270 1298 1441 1362 honorem
1458 1297 1586 1361 sanctis

332 1401 336 1412 “
380 1406 460 1470 simi
475 1406 529 1468 sui
544 1404 696 1468 nominis
711 1412 745 1468 et
759 1407 908 1470 salutem
930 1405 1139 1470 animarum.

439 1511 542 1592 Quod
563 1511 607 1576 ad
626 1514 777 1576 lectores
798 1513 939 1590 attinet,
964 1512 1011 1576 M.
1027 1511 1204 1578 Henricus
1223 1511 1232 1545 ·
1248 1513 1302 1577 bis
1322 1513 1462 1576 docebit
1481 1513 1516 1575 in
1534 1510 1597 1590 dle,
1696 1533 1697 1558 l

380 1635 483 1684 mane
518 1617 714 1698 Epistolam
748 1619 793 1682 ad
827 1617 1029 1698 Romanos,
1063 1628 1143 1700 post
1177 1619 1367 1700 prandium
1402 1618 1599 1684 hebraicam

379 1726 652 1806 grammaticam
671 1742 751 1790 cum
770 1723 893 1790 Veteri
912 1723 1150 1790 Testamento.
1173 1725 1447 1790 concionabitur
1465 1741 1599 1806 quoque

380 1834 417 1898 in
441 1835 572 1914 templo
596 1842 719 1897 nostro
745 1833 842 1897 circa
865 1832 994 1898 festum
1019 1832 1291 1912 Penthecostes,
1317 1832 1459 1898 fauente
1486 1831 1599 1914 gratia

379 1939 461 2019 Dei,
479 1940 649 2021 paulatim
668 1957 707 2004 se
720 1941 923 2020 germanice
938 1939 1149 2005 exercendo.
1170 1939 1262 2004 M,ter
1274 1939 1431 2024 Joannes
1449 1939 1494 2004 de
1514 1937 1601 2003 Tllia

379 2047 634 2128 aliquantulum
659 2047 859 2127 aegrotauit
884 2064 1073 2128 perunum
1095 2055 1156 2112 aut
1176 2049 1326 2112 alterum
1346 2047 1459 2125 diem,
1480 2062 1602 2111 verum

380 2155 500 2218 statim
530 2171 592 2234 per
620 2154 775 2233 gratiam
803 2153 870 2218 Dei
899 2156 1089 2220 conualuit.
1116 2153 1268 2220 Videtur
1296 2155 1421 2220 timere
1448 2154 1601 2218 laborem
1697 2203 1698 2210 1

381 2261 538 2342 legendi,
555 2277 620 2324 nec
641 2260 733 2324 affici
752 2261 798 2326 ad
816 2263 936 2342 plures
955 2279 1061 2343 quam
1080 2262 1127 2327 ad
1148 2277 1257 2326 unam
1274 2261 1462 2327 lectionem
1476 2260 1603 2325 facien·
1697 2261 1698 2270 ’

380 2367 477 2432 dam.
504 2368 712 2433 Videbimus
736 2379 855 2432 tamen
883 2369 1059 2450 quomodo
1088 2371 1121 2433 ei
1149 2369 1314 2434 succedet
1343 2368 1365 2434 ¹.
1392 2367 1604 2450 scripsimus

378 2493 445 2556 pro
460 2475 571 2540 fratre
590 2485 712 2540 nostro
727 2475 831 2540 Mtro.
851 2475 1026 2558 Joichimo
1045 2473 1057 2508 ¹
1067 2523 1075 2556 ,
1098 2477 1160 2558 qui
1178 2487 1233 2541 est
1251 2476 1428 2552 Viennae,
1449 2485 1488 2540 ut
1505 2476 1605 2540 nobis

381 2583 460 2646 aliis
475 2582 648 2647 classibus
666 2582 892 2647 inferioribus
911 2593 1116 2662 succurrat,
1132 2600 1228 2663 cum,
1244 2593 1283 2648 ut
1299 2583 1431 2649 dictum
1445 2583 1603 2672 est,‚plu'·

379 2707 437 2754 res
462 2690 611 2754 debeant
637 2707 714 2754 esse
739 2691 906 2767 lectores,
928 2707 1034 2771 quam
1054 2691 1332 2756 intendebamus.
1358 2689 1491 2754 Poterit
1512 2689 1604 2754 enim

378 2797 556 2862 rethorem
572 2813 691 2876 agere,
708 2798 763 2860 uel
778 2798 1004 2861 humaniores
1018 2799 1148 2878 legere.
1166 2796 1297 2862 Siluius
1310 2795 1323 2827 ⁸
1338 2793 1478 2862 uidetur
1486 2796 1604 2877 potius

378 2905 524 2969 moralis
537 2904 722 2984 theologus
736 2919 842 2984 quam
857 2905 1070 2984 rethoricus,
1092 2913 1154 2969 aut
1171 2912 1293 2984 poeta,
1309 2921 1415 2986 quam
1433 2904 1606 2967 humana·

378 3029 457 3076 rum
481 3012 665 3076 literarum
690 3010 887 3092 professor3
914 3010 959 3074 ad
981 3012 1127 3094 quaeuis
1145 3020 1266 3076 tamen
1287 3011 1506 3091 resignatum
1524 3025 1607 3074 eum

377 3119 494 3197 uide0,
510 3129 545 3182 et
560 3119 740 3198 speculum
755 3116 986 3182 obedientiae.
1002 3117 1108 3182 Faxit
1123 3118 1235 3199 DeuS,
1252 3127 1291 3183 ut
1307 3133 1430 3182 omnes
1444 3117 1606 3182 eumdem

377 3225 539 3306 spiritum
554 3225 625 3288 cito
640 3224 822 3289 imbibant.
844 3224 988 3288 Utinam
1008 3225 1106 3289 illum
1125 3227 1353 3290 comitaretur
1374 3225 1489 3290 maior
1507 3225 1606 3288 uiua·

377 3332 468 3396 citas
482 3341 517 3396 et
531 3341 656 3396 sancta
671 3331 849 3412 superbia.
871 3331 1086 3396 Consaluum
1110 3331 1288 3398 'fecimus
1308 3333 1519 3411 ministrum,
1537 3330 1608 3396 Ga·

377 3455 518 3520 sparem
533 3437 687 3518 Grigher
701 3447 961 3516 sacrestanum,
987 3438 1234 3506 Baltbasarem
1254 3436 1267 3470 ⁸
1288 3439 1488 3504 infimorum
1507 3452 1607 3520 prae·

378 3555 556 3626 ceptorem
575 3559 782 3626 puerorum,
800 3546 860 3626 qui
872 3561 951 3609 sese
966 3547 1038 3609 iam
1054 3555 1196 3610 exercet
1217 3547 1254 3610 in
1273 3545 1474 3611 huiusmodi
1493 3544 1608 3610 officio

377 3668 458 3717 cum
473 3651 683 3733 quibusdam
703 3651 907 3729 iuuenibus,
924 3653 984 3733 qui
998 3653 1045 3715 ad
1059 3668 1125 3716 nos
1139 3653 1288 3733 singulis
1310 3652 1433 3718 diebus
1447 3651 1606 3729 veniunt,

379 3769 608 3841 expectantes
623 3768 761 3838 tempus
776 3759 984 3823 studiorum.

378 3974 589 3986 ———=

417 4112 426 4145 Ι
455 4111 484 4155 P.
495 4110 623 4154 lienrlcus
634 4109 801 4168 Blyssemins.
815 4111 846 4155 de
857 4123 906 4166 qno
915 4121 1004 4167 supra.

417 4180 429 4214 ¹
456 4179 587 4225 Successit
598 4186 686 4225 sotem
696 4181 720 4224 el
731 4181 867 4225 infeliciter
879 4183 951 4235 satis,
963 4190 991 4227 ut
1003 4183 1091 4227 videre
1102 4189 1142 4228 est
1153 4184 1222 4238 apud
1231 4183 1355 4239 suumn,
1366 4186 1383 4229 l.
1392 4195 1424 4236 c..
1435 4195 1461 4229 n.
1469 4183 1507 4229 45.

417 4253 428 4285 ³
456 4253 529 4297 Hunc
539 4252 611 4296 illum
622 4253 800 4298 existimamus
810 4264 880 4304 ene,
896 4254 969 4308 culm
984 4256 1081 4299 mentio
1096 4255 1169 4300 lacte
1178 4262 1218 4299 est
1229 4257 1256 4300 in
1266 4255 1380 4301 Pouact
1394 4255 1533 4310 Chronico,
1545 4263 1568 4302 t.
1582 4265 1609 4308 tt.

377 4335 437 4380 pag.
447 4325 495 4378 291,
505 4335 530 4369 n.
541 4324 589 4378 256,
600 4336 660 4380 pag.
668 4325 718 4378 ⁴21,
728 4336 753 4370 n.
763 4325 785 4380 7,
794 4331 820 4368 et
830 4335 891 4379 pag.
901 4324 949 4376 507.
961 4337 984 4370 ιι.
994 4325 1042 4378 228,
1054 4326 1147 4383 quique
1154 4338 1171 4371 ι
1178 4326 1609 4382 Dmnncn,1.'dtabiiummde

376 4397 404 4440 la
414 4395 575 4453 Compagnie
586 4397 620 4442 de
628 4395 712 4451 μιν
721 4397 786 4440 dam
797 4397 834 4440 les
845 4397 985 4453 Psya-Bu,
996 4409 1057 4453 pag.
1066 4399 1102 4454 θ’,
1112 4401 1261 4456 appellatur
1270 4399 1420 4454 joachimus
1430 4399 1607 4446 castaneus.

377 4469 402 4513 is
413 4475 499 4512 tamen
508 4471 667 4524 ”potabat
677 4469 753 4514 nimis
763 4469 812 4512 hoc
823 4476 939 4524 tempore
950 4476 978 4514 ut
989 4468 1092 4515 Vienna
1101 4469 1217 4526 Pratum
1224 4471 1342 4517 conterre
1351 4481 1380 4516 se
1389 4472 1501 4516 valeret.

416 4541 429 4575 ⁴
456 4540 549 4584 Petrus
559 4551 610 4585 van
621 4541 670 4585 dan
678 4539 777 4586 Bocche
786 4540 919 4597 (Sylvius),
931 4541 962 4584 de
972 4553 1022 4596 qno
1032 4543 1136 4598 neptus
1143 4543 1198 4599 lum
1208 4543 1235 4589 ln
1244 4543 1285 4589 his
1295 4541 1408 4588 Litteris
1421 4551 1448 4588 et
1458 4543 1483 4588 ln
1494 4539 1610 4590 Ροωεῑ

379 4611 514 4657 Chronico.

416 4681 429 4716 ⁵
455 4683 608 4738 Consalvus,
620 4686 663 4729 vel
673 4685 854 4738 Gundlsslvns,
865 4685 985 4730 Calaber.
997 4685 1119 4743 Scsrtrnt,
1129 4689 1146 4733 l.
1157 4699 1189 4744 c.,
1198 4699 1224 4732 n.
1234 4687 1269 4734 27.

417 4752 430 4790 ⁸
456 4755 598 4803 Butram
607 4755 720 4810 (samm)
730 4767 746 4801 a
758 4755 951 4802 Plarrklrchen.
959 4757 1006 4808 ln..
1017 4758 1082 4806 ibid.
