3368 5528
615 507 679 566 Art.
703 506 773 566 1556
1257 504 1313 566 559

89 653 118 716 ci
132 669 296 734 pregano,
313 655 405 717 nella
421 654 582 717 oratione
597 662 631 716 et
645 670 666 716 a
682 651 750 716 ben
765 651 820 716 lar
835 653 869 715 la
881 650 1102 715 confessione
1114 653 1308 731 generale).

89 757 184 824 Certe
197 776 349 841 persone
363 759 490 825 deuote
507 769 542 824 et
556 758 676 838 nobili,
693 757 1009 838 marnuigliandosi
1025 758 1116 822 della
1134 757 1311 822 sermezza

90 867 149 930 che
172 867 289 932 hanno
314 869 372 931 nel
394 875 468 932 star
487 868 543 930 ali’
565 867 728 944 orationi,
750 867 913 946 sogliono
934 864 999 929 dir’
1022 873 1146 946 queste
1165 882 1186 927 ο
1207 865 1313 929 simili

90 975 214 1052 parole:
231 971 280 1038 “0
296 973 405 1038 Giesu
420 973 549 1038 buono!
567 983 699 1055 quanto
715 971 890 1037 laudabile
905 980 939 1036 et
954 973 1207 1054 marauigliosa
1224 989 1309 1036 cosa

90 1084 107 1142 e
126 1081 240 1145 veder'
262 1083 377 1162 questi
394 1081 539 1162 giouani
560 1083 641 1144 nell’
663 1079 814 1144 orationi
834 1081 922 1143 loro!
944 1097 965 1143 o
985 1089 1117 1161 quanto
1139 1096 1227 1143 sono
1250 1079 1312 1144 hu·

91 1187 168 1264 mili,
184 1187 303 1252 deuoti
317 1197 351 1252 et
365 1187 528 1253 feruenti!
545 1187 623 1252 Non
638 1187 769 1268 paiono
784 1187 932 1266 imagini
947 1203 967 1250 o
990 1196 1108 1250 statue
1129 1186 1311 1265 immobili,

89 1295 223 1374 quando
240 1294 348 1360 fanno
362 1297 395 1360 le
414 1298 490 1360 loro
506 1295 658 1360 orationi
678 1295 890 1374 insegnateli
911 1293 983 1356 dali
1003 1294 1094 1374 preti
1113 1293 1169 1358 del
1189 1291 1310 1373 Giest't,

89 1411 118 1464 et
132 1403 271 1482 quando
287 1405 470 1468 ascoltano
486 1405 518 1466 le
534 1404 680 1481 messei,

142 1507 250 1589 Quasi
265 1510 346 1573 tutti
359 1511 485 1592 questi,
501 1510 664 1575 hauendo
679 1510 787 1574 hauto
808 1512 830 1573 l'
852 1508 1069 1574 instruttioni
1091 1525 1179 1575 ouer
1201 1525 1312 1573 esser·

89 1616 156 1680 citii
180 1617 271 1680 della
297 1618 410 1699 prima
434 1618 644 1696 settimana,
671 1627 705 1681 et
730 1616 892 1681 hauendo
917 1625 1060 1696 gustata
1086 1617 1120 1679 la
1145 1615 1311 1680 dolcezza

89 1723 162 1786 dell’
190 1725 353 1804 orationi,
375 1725 512 1790 lettioni
531 1735 565 1788 et
586 1724 871 1805 raggionamenti
894 1723 1086 1804 spirituali,
1109 1741 1172 1804 per
1192 1741 1263 1786 non
1283 1725 1314 1787 si

88 1829 212 1894 lasciar
232 1831 288 1896 del
307 1841 397 1896 tutto
418 1832 549 1913 priuar’
571 1831 663 1896 delia
685 1831 864 1896 medesma
885 1831 1063 1910 dolcezza,
1085 1830 1116 1893 si
1135 1846 1224 1894 sono
1246 1830 1312 1910 dis·

89 1938 203 2016 partiti
217 1940 255 2003 in
269 1941 375 2004 molte
390 1939 493 2020 parti,
510 1949 546 2004 et
560 1939 679 2004 hanno
696 1939 793 2003 eletti
808 1937 926 2002 alcuni
941 1938 1006 2002 che
1017 1946 1201 2001 mostrano
1217 1917 1314 2001 esser

89 2047 165 2108 stati
189 2045 250 2127 pih
276 2047 477 2111 essercitati
491 2049 582 2111 nelle
602 2063 684 2110 cose
709 2045 896 2127 spirituali,
918 2047 1019 2109 accio
1038 2061 1160 2124 ognun
1181 2044 1225 2108 de
1243 2045 1315 2109 essi

89 2153 178 2217 eletti
192 2153 323 2218 habbia
337 2171 436 2232 cura,
454 2154 513 2218 chi
527 2155 563 2218 di
579 2163 666 2234 otto,
683 2153 740 2217 chi
755 2153 790 2216 di
810 2153 920 2231 diece,
942 2161 977 2215 et
996 2152 1156 2216 conduca
1177 2169 1198 2214 a
1218 2155 1312 2233 qual-

90 2260 149 2324 che
169 2261 302 2326 chiesa:
319 2272 354 2326 et
368 2262 417 2325 iui
432 2262 591 2326 recitano
611 2263 633 2324 l’
657 2260 770 2325 officio
793 2260 884 2323 della
899 2257 1078 2324 Madonna
1093 2258 1153 2324 fin'
1177 2277 1197 2324 a
1220 2277 1313 2324 nona

89 2369 204 2433 auanti
218 2371 252 2432 la
268 2368 485 2434 confession:
512 2369 571 2450 poi
593 2369 624 2431 si
646 2367 884 2436 reconciliano
909 2375 943 2430 et
965 2366 1121 2446 pigliano
1142 2367 1167 2428 il
1188 2368 1311 2430 santis·

88 2476 171 2540 sium
186 2474 418 2541 Sacramento
433 2476 518 2556 ogni
533 2475 718 2540 domenica
734 2485 769 2537 et
784 2473 885 2555 quasi
898 2474 983 2553 ogni
994 2473 1095 2552 festa,
1110 2484 1144 2536 et
1156 2475 1236 2554 quel
1248 2471 1314 2536 che

89 2583 127 2646 de
139 2584 201 2647 tali
215 2585 332 2664 giorni
346 2584 396 2664 gli
411 2599 560 2658 auanza,
576 2581 725 2646 recitato
737 2582 802 2644 che
813 2580 932 2644 hanno
945 2583 976 2642 la
991 2581 1163 2660 compieta
1177 2591 1212 2644 et
1223 2591 1313 2644 sette

91 2691 213 2769 psalmi
236 2691 473 2772 penitenziali,
500 2689 692 2754 attendono
715 2705 735 2751 a
757 2687 890 2769 legger’
915 2696 949 2750 et
971 2687 1101 2768 parlar’
1121 2687 1210 2750 delle
1231 2705 1314 2752 cose

89 2795 128 2860 de
141 2796 221 2876 bro,
235 2807 270 2862 et
285 2814 354 2863 con
368 2799 393 2862 li
407 2800 482 2860 loro
498 2796 783 2877 raggionamenti
804 2796 893 2859 tanti
912 2795 1070 2859 huomini
1093 2805 1310 2860 conuertono

89 2912 119 2966 et
133 2904 340 2970 conducono
359 2906 429 2967 alla
449 2915 572 2968 nostra
596 2903 716 2967 chiesa
737 2919 800 2983 per
821 2901 1042 2978 confessarii,
1065 2901 1130 2966 che
1152 2911 1242 2966 tutto
1264 2903 1312 2967 mi

89 3027 317 3077 commouono
333 3011 379 3076 ad
393 3013 554 3091 hauergli
570 3027 641 3074 vna
656 3011 901 3090 compassione
915 3009 1052 3089 grande
1073 3028 1094 3072 a
1114 3009 1223 3073 veder
1245 3025 1312 3074 con

89 3131 215 3199 quanto
231 3119 341 3184 dolor'
356 3119 386 3183 si
405 3129 568 3200 parton0,
590 3135 661 3182 non
682 3117 867 3196 potendosi
889 3116 1083 3180 consessar'
1104 3122 1148 3180 ne
1170 3116 1309 3196 pigliar'

91 3227 213 3291 alcuna
228 3226 461 3291 instructione
477 3243 498 3290 0
512 3226 619 3290 modo
635 3223 678 3287 de
694 3227 802 3303 orar',
818 3235 852 3287 et
866 3224 1130 3304 generalmente
1145 3240 1245 3286 come
1257 3223 1312 3288 de·
1335 3280 1341 3300 ,

91 3331 252 3398 siderano
267 3331 494 3412 consessarsi;
510 3341 546 3396 et
560 3341 659 3396 tanto
674 3332 733 3412 pib
748 3330 824 3410 che,
841 3348 905 3412 per
919 3346 1017 3394 esser
1030 3345 1121 3409 gran
1137 3340 1238 3411 parte
1253 3347 1312 3411 po·

90 3441 171 3520 ueri,
187 3457 259 3506 non
273 3456 429 3522 possono
445 3439 592 3520 supplir’
609 3439 691 3502 nelli
705 3438 821 3517 giorni
834 3437 877 3500 de
889 3439 1024 3516 lauoro,
1039 3437 1313 3518 bisoguandogli

89 3545 123 3610 di
135 3550 277 3614 lauorar
293 3564 357 3628 per
370 3548 495 3612 uiuer’.

148 3655 296 3737 Quando
311 3655 345 3720 io
361 3654 569 3719 dichiarauo
584 3655 609 3718 li
623 3663 713 3718 sette
727 3655 854 3735 psalmi
876 3652 1108 3734 penitentiali,
1130 3652 1226 3734 quali
1247 3654 1313 3715 las-

91 3765 138 3828 sai
151 3781 215 3844 per
229 3763 374 3827 libandi
388 3763 466 3826 fatti
481 3763 574 3826 dalla
589 3759 667 3826 8111ι
681 3761 772 3825 della
787 3762 904 3825 sanita
926 3759 934 3790 ¹
950 3761 1007 3823 nel
1022 3771 1140 3840 tempo
1153 3760 1208 3822 del
1221 3760 1312 3840 prin·

91 3869 177 3950 cipio
205 3869 382 3951 dirquesti
408 3869 566 3949 sospetti,
594 3868 693 3932 accib
715 3869 821 3931 niuno
848 3867 908 3948 piu
935 3866 1147 3946 predicasse,
1177 3883 1312 3929 veneua

90 3979 192 4042 molta
206 3989 323 4058 gente,
346 3977 449 4057 quale
470 3993 537 4039 con
558 3985 657 4039 tanta
678 3975 883 4048 attentione,
907 3972 1048 4037 silentio
1069 3983 1104 4036 et
1126 3972 1314 4036 deuotione

89 4099 215 4162 pareua
229 4084 277 4148 mi
292 4082 498 4162 ascoltasse,
515 4081 580 4146 che
595 4099 666 4146 non
680 4082 795 4162 potrei
810 4081 1010 4146 facilmente
1025 4079 1114 4142 dirlo
1141 4077 1169 4143 Il
1185 4079 1250 4142 che
1266 4079 1314 4142 mi

88 4189 182 4256 diede
201 4191 402 4269 occasione,
424 4190 489 4254 che
508 4190 609 4270 quasi
629 4200 719 4254 tutta
739 4191 855 4269 quella
876 4190 944 4252 mia
969 4188 1072 4252 solita
1093 4205 1259 4252 roscezza
1280 4195 1314 4250 ct

87 4313 266 4382 vergogna
282 4299 338 4378 (de
353 4300 388 4361 la
401 4300 484 4380 qual
499 4297 604 4361 credo
620 4295 665 4362 V.
683 4296 724 4360 R.
741 4296 772 4360 sl
791 4297 844 4360 sia
867 4297 1022 4374 accorta)
1046 4299 1093 4358 mi
1115 4311 1203 4358 sono
1225 4293 1314 4359 slor-

88 4415 160 4470 zato
189 4423 210 4470 a
235 4405 391 4470 lasciar’:
417 4404 537 4486 perch’
565 4421 626 4468 era
652 4421 761 4468 causa
790 4404 855 4466 che
881 4404 928 4466 mi
953 4401 1055 4466 facea
1084 4403 1312 4482 pronunciar’

88 4513 189 4579 molto
213 4513 443 4579 inettamente
468 4514 501 4576 le
526 4527 620 4592 cose;
645 4523 679 4575 ct
698 4513 774 4576 cosl
793 4510 967 4575 comincio
994 4509 1054 4591 pia
1074 4521 1193 4591 presto
1221 4527 1242 4572 a
1267 4520 1314 4574 te·

91 4673 284 4688 m

127 4758 136 4791 Ι
164 4757 215 4815 Sic,
225 4767 253 4803 ut
265 4765 292 4802 et
301 4759 328 4802 ln
337 4757 421 4803 latim
431 4757 551 4803 versione
562 4755 687 4801 Dominio
698 4753 840 4800 Sanctam.
