3504 5532
752 519 922 580 Ltrrsans
937 531 1212 590 Quamussrsss

421 1541 595 1605 Gerardus
609 1543 769 1628 Lapidlus

458 1637 552 1702 Patri
564 1643 693 1718 ignatio
705 1645 747 1702 de
759 1643 899 1719 Loyola.

460 1833 463 1838 Ι
492 1741 668 1814 Panormo,
682 1743 715 1802 ut
730 1741 880 1816 Janunrii
894 1743 994 1804 1556*Ι

927 2031 1027 2168 Jbus

430 2377 555 2442 Gratia
572 2389 606 2442 et
621 2397 692 2460 pax
708 2378 852 2442 Domini
867 2391 935 2443 etc.

426 2485 719 2567 Quandoquidem
733 2486 974 2565 superioribus
989 2486 1110 2561 literis,
1125 2501 1213 2566 quas
1224 2488 1268 2550 de
1279 2487 1416 2550 ratione
1431 2495 1596 2552 actorum

365 2592 675 2672 quadrimestrium
690 2591 896 2672 scripsimus
907 2591 930 2670 ’,
947 2593 1128 2672 sigillatim
1143 2609 1253 2673 prope
1268 2594 1387 2657 omuia
1401 2593 1445 2656 de
1462 2594 1596 2658 scholis

364 2709 399 2763 et
418 2699 656 2762 studiosorum
674 2699 950 2762 adolescentium
977 2700 1289 2764 exercitationibus
1309 2701 1514 2780 persequuti
1535 2717 1594 2764 su«

365 2823 454 2882 mus,
472 2805 542 2868 iam
556 2806 644 2869 nihil
664 2806 723 2868 illa
745 2816 904 2885 repetere
925 2807 1061 2868 attinet.
1086 2805 1232 2880 Verum,
1256 2807 1422 2887 quoniam
1446 2823 1517 2872 uon
1530 2807 1596 2872 mi·

364 2930 430 2976 nus
459 2911 674 2975 laboriosum
698 2922 752 2975 est
777 2913 813 2974 in
841 2913 947 2976 rebus
972 2911 1119 2975 honeste
1148 2915 1322 2992 susceptis
1348 2929 1593 2992 perseuerare,

363 3036 470 3100 quam
484 3035 598 3082 nouas
616 3019 812 3095 instituere,
835 3018 871 3081 id
892 3019 1093 3084 summatim
1119 3017 1389 3097 significandum
1414 3017 1592 3082 duximus:

363 3127 481 3190 omnia
493 3127 529 3188 in
544 3126 667 3188 eodem
683 3127 859 3190 curriculo
875 3125 1045 3188 foeliciter
1065 3125 1233 3206 progredi
1258 3143 1326 3204 quo
1352 3123 1363 3155 ³
1385 3137 1592 3206 coeperunt.

363 3233 497 3312 Quibus
512 3233 662 3296 docendi
686 3250 813 3296 munus
834 3233 970 3312 obtigit,
989 3233 1023 3295 ln
1041 3251 1082 3295 eo
1095 3234 1257 3295 laborant
1273 3232 1448 3311 gnauiter,
1465 3243 1503 3296 ut
1519 3243 1595 3298 tam

362 3356 501 3402 morum
515 3350 549 3402 et
564 3340 660 3402 vitae
675 3340 797 3419 optimi
812 3350 1062 3420 praeceptores
1077 3340 1286 3414 habeantur,
1302 3355 1409 3418 quam
1420 3341 1504 3404 boni
1519 3341 1595 3404 lite·

362 3463 483 3508 rarum
497 3447 670 3525 magistri;
687 3446 782 3526 quod
807 3463 887 3509 cum
913 3462 1049 3509 summe
1072 3457 1254 3525 praestare
1270 3446 1425 3525 cupiant,
1442 3458 1480 3510 ut
1494 3464 1597 3527 prae·

363 3561 455 3616 stent
470 3552 590 3616 diuina
607 3554 725 3632 gratia
751 3553 819 3616 illis
845 3564 897 3616 est
925 3553 1072 3616 auxilio:
1101 3571 1170 3633 quo
1196 3553 1250 3632 nt,
1277 3560 1316 3615 ut
1341 3553 1504 3634 discipuli
1522 3571 1596 3618 non

362 3662 476 3723 solum
491 3661 527 3723 in
549 3661 670 3738 literiS,
697 3670 842 3740 propter
867 3659 1030 3724 assiduas
1054 3661 1328 3726 exercitationes
1349 3671 1384 3725 et
1407 3661 1597 3742 magistro·

362 3785 439 3830 rum
454 3767 683 3847 diligentiam,
700 3768 889 3848 plurimum
905 3766 1102 3846 proficiant,
1121 3785 1243 3831 uerum
1269 3771 1377 3832 etiam
1391 3771 1428 3833 in
1449 3769 1596 3849 pietatis

361 3875 488 3938 studiis
522 3891 691 3953 magnum
719 3891 948 3954 progressum
977 3874 1128 3937 saciant:
1160 3877 1273 3941 nostri
1302 3886 1421 3940 autem
1449 3875 1593 3950 iratreS,

362 3997 576 4062 quamquam
594 3991 729 4044 tantam
752 3981 1052 4062 opportunitatem
1078 3981 1114 4044 in
1140 3982 1334 4063 disciplinis
1360 3981 1537 4048 discendis
1556 3981 1597 4046 in

362 4088 550 4168 gymnasio
577 4105 657 4150 cum
683 4089 761 4151 aliis
786 4105 1008 4151 communem
1032 4087 1197 4166 habeant,
1224 4089 1402 4168 priuatam
1425 4098 1544 4152 tamen
1558 4099 1596 4152 et

404 4327 413 4360 ί
442 4328 631 4382 Autogrspbae
648 4327 743 4382 duplici
758 4328 827 4381 lolio,
838 4327 922 4381 prlmn
938 4339 962 4370 n.
981 4327 1027 4378 153,
1044 4329 1128 4371 altero
1144 4338 1194 4372 non
1210 4329 1435 4373 numerato-Est
1446 4337 1473 4374 et
1484 4341 1597 4385 apogra-

362 4399 442 4454 phum
453 4399 528 4442 unico
536 4399 605 4448 totto,
616 4410 641 4442 n.
649 4397 695 4442 158.

403 4471 415 4504 Ι
442 4469 651 4523 Quadrimestres
662 4473 711 4513 bae
721 4471 835 4522 litterae,
846 4481 954 4524 quarum
966 4469 1008 4512 hic
1019 4470 1135 4512 meminit
1146 4469 1277 4525 Lapidlus,
1285 4483 1334 4514 non
1345 4479 1403 4515 sunt
1414 4473 1599 4526 praecedentis

363 4541 423 4585 unni
438 4542 541 4594 tertiae,
551 4553 615 4596 quus
626 4543 731 4596 aerlpsit
743 4543 858 4595 Angelus
870 4541 1000 4584 Pullciuus
1008 4540 1083 4592 (Vide
1095 4553 1182 4595 supra,
1193 4548 1212 4584 t.
1222 4553 1324 4596 111,pag.
1333 4543 1441 4596 omaus),
1452 4555 1498 4586 nec
1508 4555 1600 4588 secun-

364 4615 421 4668 dae,
432 4625 496 4670 quas
506 4615 629 4658 exaravit
640 4615 736 4657 Paulus
746 4613 882 4658 d'Achillis
901 4613 977 4666 (ibid,
992 4624 1053 4667 pag.
1069 4613 1176 4667 dli-515),
1192 4615 1217 4658 in
1234 4616 1264 4658 lis
1279 4616 1346 4658 enlm
1356 4627 1440 4670 pauca
1450 4617 1554 4660 omuino
1564 4617 1598 4660 de

363 4687 462 4733 scholis
472 4686 609 4739 habentur,
620 4686 664 4729 sed
678 4687 784 4739 primae,
795 4697 859 4740 quas
870 4686 924 4739 lpse
935 4686 1041 4739 scripsit
1053 4684 1179 4740 Lapidius
1190 4687 1265 4740 (ibid,
1274 4699 1334 4741 pag.
1343 4685 1455 4740 solabar.

403 4758 415 4791 ³
442 4757 627 4802 athenaeus.
