3472 5528
671 450 733 514 Au.
753 449 825 511 1556
1288 451 1342 510 279

114 595 239 660 adesse
263 604 404 676 tempus
430 595 725 678 quadragesimae
753 595 936 662 videatur:
960 605 994 660 et
1022 595 1123 660 multi
1152 605 1341 676 expectant

114 719 224 783 vsque
240 703 287 766 ad
300 702 694 780 horamduodecimam3
708 714 836 769 etcum
845 703 968 768 vident
979 720 1050 767 non
1062 701 1140 767 dari
1151 701 1341 772 confitendi

113 811 242 891 locum,
259 801 456 876 discedunt.
474 811 633 875 Audiunt
647 811 797 876 crimina
809 811 963 894 quinque
974 809 1109 890 PatreS,
1127 810 1172 873 ad
1185 803 1254 874 hoc'
1267 827 1341 874 mu·

115 935 184 982 nus
198 919 289 984 satis
302 919 378 1000 apti
393 928 426 982 et
440 918 574 998 idonei,
593 919 703 1000 quiin
717 919 784 983 hac
804 920 891 982 vrbe
913 935 1045 999 magno
1066 918 1103 981 in
1123 917 1260 982 honore
1280 918 1340 982 ha·

114 1027 251 1104 bentur,
268 1034 303 1090 et
317 1034 394 1090 tota
408 1023 568 1092 Societas
584 1026 706 1106 magni
720 1026 768 1090 fit:
787 1026 836 1090 ita
851 1043 932 1090 cum
946 1026 1048 1089 multi
1062 1033 1263 1106 aegrotant,
1286 1043 1341 1089 so-

117 1135 158 1197 lis
182 1133 315 1198 nostris
340 1132 505 1197 Patribus
525 1133 649 1199 volunt
668 1151 770 1196 suam
789 1133 1044 1198 conscientiam
1066 1141 1189 1197 notam
1208 1131 1339 1195 lacere.

117 1241 194 1306 Hoc
210 1241 372 1306 videntes
387 1251 422 1305 et
436 1241 672 1322 intelligentes
688 1242 748 1305 alii
763 1241 1049 1320 concionatoreS,
1069 1240 1208 1322 publice
1223 1248 1257 1303 et
1272 1240 1340 1321 pri-

116 1349 225 1414 uatim
240 1349 350 1414 verba
365 1347 548 1429 iacientes
562 1366 785 1430 summopere
796 1356 956 1412 nostram
968 1347 1182 1414 Societatem
1192 1347 1340 1412 laudant

118 1465 150 1522 et
164 1454 427 1522 commendant.
1027 1471 1033 1480 ·

170 1563 235 1644 En,
251 1564 311 1627 vbi
328 1563 434 1629 Pater
448 1563 613 1628 Ramirez
632 1565 876 1644 concionatur,
897 1573 949 1628 tot
967 1564 1130 1628 homines
1150 1561 1287 1626 nobiles
1302 1570 1338 1626 et

116 1680 332 1736 mercatores
345 1673 571 1753 conueniunt,
586 1681 636 1753 ut,
652 1672 814 1754 quamuis
829 1673 998 1753 templum
1009 1671 1265 1752 amplissimum
1280 1669 1337 1748 sit,

116 1797 177 1844 nec
191 1781 363 1860 templum
382 1779 500 1860 plures
524 1779 630 1860 intus,
656 1797 722 1844 nec
738 1795 802 1842 sua
826 1780 944 1860 platea
967 1779 1088 1860 plures
1102 1777 1188 1842 foris
1210 1794 1338 1858 capere

118 1887 261 1968 possint;
276 1887 420 1952 auditur
444 1905 575 1967 magno
600 1887 782 1952 hominum
806 1886 982 1951 desiderio
1005 1895 1040 1950 et
1062 1884 1271 1962 attentione;
1287 1884 1338 1948 ita

117 1993 173 2058 alii
186 1994 233 2057 ad
244 1994 357 2058 vitam
371 1993 409 2057 in
423 1993 547 2058 melius
562 1992 836 2078 prouehendam‚
851 1993 911 2057 alii
925 1993 971 2057 ad
980 2000 1130 2074 peccata
1141 1991 1337 2056 deserenda

118 2101 342 2166 vehementer
356 2109 637 2180 commonentur3
651 2103 699 2165 ita
712 2101 874 2165 omnibus
888 2101 1015 2182 placet,
1029 2109 1067 2163 ut
1081 2117 1153 2163 vno
1165 2115 1226 2164 ore
1238 2115 1337 2180 prae·

118 2207 230 2274 dicent
243 2225 427 2290 nunquam
442 2208 548 2274 talem
569 2225 607 2272 se
632 2207 762 2272 vidisse
777 2225 844 2272 nec
869 2206 1010 2272 audisse
1036 2207 1336 2273 concionatorem.

117 2313 204 2394 Quid
218 2316 336 2396 plura?
350 2331 431 2392 cum
445 2313 599 2396 quodam
613 2314 669 2380 die
681 2323 774 2380 esset
785 2315 821 2379 in
832 2317 950 2396 platea
962 2315 1083 2396 templi
1098 2313 1245 2382 maximi
1256 2330 1337 2377 con·

118 2423 249 2486 cionem
263 2421 460 2500 habiturus¹
477 2430 550 2486 tam
565 2439 695 2502 magna
717 2421 898 2486 hominum
918 2420 1106 2485 multitudo
1123 2422 1206 2486 illuc
1221 2420 1336 2500 irruit,
1399 2502 1401 2505 Ι

27 2579 28 2586 ,
119 2539 153 2592 ut
166 2546 230 2594 nec
244 2529 312 2610 ipsi
328 2529 410 2593 illuc
425 2528 556 2610 petenti
572 2528 671 2593 locus
690 2529 725 2592 in
751 2529 958 2594 cathedram
983 2526 1197 2594 ascendendi
1212 2545 1337 2592 conce-

119 2633 264 2712 deretur;
283 2635 368 2717 quid
383 2635 521 2715 mirum,
539 2653 620 2700 cum
636 2636 794 2700 nonnulli
809 2635 897 2699 hora
909 2645 1035 2718 quarta
1045 2645 1207 2716 surgant,
1221 2644 1260 2700 ut
1270 2635 1337 2699 sibi

121 2743 249 2822 possint
262 2743 382 2807 locum
397 2743 587 2823 occupare?

176 2848 318 2914 Praeter
334 2849 409 2913 dies
423 2849 620 2914 dominicos
636 2851 868 2916 concionatur
888 2851 996 2916 etiam
1015 2849 1093 2914 aliis
1115 2848 1225 2929 festiS,
1237 2866 1338 2944 ¹{puae

123 2974 188 3020 non
212 2958 255 3020 ab
271 2957 438 3021 uniuersa
463 2957 607 3022 ciuitate
632 2959 807 3038 coluntur;
835 2957 880 3022 ad
902 2974 1006 3038 quem
1032 2956 1244 3035 audiendum
1268 2975 1339 3022 non

122 3063 229 3127 minor
244 3063 384 3128 accedit
399 3063 580 3130 hominum
595 3065 710 3146 copia.

177 3170 213 3234 ln
226 3179 349 3236 nostro
366 3171 497 3252 templo
523 3170 628 3252 (quod
649 3170 723 3237 sere
745 3171 816 3236 iam
831 3171 1021 3252 perficitur)
1047 3171 1192 3253 exponit
1211 3171 1339 3236 doctri-

122 3293 200 3342 nam
224 3277 455 3342 christianam
477 3276 587 3342 frater
611 3277 782 3358 Magister
811 3277 954 3344 Xuarez
983 3294 1114 3358 magno
1138 3277 1340 3344 auditorum

123 3385 303 3464 applausu.

178 3489 321 3556 Fratres
335 3501 410 3556 tum
425 3492 461 3556 in
474 3491 715 3556 custodiendis
730 3492 873 3572 regulis,
891 3503 965 3557 tum
980 3493 1015 3556 in
1035 3492 1226 3557 virtutibus
1248 3507 1340 3559 com·

128 3599 304 3679 parandis,
332 3597 533 3662 mirandum
557 3599 593 3662 in
619 3598 762 3663 modum
785 3599 988 3680 proficiunt,
1016 3599 1217 3680 pariterque
1241 3599 1339 3663 scho-

126 3703 236 3769 lastici
249 3705 284 3769 in
299 3705 411 3770 literis
426 3705 665 3786 capessendis.
716 3777 717 3788 ἵ

180 3810 279 3877 Pater
295 3812 432 3877 Doctor
447 3812 605 3881 Mironus
629 3813 637 3844 ¹
653 3822 803 3878 conatur
830 3823 867 3878 ut
881 3814 943 3878 fiat
965 3815 1091 3878 domus
1104 3813 1337 3896 probationis

123 3917 181 3995 qui
195 3919 317 3984 adhoc
332 3918 529 4000 Collegium
543 3921 813 4000 guuernandum
832 3921 962 3986 missus
983 3930 1036 3987 est
1057 3940 1078 3984 a
1092 3921 1197 3987 Patre
1217 3930 1340 3987 nostro

123 4022 307 4090 Francisco
323 4027 346 4090 *ε
363 4029 465 4092 cuius
482 4025 493 4057 ³
508 4027 618 4091 nimia
632 4026 814 4108 diligentia
830 4037 864 4092 et
884 4031 1071 4110 praeclara
1090 4028 1162 4094 vita
1184 4037 1219 4092 et
1231 4028 1340 4094 admi·

124 4133 277 4201 miranda
291 4133 455 4200 doctrina
470 4133 713 4199 vehementius
738 4135 972 4222 multicultui
998 4135 1117 4199 diuino
1144 4135 1338 4216 indulgent:

123 4236 184 4302 luit
199 4242 286 4306 enim
296 4243 406 4322 longo
421 4249 580 4338 tempore
595 4258 615 4302 a
631 4241 768 4305 ciuibus
784 4241 888 4305 huius
911 4242 1008 4305 vrbis
1028 4251 1248 4324 expectatus,
1270 4251 1340 4306 eta

474 4445 499 4503 ,0

163 4553 172 4584 ⁸
203 4549 451 4605 reprobantium.

163 4622 175 4654 ⁸
202 4622 509 4680 P.FrnnclscudeEorja.

164 4695 175 4730 ὅ
203 4693 301 4747 Seltlcet
311 4695 500 4755 Pamisum,
511 4697 625 4756 quietim
633 4695 687 4758 lant
702 4695 839 4747 valentiae
850 4706 971 4750 versatus
981 4707 1007 4746 et
1018 4703 1094 4748 notus
1105 4699 1198 4748 tuerat.
