3504 5532
573 1199 906 1286 ODLXXXVII

169 1543 342 1620 Georgius
357 1545 507 1606 Mercato

207 1644 298 1705 l’atri
311 1645 441 1720 ignatio
455 1645 496 1704 de
510 1642 649 1720 Loyola.

241 1740 432 1819 Syracusis,
446 1741 483 1802 20
496 1742 623 1817 Aprilis
638 1743 707 1803 1556
722 1743 741 1800 ¹.

724 1954 746 2026 †

174 2166 231 2231 La
243 2169 363 2247 gratia
374 2175 408 2230 et
424 2184 512 2248 pace
527 2167 562 2230 di
574 2175 696 2230 nostro
712 2165 862 2258 Signore
875 2166 959 2250 Jesu
973 2165 1038 2232 X.⁰
1051 2167 1104 2231 sia
1124 2183 1263 2248 sempre
1276 2183 1343 2232 con

117 2275 188 2339 noi.
203 2274 330 2340 Amen.

172 2380 255 2446 ΠΛΟ
274 2379 528 2448 inX.⁰Padre.

173 2487 245 2552 Per
256 2504 445 2554 osseruare
459 2489 484 2552 il
502 2490 595 2554 bono
620 2500 654 2554 et
678 2491 782 2554 solito
806 2497 964 2554 costume
989 2489 1081 2554 della
1106 2487 1341 2570 Compagnia,

116 2613 178 2676 per
192 2595 218 2660 il
233 2597 338 2677 quale
351 2597 387 2660 la
409 2595 450 2661 R.
467 2595 533 2658 V.⁸
558 2603 577 2660 e
601 2599 740 2662 auisata
766 2597 801 2661 di
825 2605 914 2661 tutte
928 2597 950 2660 l’
977 2612 1083 2678 opere
1108 2596 1176 2678 pie,
1193 2596 1225 2659 le
1239 2596 1343 2676 quale

115 2702 213 2768 iddio
229 2719 338 2784 opera
350 2719 415 2785 per
429 2702 453 2767 li
468 2702 574 2768 Padri
587 2704 678 2769 della
691 2704 915 2786 compagum,
930 2705 975 2767 m’
989 2703 1036 2767 ha
1047 2720 1153 2785 parso
1165 2719 1250 2768 cosa
1261 2719 1342 2767 con·
1447 2711 1449 2716 ’

115 2810 280 2875 ueniente
294 2809 451 2875 scriuere
465 2812 591 2875 alcune
605 2827 700 2890 cose,
720 2813 751 2874 le
771 2811 867 2892 quali
888 2810 988 2876 iddio
1007 2810 1054 2874 ha
1070 2817 1267 2875 monstrato
1286 2813 1341 2874 nel

114 2917 292 2998 principio
307 2916 343 2981 di
366 2927 491 2998 questo
516 2935 610 2990 nouo
634 2917 795 2997 collegio:
821 2927 856 2981 et
881 2916 1016 2981 anchor
1040 2917 1106 2981 che
1130 2915 1237 2981 molte
1258 2935 1341 2982 cose

114 3025 218 3088 siano
234 3023 280 3088 da
294 3025 453 3102 scriuer’‚
466 3040 533 3105 pur
553 3025 601 3089 mi
618 3023 759 3088 sorzaro
785 3024 860 3088 dire
885 3032 1017 3107 quanto
1044 3024 1103 3104 piu
1118 3023 1342 3088 breuemente

115 3135 234 3210 potro,
249 3132 377 3211 perche
393 3132 451 3196 chi
464 3132 620 3196 basteria
635 3131 707 3194 mni
721 3131 796 3194 dire
810 3139 944 3212 quanta
959 3132 1013 3195 sia
1024 3139 1119 3194 stata
1133 3131 1168 3194 la
1180 3140 1343 3195 constan·

115 3239 161 3300 tia
176 3238 264 3302 delli
278 3237 381 3318 padri
394 3247 428 3302 et
441 3238 572 3302 fratelli
592 3239 627 3302 in
646 3241 845 3319 sopportar’
869 3239 901 3302 le
922 3238 1161 3318 persecutioni
1181 3240 1342 3302 volonta-

114 3347 290 3409 riamente
304 3360 417 3425 prese,
433 3347 466 3409 le
480 3346 584 3426 quale
603 3361 692 3408 sono
711 3353 803 3409 state
822 3353 919 3408 tante
940 3343 995 3408 ch’
1014 3343 1174 3408 anchora
1195 3361 1268 3408 nou
1282 3345 1343 3408 ha·

114 3451 233 3516 uendo
248 3462 391 3532 passato
406 3455 429 3516 l’
446 3470 529 3531 una,
545 3453 784 3532 sopraveniua
799 3453 820 3517 l'
835 3453 939 3516 altra:
955 3461 991 3515 et
1004 3460 1103 3516 tanto
1124 3453 1185 3533 pii1
1205 3452 1343 3532 grande

114 3561 233 3638 quelle
246 3576 334 3622 sono
349 3567 452 3638 state,
469 3570 601 3640 quanto
617 3560 660 3623 da
674 3560 832 3624 huomini
847 3559 882 3624 di
897 3559 1058 3639 magiore
1073 3559 1296 3639 reputatione
1312 3560 1344 3623 si

116 3667 345 3730 excitauano:
361 3683 432 3730 non
447 3667 478 3730 si
493 3666 633 3733 diceua.
643 3669 733 3731 altro
749 3684 812 3748 per
826 3675 916 3731 tutto
931 3683 969 3730 se
984 3683 1056 3730 non
1068 3666 1133 3730 che
1147 3665 1208 3730 noi
1221 3683 1342 3730 eramo

114 3773 273 3839 sensuali
287 3782 321 3838 et
335 3773 400 3837 che
416 3791 627 3839 cercauamo
642 3775 777 3839 rendite
793 3784 827 3838 et
838 3775 1026 3839 voleuamo
1037 3774 1184 3838 vestirci
1195 3774 1230 3838 di
1242 3783 1342 3838 veste

114 3882 206 3946 mole
224 3891 260 3944 et
274 3881 438 3961 manglar
464 3891 499 3944 et
523 3881 640 3945 beuer¹
665 3881 945 3958 delicatamente,
962 3881 996 3944 la
1020 3881 1115 3945 vnde
1137 3881 1236 3944 molti
1250 3880 1342 3946 dice·

115 4005 209 4054 nano
232 3988 291 4052 noi
311 4005 430 4052 essere
443 3990 479 4051 la
499 4005 608 4053 causa
625 3987 729 4070 [della
743 3987 903 4070 pouerta]
928 3987 941 4021 ¹
960 3988 995 4053 di
1020 3997 1145 4069 questa
1164 3989 1261 4066 citta,
1278 3997 1341 4068 pe'r

113 4096 145 4158 la
159 4095 247 4176 qual
261 4111 370 4158 causa
385 4111 552 4158 erauamo
568 4113 590 4158 a
604 4095 685 4160 tutti
700 4096 736 4158 in
756 4095 849 4175 odio;
869 4097 986 4160 alcuni
1011 4095 1185 4160 diceuauo
1200 4094 1266 4159 che
1281 4095 1341 4158 noi

113 4201 331 4282 ingenuamo
345 4202 510 4282 lagerio,
527 4202 608 4266 altri
630 4202 662 4266 ci
682 4202 917 4267 chiamauano
937 4202 1113 4284 ippocriti,
1134 4202 1288 4283 superbi,
1306 4212 1341 4265 et

113 4325 220 4390 sopra
235 4315 336 4387 tutto,
352 4307 409 4371 del
423 4309 489 4373 che
500 4325 657 4390 pensano
672 4310 762 4374 sarci
775 4326 866 4389 gran
880 4310 1047 4390 ingloria,
1071 4311 1105 4373 ci
1125 4308 1339 4374 domandino

114 4413 290 4492 Tireatini3
305 4423 340 4480 et
356 4423 480 4496 questo
503 4433 572 4480 non
599 4418 793 4482 solamente
816 4416 839 4480 li
863 4417 1027 4494 secolari,
1053 4433 1110 4480 ma
1136 4416 1294 4482 anchora
1315 4416 1340 4480 li

153 4689 163 4724 ¹
191 4690 382 4747 Automplrue
392 4691 553 4748 quadruplici
563 4691 632 4744 lolio.
641 4703 683 4737 un.
693 4691 792 4738 res-187.

154 4759 166 4793 ²
194 4763 262 4808 vide
274 4763 350 4818 inin,
360 4763 469 4810 latium
479 4764 572 4812 harum
582 4763 730 4812 litterarum
740 4766 894 4818 versionem,
