<?xml version="1.0" encoding="UTF-8"?>
<!DOCTYPE html PUBLIC "-//W3C//DTD XHTML 1.0 Transitional//EN"
    "http://www.w3.org/TR/xhtml1/DTD/xhtml1-transitional.dtd">
<html xmlns="http://www.w3.org/1999/xhtml" xml:lang="en" lang="en">
 <head>
  <title>
</title>
<meta http-equiv="Content-Type" content="text/html;charset=utf-8" />
  <meta name='ocr-system' content='tesseract 3.04.00' />
  <meta name='ocr-capabilities' content='ocr_page ocr_carea ocr_par ocr_line ocrx_word'/>
</head>
<body>
  <div class='ocr_page' id='page_1' title='image "./litteraequadrim00jesugoog/litteraequadrim00jesugoog_0096.png"; bbox 0 0 3578 5534; ppageno 0'>
   <div class='ocr_carea' id='block_1_1' title="bbox 386 532 1231 602">
    <p class='ocr_par' dir='ltr' id='par_1_1' title="bbox 386 532 1231 602">
     <span class='ocr_line' id='line_1_1' title="bbox 386 532 1231 602; baseline -0.001 -9"><span class='ocrx_word' id='word_1_1' title='bbox 386 533 423 593; x_wconf 77' lang='lat'>90</span> <span class='ocrx_word' id='word_1_2' title='bbox 770 532 942 594; x_wconf 74' lang='lat' dir='ltr'>erranaa</span> <span class='ocrx_word' id='word_1_3' title='bbox 961 547 1231 602; x_wconf 78' lang='lat' dir='ltr'>ouannrussrnns</span> 
     </span>
    </p>
   </div>
   <div class='ocr_carea' id='block_1_2' title="bbox 386 676 1625 1184">
    <p class='ocr_par' dir='ltr' id='par_1_2' title="bbox 386 676 1625 957">
     <span class='ocr_line' id='line_1_2' title="bbox 386 676 1625 760; baseline -0.002 -18"><span class='ocrx_word' id='word_1_4' title='bbox 386 681 506 760; x_wconf 82' lang='lat' dir='ltr'>pallia,</span> <span class='ocrx_word' id='word_1_5' title='bbox 522 679 620 742; x_wconf 90' lang='lat' dir='ltr'>silos</span> <span class='ocrx_word' id='word_1_6' title='bbox 645 679 849 759; x_wconf 85' lang='lat' dir='ltr'>recibiesen,</span> <span class='ocrx_word' id='word_1_7' title='bbox 878 680 954 743; x_wconf 82' lang='lat' dir='ltr'>sola</span> <span class='ocrx_word' id='word_1_8' title='bbox 979 680 1013 742; x_wconf 91' lang='lat' dir='ltr'>la</span> <span class='ocrx_word' id='word_1_9' title='bbox 1039 677 1318 756; x_wconf 65' lang='lat' dir='ltr'>determination</span> <span class='ocrx_word' id='word_1_10' title='bbox 1341 676 1384 740; x_wconf 90' lang='lat' dir='ltr'>de</span> <span class='ocrx_word' id='word_1_11' title='bbox 1399 681 1625 740; x_wconf 20' lang='lat' dir='ltr'>unimaestro</span> 
     </span>
     <span class='ocr_line' id='line_1_3' title="bbox 388 781 1625 866; baseline -0.002 -16"><span class='ocrx_word' id='word_1_12' title='bbox 388 803 432 850; x_wconf 90' lang='lat' dir='ltr'>en</span> <span class='ocrx_word' id='word_1_13' title='bbox 448 785 628 866; x_wconf 84' lang='lat' dir='ltr'>theologia</span> <span class='ocrx_word' id='word_1_14' title='bbox 641 804 666 866; x_wconf 90' lang='lat' dir='ltr'><strong>y</strong></span> <span class='ocrx_word' id='word_1_15' title='bbox 681 786 763 850; x_wconf 89' lang='lat' dir='ltr'><strong>bien</strong></span> <span class='ocrx_word' id='word_1_16' title='bbox 777 787 847 850; x_wconf 74' lang='lat' dir='ltr'>abii</span> <span class='ocrx_word' id='word_1_17' title='bbox 869 803 952 850; x_wconf 87' lang='lat' dir='ltr'>creo</span> <span class='ocrx_word' id='word_1_18' title='bbox 977 803 1015 850; x_wconf 91' lang='lat' dir='ltr'>se</span> <span class='ocrx_word' id='word_1_19' title='bbox 1042 785 1220 864; x_wconf 79' lang='lat' dir='ltr'>admitird;</span> <span class='ocrx_word' id='word_1_20' title='bbox 1242 787 1296 848; x_wconf 89' lang='lat' dir='ltr'>ios</span> <span class='ocrx_word' id='word_1_21' title='bbox 1311 784 1434 849; x_wconf 87' lang='lat' dir='ltr'>demas</span> <span class='ocrx_word' id='word_1_22' title='bbox 1447 799 1561 864; x_wconf 88' lang='lat' dir='ltr'>pasan</span> <span class='ocrx_word' id='word_1_23' title='bbox 1576 781 1625 847; x_wconf 88' lang='lat' dir='ltr'>de</span> 
     </span>
     <span class='ocr_line' id='line_1_4' title="bbox 391 890 530 957; baseline 0.014 -2"><span class='ocrx_word' id='word_1_24' title='bbox 391 893 427 955; x_wconf 87' lang='lat'>15</span> <span class='ocrx_word' id='word_1_25' title='bbox 479 890 530 957; x_wconf 83' lang='lat'>20.</span> 
     </span>
    </p>

    <p class='ocr_par' dir='ltr' id='par_1_3' title="bbox 441 911 1185 1078">
     <span class='ocr_line' id='line_1_5' title="bbox 441 911 1185 1078; baseline -0.004 -16"><span class='ocrx_word' id='word_1_26' title='bbox 441 911 502 1062; x_wconf 50' lang='lat' dir='ltr'>ibe</span> <span class='ocrx_word' id='word_1_27' title='bbox 517 997 660 1078; x_wconf 87' lang='lat' dir='ltr'>Seuilla,</span> <span class='ocrx_word' id='word_1_28' title='bbox 678 1003 809 1063; x_wconf 75' lang='lat' dir='ltr'>mittes</span> <span class='ocrx_word' id='word_1_29' title='bbox 822 999 860 1063; x_wconf 88' lang='lat'>21</span> <span class='ocrx_word' id='word_1_30' title='bbox 879 999 922 1064; x_wconf 91' lang='lat' dir='ltr'>de</span> <span class='ocrx_word' id='word_1_31' title='bbox 937 999 1053 1063; x_wconf 89' lang='lat' dir='ltr'>Enero</span> <span class='ocrx_word' id='word_1_32' title='bbox 1072 999 1149 1063; x_wconf 87' lang='lat'>1556</span> <span class='ocrx_word' id='word_1_33' title='bbox 1164 997 1185 1058; x_wconf 84' lang='lat'>¹.</span> 
     </span>
    </p>

    <p class='ocr_par' dir='ltr' id='par_1_4' title="bbox 447 1104 1089 1184">
     <span class='ocr_line' id='line_1_6' title="bbox 447 1104 1089 1184; baseline -0.002 -14"><span class='ocrx_word' id='word_1_34' title='bbox 447 1104 500 1170; x_wconf 91' lang='lat' dir='ltr'>De</span> <span class='ocrx_word' id='word_1_35' title='bbox 515 1105 562 1170; x_wconf 84' lang='lat' dir='ltr'>V.</span> <span class='ocrx_word' id='word_1_36' title='bbox 578 1106 616 1171; x_wconf 89' lang='lat' dir='ltr'>P.</span> <span class='ocrx_word' id='word_1_37' title='bbox 633 1106 750 1170; x_wconf 90' lang='lat' dir='ltr'>sieruo</span> <span class='ocrx_word' id='word_1_38' title='bbox 762 1107 863 1170; x_wconf 79' lang='lat' dir='ltr'>intitil</span> <span class='ocrx_word' id='word_1_39' title='bbox 878 1125 921 1170; x_wconf 89' lang='lat' dir='ltr'>en</span> <span class='ocrx_word' id='word_1_40' title='bbox 933 1106 1089 1184; x_wconf 90' lang='lat' dir='ltr'>Christo,</span> 
     </span>
    </p>
   </div>
   <div class='ocr_carea' id='block_1_3' title="bbox 1342 1350 1364 1420">
    <p class='ocr_par' dir='ltr' id='par_1_5' title="bbox 1342 1350 1364 1420">
     <span class='ocr_line' id='line_1_7' title="bbox 1342 1350 1364 1420; baseline 0 0"><span class='ocrx_word' id='word_1_41' title='bbox 1342 1350 1364 1420; x_wconf 90' lang='lat'><em>†</em></span> 
     </span>
    </p>
   </div>
   <div class='ocr_carea' id='block_1_4' title="bbox 1173 1426 1454 1500">
    <p class='ocr_par' dir='ltr' id='par_1_6' title="bbox 1173 1426 1454 1500">
     <span class='ocr_line' id='line_1_8' title="bbox 1173 1426 1454 1500; baseline -0.018 -8"><span class='ocrx_word' id='word_1_42' title='bbox 1173 1427 1235 1492; x_wconf 89' lang='lat' dir='ltr'>G.⁰</span> <span class='ocrx_word' id='word_1_43' title='bbox 1251 1426 1454 1500; x_wconf 73' lang='lat' dir='ltr'>Goucanez.</span> 
     </span>
    </p>
   </div>
   <div class='ocr_carea' id='block_1_5' title="bbox 387 1694 1627 2253">
    <p class='ocr_par' dir='ltr' id='par_1_7' title="bbox 387 1694 1627 2041">
     <span class='ocr_line' id='line_1_9' title="bbox 452 1694 1627 1831; baseline 0.002 -21"><span class='ocrx_word' id='word_1_44' title='bbox 452 1747 720 1829; x_wconf 82' lang='lat' dir='ltr'>Superscriptio</span> <span class='ocrx_word' id='word_1_45' title='bbox 735 1747 774 1810; x_wconf 92' lang='lat' dir='ltr'>in</span> <span class='ocrx_word' id='word_1_46' title='bbox 794 1694 1206 1831; x_wconf 53' lang='lat' dir='ltr'>quartapagraa.·Jhi1s.</span> <span class='ocrx_word' id='word_1_47' title='bbox 1234 1745 1280 1812; x_wconf 89' lang='grc' dir='ltr'>ΑΙ</span> <span class='ocrx_word' id='word_1_48' title='bbox 1304 1765 1388 1829; x_wconf 92' lang='lat' dir='ltr'>muy</span> <span class='ocrx_word' id='word_1_49' title='bbox 1406 1746 1485 1812; x_wconf 83' lang='lat' dir='ltr'><strong>R.‘¹⁰</strong></span> <span class='ocrx_word' id='word_1_50' title='bbox 1504 1746 1627 1812; x_wconf 82' lang='lat' dir='ltr'>Padre</span> 
     </span>
     <span class='ocr_line' id='line_1_10' title="bbox 387 1852 1624 1934; baseline 0.001 -16"><span class='ocrx_word' id='word_1_51' title='bbox 387 1863 530 1919; x_wconf 88' lang='lat' dir='ltr'>nuestro</span> <span class='ocrx_word' id='word_1_52' title='bbox 544 1872 588 1917; x_wconf 92' lang='lat' dir='ltr'>en</span> <span class='ocrx_word' id='word_1_53' title='bbox 603 1852 744 1918; x_wconf 88' lang='lat' dir='ltr'>Christo</span> <span class='ocrx_word' id='word_1_54' title='bbox 759 1864 904 1919; x_wconf 90' lang='lat' dir='ltr'>nuestro</span> <span class='ocrx_word' id='word_1_55' title='bbox 919 1853 1032 1918; x_wconf 83' lang='lat' dir='ltr'>Sedor</span> <span class='ocrx_word' id='word_1_56' title='bbox 1046 1855 1079 1918; x_wconf 90' lang='lat' dir='ltr'>ei</span> <span class='ocrx_word' id='word_1_57' title='bbox 1093 1853 1131 1918; x_wconf 90' lang='lat' dir='ltr'>P.</span> <span class='ocrx_word' id='word_1_58' title='bbox 1156 1853 1222 1918; x_wconf 92' lang='lat' dir='ltr'>M.⁰</span> <span class='ocrx_word' id='word_1_59' title='bbox 1246 1853 1391 1934; x_wconf 81' lang='lat' dir='ltr'>Ignacio</span> <span class='ocrx_word' id='word_1_60' title='bbox 1406 1856 1449 1920; x_wconf 91' lang='lat' dir='ltr'>de</span> <span class='ocrx_word' id='word_1_61' title='bbox 1466 1854 1624 1934; x_wconf 83' lang='lat' dir='ltr'>Loyola,</span> 
     </span>
     <span class='ocr_line' id='line_1_11' title="bbox 388 1959 1425 2041; baseline -0.001 -18"><span class='ocrx_word' id='word_1_62' title='bbox 388 1959 569 2041; x_wconf 85' lang='lat' dir='ltr'>Prepdsito</span> <span class='ocrx_word' id='word_1_63' title='bbox 584 1959 738 2024; x_wconf 85' lang='lat' dir='ltr'>General</span> <span class='ocrx_word' id='word_1_64' title='bbox 752 1960 795 2023; x_wconf 91' lang='lat' dir='ltr'>de</span> <span class='ocrx_word' id='word_1_65' title='bbox 810 1961 844 2023; x_wconf 84' lang='lat' dir='ltr'>la</span> <span class='ocrx_word' id='word_1_66' title='bbox 860 1960 1055 2041; x_wconf 83' lang='lat' dir='ltr'>Compama</span> <span class='ocrx_word' id='word_1_67' title='bbox 1072 1959 1224 2038; x_wconf 87' lang='lat' dir='ltr'>deibus,</span> <span class='ocrx_word' id='word_1_68' title='bbox 1241 1977 1286 2024; x_wconf 92' lang='lat' dir='ltr'>en</span> <span class='ocrx_word' id='word_1_69' title='bbox 1302 1959 1425 2024; x_wconf 88' lang='lat' dir='ltr'>Roma.</span> 
     </span>
    </p>

    <p class='ocr_par' dir='ltr' id='par_1_8' title="bbox 395 2064 1626 2146">
     <span class='ocr_line' id='line_1_12' title="bbox 395 2064 1626 2146; baseline 0.006 -22"><span class='ocrx_word' id='word_1_70' title='bbox 395 2105 404 2124; x_wconf 88' lang='lat'><em>.</em></span> <span class='ocrx_word' id='word_1_71' title='bbox 448 2067 533 2131; x_wconf 82' lang='lat' dir='ltr'>Alia</span> <span class='ocrx_word' id='word_1_72' title='bbox 547 2083 670 2129; x_wconf 85' lang='lat' dir='ltr'>manu:</span> <span class='ocrx_word' id='word_1_73' title='bbox 688 2065 776 2130; x_wconf 88' lang='lat'>1556.</span> <span class='ocrx_word' id='word_1_74' title='bbox 794 2064 938 2131; x_wconf 88' lang='lat' dir='ltr'>Seuilia.</span> <span class='ocrx_word' id='word_1_75' title='bbox 957 2065 1243 2146; x_wconf 87' lang='lat' dir='ltr'>Quadrimestres</span> <span class='ocrx_word' id='word_1_76' title='bbox 1259 2067 1302 2132; x_wconf 89' lang='lat' dir='ltr'>de</span> <span class='ocrx_word' id='word_1_77' title='bbox 1325 2068 1363 2131; x_wconf 87' lang='lat'>21</span> <span class='ocrx_word' id='word_1_78' title='bbox 1381 2068 1424 2132; x_wconf 91' lang='lat' dir='ltr'>de</span> <span class='ocrx_word' id='word_1_79' title='bbox 1440 2067 1568 2132; x_wconf 88' lang='lat' dir='ltr'>Enero.</span> <span class='ocrx_word' id='word_1_80' title='bbox 1585 2071 1626 2144; x_wconf 57' lang='lat'>†²</span> 
     </span>
    </p>

    <p class='ocr_par' dir='ltr' id='par_1_9' title="bbox 461 2173 915 2253">
     <span class='ocr_line' id='line_1_13' title="bbox 461 2173 915 2253; baseline -0.007 -17"><span class='ocrx_word' id='word_1_81' title='bbox 461 2173 659 2252; x_wconf 83' lang='lat' dir='ltr'><em>Vestigium</em></span> <span class='ocrx_word' id='word_1_82' title='bbox 672 2188 773 2235; x_wconf 86' lang='lat' dir='ltr'>cerae</span> <span class='ocrx_word' id='word_1_83' title='bbox 784 2173 915 2253; x_wconf 80' lang='lat' dir='ltr'><em>sigilli.</em></span> 
     </span>
    </p>
   </div>
   <div class='ocr_carea' id='block_1_6' title="bbox 389 2705 1627 2763">
    <p class='ocr_par' dir='ltr' id='par_1_10' title="bbox 389 2705 1627 2763">
     <span class='ocr_line' id='line_1_14' title="bbox 389 2705 1627 2763; baseline 0.002 -13"><span class='ocrx_word' id='word_1_84' title='bbox 389 2707 604 2752; x_wconf 79' lang='lat' dir='ltr'>Praecedentiurn</span> <span class='ocrx_word' id='word_1_85' title='bbox 622 2708 771 2753; x_wconf 76' lang='lat' dir='ltr'>litterarum</span> <span class='ocrx_word' id='word_1_86' title='bbox 784 2707 867 2752; x_wconf 76' lang='lat' dir='ltr'>latina</span> <span class='ocrx_word' id='word_1_87' title='bbox 883 2708 977 2760; x_wconf 83' lang='lat' dir='ltr'>versio,</span> <span class='ocrx_word' id='word_1_88' title='bbox 986 2719 1002 2752; x_wconf 81' lang='lat' dir='ltr'>a</span> <span class='ocrx_word' id='word_1_89' title='bbox 1013 2707 1040 2752; x_wconf 86' lang='lat' dir='ltr'>P.</span> <span class='ocrx_word' id='word_1_90' title='bbox 1058 2706 1156 2760; x_wconf 75' lang='lat' dir='ltr'>joanne</span> <span class='ocrx_word' id='word_1_91' title='bbox 1166 2706 1268 2751; x_wconf 77' lang='lat' dir='ltr'>qurez</span> <span class='ocrx_word' id='word_1_92' title='bbox 1283 2708 1383 2762; x_wconf 70' lang='lat' dir='ltr'>scripta</span> <span class='ocrx_word' id='word_1_93' title='bbox 1396 2713 1424 2752; x_wconf 80' lang='lat' dir='ltr'>et</span> <span class='ocrx_word' id='word_1_94' title='bbox 1438 2705 1592 2763; x_wconf 79' lang='lat' dir='ltr'>subscripta</span> <span class='ocrx_word' id='word_1_95' title='bbox 1602 2708 1627 2756; x_wconf 65' lang='grc' dir='ltr'>ἱ.</span> 
     </span>
    </p>
   </div>
   <div class='ocr_carea' id='block_1_7' title="bbox 965 2897 1039 3015">
    <p class='ocr_par' dir='ltr' id='par_1_11' title="bbox 965 2897 1039 3015">
     <span class='ocr_line' id='line_1_15' title="bbox 965 2897 1039 3015; baseline 0.014 -1"><span class='ocrx_word' id='word_1_96' title='bbox 965 2897 1039 3015; x_wconf 72' lang='lat' dir='ltr'>uis</span> 
     </span>
    </p>
   </div>
   <div class='ocr_carea' id='block_1_8' title="bbox 386 3137 1629 4498">
    <p class='ocr_par' dir='ltr' id='par_1_12' title="bbox 389 3137 1628 3310">
     <span class='ocr_line' id='line_1_16' title="bbox 448 3137 1628 3221; baseline 0 -19"><span class='ocrx_word' id='word_1_97' title='bbox 448 3138 572 3202; x_wconf 82' lang='lat' dir='ltr'>Gratia</span> <span class='ocrx_word' id='word_1_98' title='bbox 585 3148 619 3202; x_wconf 90' lang='lat' dir='ltr'>et</span> <span class='ocrx_word' id='word_1_99' title='bbox 634 3155 705 3218; x_wconf 87' lang='lat' dir='ltr'>pax</span> <span class='ocrx_word' id='word_1_100' title='bbox 720 3137 864 3202; x_wconf 89' lang='lat' dir='ltr'><em>Domini</em></span> <span class='ocrx_word' id='word_1_101' title='bbox 878 3139 990 3202; x_wconf 88' lang='lat' dir='ltr'>nostri</span> <span class='ocrx_word' id='word_1_102' title='bbox 1000 3138 1084 3221; x_wconf 91' lang='lat' dir='ltr'>Jesu</span> <span class='ocrx_word' id='word_1_103' title='bbox 1097 3137 1179 3219; x_wconf 92' lang='lat' dir='ltr'>Xpi.</span> <span class='ocrx_word' id='word_1_104' title='bbox 1193 3138 1239 3201; x_wconf 91' lang='lat' dir='ltr'>sit</span> <span class='ocrx_word' id='word_1_105' title='bbox 1250 3155 1388 3218; x_wconf 88' lang='lat' dir='ltr'>semper</span> <span class='ocrx_word' id='word_1_106' title='bbox 1400 3139 1436 3200; x_wconf 89' lang='lat' dir='ltr'>in</span> <span class='ocrx_word' id='word_1_107' title='bbox 1448 3137 1628 3202; x_wconf 82' lang='lat' dir='ltr'><strong>cordibus</strong></span> 
     </span>
     <span class='ocr_line' id='line_1_17' title="bbox 389 3244 675 3310; baseline 0.003 -2"><span class='ocrx_word' id='word_1_108' title='bbox 389 3246 530 3309; x_wconf 89' lang='lat' dir='ltr'>nostris.</span> <span class='ocrx_word' id='word_1_109' title='bbox 548 3244 675 3310; x_wconf 88' lang='lat' dir='ltr'>Amen.</span> 
     </span>
    </p>

    <p class='ocr_par' dir='ltr' id='par_1_13' title="bbox 386 3352 1629 4498">
     <span class='ocr_line' id='line_1_18' title="bbox 445 3352 1623 3434; baseline 0.003 -20"><span class='ocrx_word' id='word_1_110' title='bbox 445 3352 629 3416; x_wconf 83' lang='lat' dir='ltr'>Habentur</span> <span class='ocrx_word' id='word_1_111' title='bbox 656 3371 794 3434; x_wconf 85' lang='lat' dir='ltr'>semper</span> <span class='ocrx_word' id='word_1_112' title='bbox 819 3353 944 3416; x_wconf 87' lang='lat' dir='ltr'>solitae</span> <span class='ocrx_word' id='word_1_113' title='bbox 970 3353 1171 3431; x_wconf 86' lang='lat' dir='ltr'>conciones,</span> <span class='ocrx_word' id='word_1_114' title='bbox 1195 3362 1392 3416; x_wconf 89' lang='lat' dir='ltr'>cumtanta</span> <span class='ocrx_word' id='word_1_115' title='bbox 1412 3353 1623 3417; x_wconf 87' lang='lat' dir='ltr'>auditorum</span> 
     </span>
     <span class='ocr_line' id='line_1_19' title="bbox 386 3459 1628 3538; baseline 0.002 -16"><span class='ocrx_word' id='word_1_116' title='bbox 386 3459 542 3523; x_wconf 89' lang='lat' dir='ltr'>motione</span> <span class='ocrx_word' id='word_1_117' title='bbox 563 3477 605 3523; x_wconf 89' lang='lat' dir='ltr'>ac</span> <span class='ocrx_word' id='word_1_118' title='bbox 627 3459 826 3523; x_wconf 87' lang='lat' dir='ltr'>animorum</span> <span class='ocrx_word' id='word_1_119' title='bbox 846 3459 1067 3537; x_wconf 85' lang='lat' dir='ltr'>contritione,</span> <span class='ocrx_word' id='word_1_120' title='bbox 1088 3467 1139 3538; x_wconf 90' lang='lat' dir='ltr'>vt,</span> <span class='ocrx_word' id='word_1_121' title='bbox 1161 3477 1233 3522; x_wconf 91' lang='lat' dir='ltr'>non</span> <span class='ocrx_word' id='word_1_122' title='bbox 1254 3460 1414 3522; x_wconf 89' lang='lat' dir='ltr'>valentes</span> <span class='ocrx_word' id='word_1_123' title='bbox 1434 3459 1628 3524; x_wconf 86' lang='lat' dir='ltr'>continere</span> 
     </span>
     <span class='ocr_line' id='line_1_20' title="bbox 388 3564 1625 3646; baseline 0.001 -18"><span class='ocrx_word' id='word_1_124' title='bbox 388 3564 564 3643; x_wconf 85' lang='lat' dir='ltr'>affectum,</span> <span class='ocrx_word' id='word_1_125' title='bbox 580 3583 687 3646; x_wconf 86' lang='lat' dir='ltr'>saepe</span> <span class='ocrx_word' id='word_1_126' title='bbox 702 3566 737 3628; x_wconf 90' lang='lat' dir='ltr'>in</span> <span class='ocrx_word' id='word_1_127' title='bbox 751 3567 954 3646; x_wconf 88' lang='lat' dir='ltr'>lachrymas</span> <span class='ocrx_word' id='word_1_128' title='bbox 973 3575 1216 3646; x_wconf 85' lang='lat' dir='ltr'>prorumpant.</span> <span class='ocrx_word' id='word_1_129' title='bbox 1233 3565 1267 3629; x_wconf 91' lang='lat' dir='ltr'><strong>A</strong></span> <span class='ocrx_word' id='word_1_130' title='bbox 1279 3565 1501 3646; x_wconf 87' lang='lat' dir='ltr'>quibusdam,</span> <span class='ocrx_word' id='word_1_131' title='bbox 1520 3582 1625 3646; x_wconf 85' lang='lat' dir='ltr'>prae·</span> 
     </span>
     <span class='ocr_line' id='line_1_21' title="bbox 387 3670 1619 3752; baseline 0.001 -18"><span class='ocrx_word' id='word_1_132' title='bbox 387 3673 510 3736; x_wconf 89' lang='lat' dir='ltr'>sertim</span> <span class='ocrx_word' id='word_1_133' title='bbox 525 3671 568 3734; x_wconf 91' lang='lat' dir='ltr'>de</span> <span class='ocrx_word' id='word_1_134' title='bbox 583 3681 696 3735; x_wconf 89' lang='lat' dir='ltr'>morte</span> <span class='ocrx_word' id='word_1_135' title='bbox 710 3683 745 3734; x_wconf 88' lang='lat' dir='ltr'>et</span> <span class='ocrx_word' id='word_1_136' title='bbox 759 3672 900 3750; x_wconf 89' lang='lat' dir='ltr'>iudicio,</span> <span class='ocrx_word' id='word_1_137' title='bbox 917 3671 1054 3736; x_wconf 88' lang='lat' dir='ltr'>dimissi</span> <span class='ocrx_word' id='word_1_138' title='bbox 1068 3671 1230 3735; x_wconf 87' lang='lat' dir='ltr'>redibant</span> <span class='ocrx_word' id='word_1_139' title='bbox 1249 3671 1374 3734; x_wconf 91' lang='lat' dir='ltr'>domos</span> <span class='ocrx_word' id='word_1_140' title='bbox 1389 3681 1464 3735; x_wconf 91' lang='lat' dir='ltr'>tota</span> <span class='ocrx_word' id='word_1_141' title='bbox 1487 3670 1544 3734; x_wconf 88' lang='lat' dir='ltr'>via</span> <span class='ocrx_word' id='word_1_142' title='bbox 1559 3687 1619 3752; x_wconf 85' lang='lat' dir='ltr'>ge·</span> 
     </span>
     <span class='ocr_line' id='line_1_22' title="bbox 386 3777 1623 3860; baseline -0.002 -18"><span class='ocrx_word' id='word_1_143' title='bbox 386 3790 523 3843; x_wconf 89' lang='lat' dir='ltr'>mentes</span> <span class='ocrx_word' id='word_1_144' title='bbox 537 3788 572 3841; x_wconf 90' lang='lat' dir='ltr'>et</span> <span class='ocrx_word' id='word_1_145' title='bbox 584 3777 718 3855; x_wconf 88' lang='lat' dir='ltr'>flentes,</span> <span class='ocrx_word' id='word_1_146' title='bbox 735 3780 986 3860; x_wconf 88' lang='lat' dir='ltr'>voluentesque</span> <span class='ocrx_word' id='word_1_147' title='bbox 1001 3779 1119 3842; x_wconf 87' lang='lat' dir='ltr'>animo</span> <span class='ocrx_word' id='word_1_148' title='bbox 1135 3777 1366 3858; x_wconf 82' lang='lat' dir='ltr'>cogitabundi</span> <span class='ocrx_word' id='word_1_149' title='bbox 1384 3779 1428 3842; x_wconf 90' lang='lat' dir='ltr'>de</span> <span class='ocrx_word' id='word_1_150' title='bbox 1451 3778 1547 3841; x_wconf 87' lang='lat' dir='ltr'>vitae</span> <span class='ocrx_word' id='word_1_151' title='bbox 1564 3795 1623 3842; x_wconf 76' lang='lat' dir='ltr'>re·-</span> 
     </span>
     <span class='ocr_line' id='line_1_23' title="bbox 387 3883 1627 3965; baseline -0.001 -17"><span class='ocrx_word' id='word_1_152' title='bbox 387 3884 600 3950; x_wconf 87' lang='lat' dir='ltr'>iormatione</span> <span class='ocrx_word' id='word_1_153' title='bbox 615 3893 649 3948; x_wconf 91' lang='lat' dir='ltr'>et</span> <span class='ocrx_word' id='word_1_154' title='bbox 665 3884 937 3965; x_wconf 88' lang='lat' dir='ltr'>praeparatione</span> <span class='ocrx_word' id='word_1_155' title='bbox 953 3884 998 3947; x_wconf 90' lang='lat' dir='ltr'>ad</span> <span class='ocrx_word' id='word_1_156' title='bbox 1013 3895 1174 3948; x_wconf 89' lang='lat' dir='ltr'>mortem.</span> <span class='ocrx_word' id='word_1_157' title='bbox 1191 3883 1284 3947; x_wconf 88' lang='lat' dir='ltr'>Hinc</span> <span class='ocrx_word' id='word_1_158' title='bbox 1298 3885 1485 3965; x_wconf 86' lang='lat' dir='ltr'>quaedam,</span> <span class='ocrx_word' id='word_1_159' title='bbox 1498 3894 1627 3948; x_wconf 86' lang='lat' dir='ltr'>mente</span> 
     </span>
     <span class='ocr_line' id='line_1_24' title="bbox 388 3989 1620 4072; baseline -0.002 -17"><span class='ocrx_word' id='word_1_160' title='bbox 388 4000 613 4072; x_wconf 87' lang='lat' dir='ltr'>compuncta,</span> <span class='ocrx_word' id='word_1_161' title='bbox 641 3990 785 4054; x_wconf 90' lang='lat' dir='ltr'>domum</span> <span class='ocrx_word' id='word_1_162' title='bbox 809 3991 949 4054; x_wconf 87' lang='lat' dir='ltr'>rediens</span> <span class='ocrx_word' id='word_1_163' title='bbox 973 3991 1116 4071; x_wconf 93' lang='lat' dir='ltr'>deponit</span> <span class='ocrx_word' id='word_1_164' title='bbox 1142 3989 1358 4071; x_wconf 90' lang='lat' dir='ltr'>superfluum</span> <span class='ocrx_word' id='word_1_165' title='bbox 1384 3991 1536 4054; x_wconf 91' lang='lat' dir='ltr'>vestium</span> <span class='ocrx_word' id='word_1_166' title='bbox 1555 3989 1620 4052; x_wconf 94' lang='lat' dir='ltr'>do-</span> 
     </span>
     <span class='ocr_line' id='line_1_25' title="bbox 392 4096 1627 4178; baseline -0.001 -17"><span class='ocrx_word' id='word_1_167' title='bbox 392 4115 538 4178; x_wconf 92' lang='lat' dir='ltr'>musque</span> <span class='ocrx_word' id='word_1_168' title='bbox 567 4106 746 4175; x_wconf 88' lang='lat' dir='ltr'>ornatum,</span> <span class='ocrx_word' id='word_1_169' title='bbox 777 4097 876 4160; x_wconf 84' lang='lat' dir='ltr'>iuxta</span> <span class='ocrx_word' id='word_1_170' title='bbox 904 4096 1173 4161; x_wconf 85' lang='lat' dir='ltr'>fundamentum</span> <span class='ocrx_word' id='word_1_171' title='bbox 1201 4097 1393 4175; x_wconf 77' lang='lat' dir='ltr'>contioniS,</span> <span class='ocrx_word' id='word_1_172' title='bbox 1425 4096 1627 4176; x_wconf 86' lang='lat' dir='ltr'>disponens</span> 
     </span>
     <span class='ocr_line' id='line_1_26' title="bbox 391 4201 1625 4285; baseline -0.001 -17"><span class='ocrx_word' id='word_1_173' title='bbox 391 4205 511 4268; x_wconf 91' lang='lat' dir='ltr'>domui</span> <span class='ocrx_word' id='word_1_174' title='bbox 536 4221 633 4283; x_wconf 88' lang='lat' dir='ltr'>suae,</span> <span class='ocrx_word' id='word_1_175' title='bbox 664 4213 703 4266; x_wconf 86' lang='lat' dir='ltr'>vt</span> <span class='ocrx_word' id='word_1_176' title='bbox 731 4221 812 4268; x_wconf 90' lang='lat' dir='ltr'>cras</span> <span class='ocrx_word' id='word_1_177' title='bbox 840 4204 1030 4268; x_wconf 87' lang='lat' dir='ltr'>moritura:</span> <span class='ocrx_word' id='word_1_178' title='bbox 1054 4203 1230 4285; x_wconf 88' lang='lat' dir='ltr'>quaedam</span> <span class='ocrx_word' id='word_1_179' title='bbox 1243 4204 1461 4283; x_wconf 88' lang='lat' dir='ltr'>pauperibus</span> <span class='ocrx_word' id='word_1_180' title='bbox 1484 4201 1625 4267; x_wconf 85' lang='lat' dir='ltr'>sericas</span> 
     </span>
     <span class='ocr_line' id='line_1_27' title="bbox 390 4309 1629 4392; baseline -0.001 -19"><span class='ocrx_word' id='word_1_181' title='bbox 390 4321 510 4375; x_wconf 89' lang='lat' dir='ltr'>vestes</span> <span class='ocrx_word' id='word_1_182' title='bbox 524 4309 787 4374; x_wconf 87' lang='lat' dir='ltr'>distribuendas</span> <span class='ocrx_word' id='word_1_183' title='bbox 802 4319 962 4390; x_wconf 82' lang='lat' dir='ltr'>erogant,</span> <span class='ocrx_word' id='word_1_184' title='bbox 987 4309 1159 4392; x_wconf 86' lang='lat' dir='ltr'>quaedam</span> <span class='ocrx_word' id='word_1_185' title='bbox 1182 4309 1389 4389; x_wconf 83' lang='lat' dir='ltr'>religionem</span> <span class='ocrx_word' id='word_1_186' title='bbox 1405 4319 1629 4390; x_wconf 70' lang='lat' dir='ltr'>proponunt3</span> 
     </span>
     <span class='ocr_line' id='line_1_28' title="bbox 390 4415 1625 4498; baseline -0.001 -17"><span class='ocrx_word' id='word_1_187' title='bbox 390 4418 474 4481; x_wconf 91' lang='lat' dir='ltr'>hinc</span> <span class='ocrx_word' id='word_1_188' title='bbox 490 4418 541 4495; x_wconf 92' lang='lat' dir='ltr'>(vt</span> <span class='ocrx_word' id='word_1_189' title='bbox 556 4417 592 4481; x_wconf 88' lang='lat' dir='ltr'>in</span> <span class='ocrx_word' id='word_1_190' title='bbox 607 4415 889 4481; x_wconf 82' lang='lat' dir='ltr'>confessionibus</span> <span class='ocrx_word' id='word_1_191' title='bbox 905 4416 1090 4481; x_wconf 88' lang='lat' dir='ltr'>audiendis</span> <span class='ocrx_word' id='word_1_192' title='bbox 1102 4416 1336 4498; x_wconf 88' lang='lat' dir='ltr'>percepimus)</span> <span class='ocrx_word' id='word_1_193' title='bbox 1349 4425 1447 4480; x_wconf 86' lang='lat' dir='ltr'>tanta</span> <span class='ocrx_word' id='word_1_194' title='bbox 1463 4416 1500 4480; x_wconf 92' lang='lat' dir='ltr'>in</span> <span class='ocrx_word' id='word_1_195' title='bbox 1514 4416 1625 4480; x_wconf 89' lang='lat' dir='ltr'>vesti·</span> 
     </span>
    </p>
   </div>
   <div class='ocr_carea' id='block_1_9' title="bbox 388 4619 1625 4820">
    <p class='ocr_par' dir='ltr' id='par_1_14' title="bbox 388 4619 1625 4820">
     <span class='ocr_line' id='line_1_29' title="bbox 429 4619 1625 4678; baseline 0.003 -14"><span class='ocrx_word' id='word_1_196' title='bbox 429 4623 438 4655; x_wconf 76' lang='grc' dir='ltr'>Ι</span> <span class='ocrx_word' id='word_1_197' title='bbox 466 4619 540 4676; x_wconf 77' lang='lat' dir='ltr'>ilaec</span> <span class='ocrx_word' id='word_1_198' title='bbox 555 4621 594 4666; x_wconf 80' lang='lat' dir='ltr'>De</span> <span class='ocrx_word' id='word_1_199' title='bbox 605 4621 707 4666; x_wconf 81' lang='lat' dir='ltr'>Seviiia</span> <span class='ocrx_word' id='word_1_200' title='bbox 710 4651 751 4666; x_wconf 89' lang='grc'>.....</span> <span class='ocrx_word' id='word_1_201' title='bbox 760 4622 827 4667; x_wconf 82' lang='grc'>1556</span> <span class='ocrx_word' id='word_1_202' title='bbox 837 4623 923 4667; x_wconf 76' lang='lat' dir='ltr'>alteru</span> <span class='ocrx_word' id='word_1_203' title='bbox 934 4622 1038 4676; x_wconf 76' lang='lat' dir='ltr'>scripsit</span> <span class='ocrx_word' id='word_1_204' title='bbox 1047 4632 1147 4675; x_wconf 76' lang='lat' dir='ltr'>manus,</span> <span class='ocrx_word' id='word_1_205' title='bbox 1157 4621 1282 4666; x_wconf 76' lang='lat' dir='ltr'>videlicet</span> <span class='ocrx_word' id='word_1_206' title='bbox 1296 4621 1384 4665; x_wconf 73' lang='lat' dir='ltr'>Patris</span> <span class='ocrx_word' id='word_1_207' title='bbox 1394 4620 1502 4674; x_wconf 77' lang='lat' dir='ltr'>Joannls</span> <span class='ocrx_word' id='word_1_208' title='bbox 1510 4619 1625 4678; x_wconf 63' lang='lat' dir='ltr'>anren</span> 
     </span>
     <span class='ocr_line' id='line_1_30' title="bbox 388 4693 1197 4749; baseline -0.002 -11"><span class='ocrx_word' id='word_1_209' title='bbox 388 4703 454 4749; x_wconf 81' lang='lat' dir='ltr'>quae</span> <span class='ocrx_word' id='word_1_210' title='bbox 466 4693 549 4736; x_wconf 78' lang='lat' dir='ltr'>etiarn</span> <span class='ocrx_word' id='word_1_211' title='bbox 559 4695 805 4749; x_wconf 78' lang='lat' dir='ltr'>superscriptionem</span> <span class='ocrx_word' id='word_1_212' title='bbox 816 4694 842 4738; x_wconf 86' lang='lat' dir='ltr'>in</span> <span class='ocrx_word' id='word_1_213' title='bbox 852 4701 947 4748; x_wconf 82' lang='lat' dir='ltr'>quarta</span> <span class='ocrx_word' id='word_1_214' title='bbox 958 4695 1055 4749; x_wconf 68' lang='lat' dir='ltr'>pagina</span> <span class='ocrx_word' id='word_1_215' title='bbox 1066 4693 1197 4736; x_wconf 77' lang='lat' dir='ltr'>exaravit.</span> 
     </span>
     <span class='ocr_line' id='line_1_31' title="bbox 429 4765 1032 4820; baseline 0 -12"><span class='ocrx_word' id='word_1_216' title='bbox 429 4765 440 4796; x_wconf 83' lang='lat'><strong>¹</strong></span> <span class='ocrx_word' id='word_1_217' title='bbox 473 4765 647 4820; x_wconf 61' lang='lat' dir='ltr'>autographa</span> <span class='ocrx_word' id='word_1_218' title='bbox 657 4765 752 4820; x_wconf 75' lang='lat' dir='ltr'>duplici</span> <span class='ocrx_word' id='word_1_219' title='bbox 763 4765 833 4816; x_wconf 83' lang='lat' dir='ltr'>tolio.</span> <span class='ocrx_word' id='word_1_220' title='bbox 844 4777 886 4809; x_wconf 89' lang='lat' dir='ltr'>nn.</span> <span class='ocrx_word' id='word_1_221' title='bbox 895 4765 934 4809; x_wconf 75' lang='grc'>471</span> <span class='ocrx_word' id='word_1_222' title='bbox 945 4772 972 4810; x_wconf 81' lang='lat' dir='ltr'>et</span> <span class='ocrx_word' id='word_1_223' title='bbox 982 4765 1032 4809; x_wconf 75' lang='lat' dir='ltr'>tit.</span> 
     </span>
    </p>
   </div>
   <div class='ocr_carea' id='block_1_10' title="bbox 0 0 1798 5534">
    <p class='ocr_par' dir='ltr' id='par_1_15' title="bbox 0 0 1798 5534">
     <span class='ocr_line' id='line_1_32' title="bbox 0 0 1798 5534; baseline 0 0"><span class='ocrx_word' id='word_1_224' title='bbox 0 0 1798 5534; x_wconf 95' lang='lat' dir='ltr'> </span> 
     </span>
    </p>
   </div>
  </div>
 </body>
</html>
