3504 5532
385 497 439 558 tat
764 500 938 560 Ltrrnaan
957 513 1228 569 ouanatunsrttns

387 643 566 724 nistrauit,
582 653 705 709 utnon
719 656 791 710 tam
808 647 962 710 hnmano
977 663 1084 728 quam
1099 645 1220 710 diuino
1231 645 1380 709 consilio
1394 644 1445 707 uti
1455 643 1616 725 potuisse

381 749 559 832 uideatur,
577 767 619 816 ac
634 763 776 816 nostros
790 752 919 817 fratres
933 754 983 816 ita
996 752 1185 830 distribuit,
1202 762 1239 815 ut
1255 752 1406 832 singulis
1416 750 1614 832 quibusque

384 857 562 936 paroeciis
577 859 666 922 duos
680 857 898 940 praeficeret,
925 859 1050 940 quihus
1074 859 1273 924 doctrinam
1297 858 1528 922 christianam
1550 856 1609 920 do·

384 965 489 1030 cendi
509 983 636 1030 munus
664 965 892 1031 incumberet.
919 965 993 1030 Nec
1018 983 1075 1031 res
1099 966 1188 1030 haec
1212 965 1341 1046 frigide
1367 965 1526 1028 instituta
1554 974 1613 1028 est

388 1082 495 1154 atque
521 1084 699 1154 suscepta:
725 1074 874 1153 singulis
897 1074 991 1138 enim
1015 1074 1115 1138 festis
1139 1073 1279 1152 diebus,
1303 1089 1384 1137 cum
1408 1071 1611 1147 dominicis,

382 1181 571 1260 paroeciae
596 1197 730 1260 omnes,
757 1197 954 1261 campanae
974 1183 1090 1261 pulsu,
1112 1197 1203 1261 quae
1226 1189 1280 1243 est
1304 1181 1341 1244 in
1364 1178 1452 1242 aede
1476 1177 1613 1242 Beatue

384 1287 521 1351 Mariae
549 1288 724 1364 maxima,
753 1289 979 1367 praemoneri
1012 1287 1140 1366 solent,
1170 1287 1498 1367 praemonitaeque,
1528 1302 1611 1350 cum

386 1394 591 1476 maioribus
607 1403 681 1458 turn
696 1395 803 1458 etiam
818 1394 1014 1458 minorihus
1034 1410 1098 1475 per
1111 1393 1213 1458 vicos
1232 1393 1448 1457 circumlatis
1469 1409 1611 1473 campa·

383 1503 450 1579 nis,
467 1517 597 1582 pueros
612 1517 734 1565 omnes
749 1499 936 1564 aduocant.
950 1500 1108 1580 Quorum
1123 1510 1242 1564 tantus
1255 1509 1309 1564 est
1326 1501 1363 1563 in
1377 1501 1444 1563 hac
1466 1499 1614 1563 ciuitate

385 1625 565 1686 numerus,
578 1618 617 1671 vt
632 1609 668 1671 in
683 1609 739 1671 bis
754 1609 929 1688 paroeciis
951 1608 1110 1685 trecenti,
1131 1608 1167 1670 in
1188 1607 1256 1671 illis
1272 1606 1466 1686 quingenti,
1487 1607 1523 1670 in
1537 1607 1609 1686 qui

388 1715 537 1778 busdam
553 1717 661 1778 multo
676 1715 783 1778 etiam
795 1717 864 1778 sint
879 1715 1008 1795 plures.
1026 1714 1115 1778 Hem
1131 1715 1237 1793 (totus
1259 1715 1434 1778 acclamat
1455 1729 1535 1776 cum
1550 1712 1611 1776 ad-

382 1822 569 1886 miratione
584 1821 747 1902 populus)
763 1837 870 1902 quam
884 1822 928 1886 ab
943 1839 997 1900 ea,
1013 1838 1104 1902 quae
1119 1822 1190 1884 iam
1205 1821 1289 1885 olim
1300 1829 1388 1900 erat,
1402 1819 1543 1884 diuersa
1554 1829 1611 1883 est

384 1937 509 1998 nostra
523 1945 617 1992 nunc
632 1929 772 1992 ciuitas!
788 1946 895 2009 quam
909 1928 992 1992 noui
1008 1929 1136 1991 mores!
1157 1945 1264 2008 quam
1284 1928 1454 1991 inusitata
1473 1926 1609 1990 institu-

379 2035 442 2099 tio!
458 2034 489 2099 Ο
503 2034 663 2099 foelicem
686 2035 797 2114 (aiunt
817 2035 1050 2115 prouectioris
1069 2034 1195 2098 aetatis
1220 2034 1391 2110 homines)
1412 2033 1612 2098 infantilem

380 2158 474 2205 nunc
489 2152 653 2221 aetatem,
672 2159 761 2224 quae
785 2143 928 2205 talenta
953 2141 1075 2221 primis
1100 2141 1195 2205 uitae
1214 2140 1422 2204 rudimentis
1446 2141 1491 2203 ab
1510 2141 1613 2204 hisce

381 2248 641 2328 professoribus
655 2250 853 2313 doctrinam
867 2258 921 2312 est
936 2249 1118 2313 haustura!
1135 2258 1247 2312 curet
1267 2265 1333 2312 nos
1352 2265 1423 2312 non
1444 2265 1609 2328 repuera-

382 2356 531 2419 scimus?
543 2373 692 2436 quorum
703 2355 809 2420 etiam
820 2373 892 2419 non
904 2355 1054 2434 exiguus
1065 2371 1233 2420 numerus
1246 2355 1342 2418 audit
1354 2354 1469 2435 prima
1480 2353 1610 2418 doctri·

381 2480 448 2526 nae
463 2463 678 2526 christianae
693 2464 877 2526 elementa:
899 2463 1137 2540 sciscitantur,
1158 2462 1309 2526 lectione
1324 2461 1485 2526 absoluta
1500 2461 1609 2524 liben-

380 2579 447 2644 ter,
463 2571 494 2632 si
510 2570 593 2650 quid
607 2569 698 2634 forte
712 2569 768 2647 sit,
792 2569 885 2648 quod
905 2587 975 2634 non
994 2570 1081 2633 satis
1101 2569 1192 2632 inter
1214 2569 1428 2634 audiendum
1442 2585 1606 2649 percepe·
1628 2609 1654 2650 ,

377 2677 461 2740 rint.
478 2676 570 2756 Quid
584 2677 672 2740 tum?
688 2677 785 2740 Haec
801 2693 871 2738 vna
887 2676 960 2739 fere
975 2677 1131 2740 omnium
1144 2694 1216 2740 vox
1230 2686 1295 2754 est,
1311 2693 1403 2756 quae
1416 2691 1481 2756 per
1494 2683 1608 2740 totam

382 2783 630 2847 circumfertur
643 2783 776 2846 urbem.
794 2783 886 2861 Quid
900 2783 982 2845 hoc?
1002 2781 1107 2846 Haud
1132 2783 1235 2846 dubie
1251 2799 1355 2846 sacra
1369 2783 1430 2846 illa
1455 2781 1608 2863 Aposto-

381 2891 495 2954 lorum
511 2891 638 2954 cohors
654 2891 779 2988 iterum
794 2891 959 2964 surrexit,
976 2907 1078 2970 quae,
1099 2907 1165 2953 ceu
1186 2891 1230 2954 ab
1252 2890 1332 2954 imis
1351 2890 1505 2954 tenebris
1523 2888 1607 2954 edu-

376 3007 489 3074 ctam,
506 2996 637 3061 Christi
651 2996 756 3059 fidem
770 2997 806 3059 in
820 2997 1002 3061 hominum
1017 3008 1158 3061 coetum
1168 2997 1324 3077 protulit.

380 3227 524 3291 pressus
547 3211 604 3274 hic
628 3221 682 3273 est
706 3210 890 3274 doctrinae
914 3211 1129 3275 christianae
1154 3211 1292 3276 libellus
1311 3211 1468 3275 carmine
1488 3211 1611 3276 italico

380 3317 613 3396 conscriptus
629 3325 667 3381 ut
682 3319 813 3380 teneris
824 3335 1015 3398 puerorum
1029 3319 1205 3382 mentibus
1218 3317 1357 3382 facilius
1376 3335 1431 3397 ea,
1452 3334 1542 3398 quae
1557 3319 1608 3382 ad

379 3423 610 3487 christianam
634 3425 832 3488 doctrinam
846 3435 1019 3506 spectant,
1045 3436 1081 3489 et
1100 3423 1234 3490 firmius
1255 3426 1425 3488 haereant
1445 3423 1465 3484 ¹.
1490 3423 1607 3500 Hanc,

378 3525 439 3593 ubi
450 3530 602 3609 primum
617 3531 663 3594 ad
676 3531 845 3611 templum
856 3541 1003 3595 ventum
1018 3541 1082 3610 est,
1105 3549 1175 3595 uno
1190 3549 1209 3594 e
1231 3531 1510 3612 prouectioribus
1533 3531 1608 3594 alta

378 3654 466 3700 uoce
481 3637 664 3715 recitante,
680 3639 813 3702 caeteri
827 3639 931 3701 simul
946 3639 1017 3702 leni
1031 3639 1254 3720 iucundoque
1265 3647 1439 3702 concentu
1461 3655 1607 3719 respon-

380 3744 475 3808 dent.
492 3743 720 3808 Postmodum
736 3743 928 3824 sigillatim,
943 3746 1004 3825 qui
1028 3754 1176 3825 possunt
1196 3747 1233 3810 in
1257 3754 1356 3809 tanto
1377 3762 1536 3823 numero,
1553 3744 1608 3808 in-

377 3861 615 3930 terrogantur.
630 3851 695 3914 His
707 3850 891 3930 diligenter
905 3853 1070 3932 peractis,
1084 3853 1272 3917 lectionem
1284 3853 1473 3933 professor,
1488 3853 1607 3916 obser-

376 3966 460 4020 uato
486 3957 610 4022 ordine
632 3958 738 4022 libelli
760 3958 943 4022 doctrinae
970 3960 1197 4040 christianae,
1224 3961 1408 4040 praelegit,
1430 3977 1536 4041 quarn
1554 3959 1607 4022 ita

374 4073 510 4129 attente
525 4065 622 4130 audit
633 4075 762 4129 natura
776 4066 992 4130 tumultuosa
1008 4077 1042 4130 et
1057 4067 1215 4130 clamosa
1229 4077 1339 4146 aetas,
1361 4077 1399 4131 ut
1413 4068 1449 4131 in
1460 4084 1606 4132 sexcen-

378 4181 496 4236 torum
510 4189 701 4252 puerorum
714 4191 862 4236 numero
877 4173 940 4237 vix
954 4173 1045 4237 ullus
1060 4174 1271 4238 exaudiatur
1286 4174 1464 4256 strepitus;
1478 4173 1609 4237 adsunt

375 4278 482 4358 enim,
498 4288 639 4359 praeter
654 4287 808 4356 nostros,
826 4278 862 4342 in
878 4280 1018 4361 templis
1043 4280 1194 4360 singulis
1218 4281 1402 4360 relligione
1426 4291 1461 4344 et
1475 4281 1610 4361 pietate

376 4383 591 4448 obseruandi
616 4385 843 4464 sacerdotes,
869 4387 930 4467 qui
954 4395 1198 4450 correctorum
1221 4387 1417 4468 funguntur
1446 4402 1606 4452 munere.

378 4489 588 4554 Doctrinam
609 4508 717 4571 porro
746 4492 978 4556 christianam
1007 4494 1055 4557 ita
1082 4493 1186 4557 hilari
1211 4510 1457 4575 propensoque
1488 4492 1620 4558 animo.

414 4731 423 4764 ¹
455 4731 521 4777 Vide
531 4733 644 4778 Pocaacr
654 4735 808 4790 chronicon,
818 4742 837 4780 t.
849 4748 875 4790 v,
884 4745 944 4790 m.
955 4735 1002 4790 let,
1012 4745 1036 4781 n.
1045 4737 1094 4780 tat.
