3436 5526
400 463 455 524 628
486 451 489 458 ’
546 455 552 464 ’
628 460 692 472 ’
720 469 722 474 ’
746 467 753 474 ’
773 467 955 528 'Lr'rranna
973 479 1244 536 ooaouuesraes

460 721 726 802 superscriptio
748 723 788 785 in
813 722 965 787 alterius
983 724 1141 805 exempli
1162 725 1280 791 ultera
1297 727 1453 806 pagina.
1478 672 1547 792 uis
1569 725 1605 790 At

398 846 480 910 muy
496 828 573 892 R.‘¹⁰
593 827 706 893 Pndrc
722 839 866 894 nuestro
880 845 925 894 en
940 830 1093 910 Christo,
1111 833 1142 895 el
1157 832 1271 898 Padre
1290 833 1448 898 Maestro
1467 831 1605 914 Laynez,

398 935 543 1000 Vicnrio
557 938 703 1016 general
717 937 760 1002 de
776 939 810 1000 la
825 937 1021 1018 Companla'
1036 939 1079 1002 dc
1092 939 1207 1021 Jcsu5‚
1221 958 1266 1003 en
1279 938 1405 1006 Roma.

455 1043 569 1107 Manu
584 1041 716 1106 Patris
730 1043 906 1107 Polanco:
921 1043 1098 1122 Cordoun,
1115 1047 1221 1127 quad.
1246 1037 1414 1116 Decemb.
1434 1047 1518 1112 1556.
1543 1045 1605 1110 Hoc

394 1149 467 1214 aliu
482 1150 683 1214 emendavit
698 1167 828 1214 monus
842 1151 1001 1214 scribens
1016 1136 1132 1216 Enero
1152 1153 1240 1230 1557,
1254 1153 1316 1220 sed
1329 1154 1481 1220 deletum
1495 1164 1555 1218 est.

463 1257 662 1338 Vestigium
677 1257 808 1338 sigilli.

450 1365 500 1428 'In
511 1365 630 1446 pruno
646 1363 824 1445 exemplo:
843 1365 929 1428 1556.
946 1365 1123 1432 Cordoua.
1141 1365 1196 1432 De
1212 1367 1391 1432 Azeuedo.
1413 1367 1594 1448 Quadrime

392 1483 466 1536 stra
482 1449 655 1554 spagnola
671 1473 752 1535 ult.⁰
767 1471 802 1536 di
819 1473 912 1536 xum
1441 1473 1446 1480 ’

529 2404 741 2450 praecedentium
754 2403 839 2450 Putris
849 2403 920 2448 Petri
931 2405 961 2448 de
974 2405 1093 2448 Aeebedo
1104 2406 1252 2450 litterarum
1264 2405 1346 2450 letina
1357 2407 1443 2451 veruto
1457 2409 1471 2451 ⁸.

957 2713 1032 2847 Jltss

396 3101 398 3106 ·
445 3085 647 3149 Admodum
661 3084 909 3152 Rseinchro.
927 3085 965 3152 P.

445 3192 519 3258 Pax
534 3193 678 3273 Christi,
696 3202 762 3258 etc.

442 3302 591 3366 Omissis
606 3319 696 3382 quae
711 3302 822 3365 uariis
837 3301 947 3364 literis
959 3311 1040 3364 sunt
1055 3301 1216 3382 repetita,
1235 3320 1279 3366 ne
1294 3301 1444 3384 longiori
1459 3300 1601 3384 epistola

381 3411 600 3490 interpellem
620 3419 693 3472 tarn
713 3405 825 3472 serias
844 3407 1098 3488 occupationes
1119 3408 1187 3472 hoc
1210 3411 1418 3490 praesertim
1434 3420 1604 3490 tempere.

381 3519 498 3581 visum
517 3529 569 3580 cst
589 3534 679 3597 quae
699 3515 859 3595 proxime
879 3515 1008 3596 elapsis
1030 3524 1184 3594 quatuor
1205 3517 1386 3581 mensibus
1401 3517 1510 3597 digna
1527 3525 1604 3578 sunt

380 3625 505 3700 relatu,
523 3639 744 3703 percurrere.

438 3731 614 3795 Assiduus
634 3739 667 3792 et
687 3729 895 3792 indeffessas
915 3729 1016 3792 labor
1035 3730 1070 3793 in
1097 3729 1309 3794 elucidanda
1334 3729 1532 3795 christiana
1551 3727 1604 3792 do·

378 3839 491 3903 ctrina
506 3837 600 3918 parit
615 3835 771 3917 quotidie
786 3836 912 3899 vberes
927 3835 1074 3900 fructus,
1092 3834 1183 3900 Nam
1199 3837 1379 3902 auditores
1393 3838 1460 3904 huc
1477 3835 1525 3904 ad
1539 3851 1601 3900 nos

376 3955 449 4011 tarn
465 3945 585 4009 libenti
599 3944 717 4007 animo
739 3943 883 4006 veniunt
905 3955 983 4024 post
1005 3955 1056 4006 tot
1076 3953 1219 4025 tamque
1238 3943 1603 4025 frequenteshnbitas

375 4055 563 4119 conciones
578 4070 619 4115 ac
634 4051 664 4114 si
679 4067 772 4113 nunc
787 4051 938 4130 primum
954 4052 1184 4130 venissemus;
1197 4051 1247 4115 ita
1258 4050 1295 4116 fit
1305 4053 1530 4132 utadmoniti
1545 4069 1593 4116 re-

374 4163 543 4244 sipiscant
558 4157 668 4237 multi,
684 4159 776 4222 male
790 4167 893 4237 parta
908 4157 1111 4238 restituant,
1133 4159 1277 4240 propria
1295 4159 1445 4224 libenter
1467 4175 1598 4242 paupe·

373 4377 583 4390 ,.-.-..--

412 4513 420 4546 l
449 4513 514 4557 Bina
531 4511 610 4554 etiam
625 4515 684 4552 eunt
699 4507 774 4562 huius
790 4508 887 4552 latinae
903 4508 1030 4552 versioni·
1046 4509 1165 4564 cample
1181 4511 1337 4566 emhetypa,
1355 4519 1500 4568 utrunque
1518 4513 1543 4557 ln
1555 4511 1597 4557 toli

371 4585 453 4634 unico.
465 4583 576 4636 primum
586 4592 610 4624 n.
620 4579 669 4633 ⁵02;
681 4581 792 4623 alterum
803 4580 873 4624 nullo
884 4590 989 4624 numero
997 4579 1146 4624 distinctum
1157 4588 1206 4625 eet.
1217 4579 1246 4625 In
1257 4580 1342 4637 primo
1359 4589 1498 4638 postrema
1513 4591 1608 4630 tantun

370 4659 451 4701 verba
468 4654 647 4710 Cordubae..3..
667 4653 789 4696 Αιιυευο
806 4659 865 4694 sunt
882 4661 959 4695 manu
977 4651 1057 4706 ipsius
1074 4651 1164 4697 Patrio
1181 4654 1312 4700 Azevedo.
1330 4655 1455 4702 Alterum
1473 4665 1558 4703 totum
1571 4663 1607 4701 est

368 4740 446 4773 manu
456 4723 567 4779 librarii,
578 4735 627 4779 quo
639 4731 749 4768 deusest
760 4723 881 4768 Azevedo
892 4724 917 4768 in
928 4725 1011 4779 primo
1023 4726 1143 4779 exemplo
1154 4725 1323 4776 condolendo.
