3410 5528
161 1591 308 1666 Angelus
320 1593 513 1667 PollicinnS‚

192 1689 243 1748 Ex
255 1692 499 1751 commissione
514 1693 623 1753 Patris
640 1693 732 1753 Pauli
745 1693 775 1753 d'
788 1693 940 1766 Achillis,

227 1789 319 1849 Patri
331 1789 460 1864 Ignatio
475 1791 516 1851 de
529 1791 669 1866 Loyola.

262 1889 438 1963 Panormo‚
452 1889 489 1950 30
502 1889 580 1966 Maii
595 1891 665 1950 1556
678 1891 698 1948 ¹.

640 2099 709 2162 Ihs.
732 2098 797 2164 M.⁸

167 2315 215 2378 La
229 2333 363 2381 somma
374 2317 492 2396 gratia
508 2325 541 2379 et
556 2333 657 2380 amor
672 2323 793 2380 eterno
809 2316 845 2381 di
865 2313 1007 2379 Christo
1027 2314 1069 2378 N.
1086 2313 1154 2380 Sse
1169 2315 1221 2380 sia
1242 2332 1330 2378 sem-

3 2420 4 2428 ’
119 2439 176 2500 pre
189 2423 268 2487 nelli
281 2423 521 2488 cuorinostri.
539 2421 665 2487 Amen.

166 2528 271 2594 Molto
290 2529 368 2596 R.<¹⁰
386 2531 423 2594 in
437 2529 502 2596 X.⁰
515 2528 640 2594 Padre.

3 2715 4 2730 χ
166 2635 229 2701 Per
243 2637 407 2703 sodisiar'
421 2637 491 2702 aila
503 2647 606 2701 santa
618 2636 814 2714 ubidienza‚
828 2637 1054 2701 brenemente
1069 2637 1214 2700 daremo
1229 2637 1329 2699 auiso

114 2746 174 2808 alla
188 2744 227 2809 R.
244 2747 281 2810 P.
299 2746 345 2810 V.
363 2746 398 2809 di
413 2753 503 2810 tutto
522 2745 639 2827 quello
661 2744 727 2807 che
748 2745 782 2806 la
802 2743 921 2808 diuina
940 2745 1061 2821 bonta,
1083 2743 1166 2807 nelli
1185 2753 1329 2824 quattro

114 2851 166 2930 gia
180 2855 311 2933 passati
323 2854 423 2934 mesi,
441 2871 503 2933 per
518 2855 577 2916 noi
593 2853 689 2916 serui
700 2852 845 2932 indegni
857 2854 885 2914 s'
898 2852 944 2916 ha
956 2851 1109 2932 degnato
1120 2851 1153 2914 d’
1168 2868 1328 2932 operare.

166 2957 279 3024 Prima
295 2961 327 3024 le
344 2961 465 3025 schole
479 2968 600 3024 nostre
616 2977 734 3023 uanno
747 2977 809 3040 per
824 2960 847 3021 l'
863 2958 962 3023 Iddio
981 2959 1098 3038 gratia
1118 2959 1213 3022 assai
1228 2959 1327 3023 bene.

4 3123 5 3136 ,
115 3064 237 3131 Perche
252 3068 276 3132 li
291 3068 446 3132 scholari
461 3068 545 3147 ogni
566 3068 694 3146 giorno
713 3067 820 3130 fanno
836 3067 1002 3146 maggior
1016 3065 1170 3147 profitt0,
1183 3069 1259 3128 cosi
1273 3065 1329 3129 nel

114 3174 237 3254 spirito,
261 3192 362 3239 corne
381 3177 472 3239 nelle
490 3175 605 3254 lettre,
621 3184 655 3237 et
675 3175 710 3238 ui
725 3173 842 3237 danno
864 3173 900 3237 di
926 3190 965 3236 se
984 3172 1121 3252 grande
1143 3189 1327 3253 speranza.

114 3278 202 3345 Morti
217 3281 249 3346 d'
267 3282 364 3347 assai
383 3283 488 3346 buon’
510 3281 653 3360 ingenio
673 3280 708 3344 di
723 3281 862 3346 diuerse
878 3280 985 3344 classi
999 3280 1109 3343 fanno
1128 3278 1264 3359 grande
1280 3280 1329 3342 in-

114 3397 225 3453 stanza
239 3408 302 3472 per
316 3405 436 3454 essere
451 3389 599 3452 riceuuti
614 3389 706 3452 nella
726 3388 961 3469 Compagnia,
978 3397 1034 3451 tra
1049 3386 1060 3449 i
1074 3387 1171 3469 quali
1186 3386 1245 3450 doi
1259 3395 1327 3449 stu·

112 3495 207 3560 diano
226 3499 261 3562 in
280 3498 476 3575 rhetorica,
497 3496 643 3576 giouani
663 3495 698 3560 di
721 3497 826 3559 molte
845 3497 960 3560 baone
982 3495 1093 3576 parti,
1116 3495 1138 3558 li
1158 3495 1270 3576 quali,
1298 3494 1329 3556 si

112 3619 202 3670 come
215 3607 373 3686 glialtri‚
389 3603 599 3669 desiderano
614 3621 720 3684 sopra
737 3611 825 3667 tutte
845 3604 893 3682 gl'
915 3604 1003 3666 altre
1025 3619 1119 3680 cose,
1143 3600 1290 3664 lasciato
1305 3601 1327 3662 il

114 3712 241 3790 mondo,
254 3713 352 3778 darsi
363 3714 445 3777 tutti
457 3729 478 3774 a
490 3711 559 3775 Dio
570 3709 613 3775 N.
627 3708 704 3776 S.¹⁶·
717 3709 758 3774 Ci
771 3711 1043 3790 marauigliamo
1054 3685 1136 3773 tutt⁰i
1148 3707 1240 3772 della
1252 3709 1327 3770 loro

114 3829 294 3885 constanza
310 3829 344 3884 et
358 3821 541 3901 pacienza,
558 3835 722 3899 speramo
738 3835 805 3882 con
820 3819 842 3880 l'
859 3817 955 3881 aiuto
970 3816 1026 3880 del
1045 3814 1112 3881 81⁰
1128 3817 1193 3881 che
1207 3834 1327 3879 saran-

114 3941 153 3988 no
167 3937 280 4008 presto
295 3927 456 3992 riceuuti.
473 3927 515 3990 Li
531 3928 675 3990 maestri
690 3924 770 3990 tutti
785 3922 973 3988 attendeno
986 3925 1072 3987 afar
1083 3925 1105 3986 l‘
1119 3923 1235 3986 ufficio
1251 3923 1328 3985 loro

115 4047 172 4096 con
186 4037 218 4098 la
232 4035 398 4115 maggior
411 4033 587 4114 diligenza
603 4032 667 4096 che
683 4048 812 4112 ponno:
828 4031 859 4094 si
874 4049 974 4096 come
989 4049 1079 4094 anco
1093 4031 1142 4110 gli
1161 4030 1243 4092 altri
1259 4027 1327 4092 sra-

114 4141 177 4204 telli
189 4143 213 4204 l'
227 4141 332 4207 ufficii
346 4141 382 4206 di
397 4159 492 4205 casa.

164 4247 293 4329 Questa
314 4246 467 4327 Pascha,
488 4247 623 4312 benche
646 4248 758 4311 siamo
779 4263 851 4310 non
869 4263 960 4328 poco
979 4245 1125 4309 discosti
1149 4246 1242 4308 dalla
1262 4244 1329 4308 fre-

11 4348 16 4403 :
114 4357 242 4432 quentia
261 4357 351 4421 delle
365 4357 479 4436 genti,
502 4354 560 4418 doi
573 4355 671 4419 milia
691 4356 721 4418 si
743 4371 847 4434 sono,
869 4370 932 4434 per
946 4355 980 4416 la
995 4352 1114 4416 diuina
1131 4353 1328 4416 misericor-

11 4436 17 4509 ἷ
114 4458 177 4541 dia,
191 4463 392 4528 confessati.
409 4462 496 4527 Nell’
522 4463 646 4527 ultimo
665 4462 792 4526 iubileo
815 4469 913 4525 tanta
936 4460 1155 4525 multitudine
1176 4459 1211 4524 di
1230 4460 1326 4539 genti
1363 4475 1375 4501 x

148 4667 156 4700 ¹
180 4669 367 4726 Antogrnphse
375 4669 472 4725 duplici
481 4669 551 4723 folio,
562 4681 604 4714 nn.
616 4636 655 4714 lind
664 4674 691 4713 et
702 4667 849 4713 167.-Vere
858 4678 908 4711 non
918 4672 977 4712 sunt
988 4665 1037 4710 nisi
1054 4667 1171 4711 italicum
1181 4667 1327 4719 exemplum

13 4744 19 4809 ξ
115 4747 199 4795 urm,
208 4755 272 4798 qnu
280 4743 364 4788 latine
373 4742 490 4786 dedimus
500 4751 589 4795 snpra.
599 4753 623 4784 n.
635 4752 697 4792 oxu,
708 4752 767 4796 pag.
777 4740 826 4784 321.
837 4738 889 4784 Eas
900 4745 988 4783 tamen
998 4738 1039 4782 hic
1049 4739 1106 4782 loeo
1117 4737 1254 4783 distinctas
1263 4739 1327 4781 inse·

13 4828 19 4889 ἱ
116 4811 190 4871 rimus,
200 4818 258 4872 quin
268 4817 329 4862 aliis
340 4816 429 4871 lingna
438 4822 464 4859 et
475 4815 516 4860 die
527 4815 632 4870 alioque
644 4817 677 4858 ab
688 4821 795 4860 auctore
805 4813 883 4857 datae
894 4817 963 4858 snut.
