3382 5528
675 494 739 554 Art.
761 494 832 556 1556
1315 499 1375 558 445

134 631 196 696 vix
217 633 343 699 decem
368 647 402 699 et
426 653 491 700 sex
515 654 627 702 annos
651 647 747 719 nata,
775 657 877 720 quae,
900 638 1016 704 Patris
1037 641 1179 705 monitis
1204 642 1364 722 inuitata,

133 737 272 804 Christi
284 743 401 821 gratia
414 743 566 824 fauente,
583 744 674 809 dixit
687 747 778 810 velle
793 748 830 810 in
844 747 941 810 viam
955 745 1082 811 redire:
1099 748 1188 812 haec
1204 757 1238 812 et
1253 750 1366 814 sibiet

134 847 224 927 aliis,
243 849 329 912 dum
343 867 406 930 per
420 849 510 915 haec
525 853 602 916 loca
618 851 820 933 diuagatur,
837 853 915 934 plus
927 853 1047 917 damni
1062 871 1169 936 quam
1184 857 1262 936 apri
1272 856 1363 922 fren-

134 954 262 1019 dentes
285 957 462 1022 intulerat:
488 960 708 1024 elaboratum
728 969 782 1024 est
806 969 845 1024 vt
870 962 906 1024 in
929 961 1054 1025 melius
1073 963 1184 1027 vitam
1210 980 1365 1028 commu-

133 1071 238 1126 taret.

193 1171 402 1254 CaprariuS,
418 1177 478 1256 qui
488 1175 593 1240 huius
604 1191 728 1238 curam
738 1173 897 1254 gerebat,
914 1174 1043 1254 quique
1055 1192 1133 1238 eam
1144 1193 1186 1240 eo
1198 1177 1361 1254 duxerat,

132 1281 228 1344 nullo
253 1280 364 1345 ferme
384 1283 528 1362 negotio
550 1283 596 1346 ad
616 1281 868 1362 poenitentiam
894 1280 1073 1361 inductus,
1098 1282 1145 1345 ibi
1170 1282 1287 1348 lassus
1309 1297 1363 1349 est

131 1403 201 1450 vna
216 1403 301 1450 cum
315 1387 404 1466 aliis,
420 1389 492 1468 qui,
508 1389 646 1468 gratias
664 1396 812 1468 agentes
826 1387 903 1452 Deo
925 1405 989 1468 pro
1008 1398 1156 1468 accepto
1176 1389 1358 1469 beneficio,

130 1493 351 1558 fortunatum
365 1495 432 1559 sibi
446 1496 603 1560 illuxisse
618 1495 781 1559 dicebant
796 1494 889 1558 diem
904 1496 1012 1558 illum.
1038 1495 1078 1559 In
1093 1497 1218 1560 itinere
1233 1497 1278 1561 ad
1301 1516 1358 1582 op·

131 1601 289 1680 pidulnm
309 1601 516 1667 diuertimus
537 1619 603 1665 nec
623 1601 819 1682 opinantes,
844 1601 904 1664 vbi
923 1601 1156 1682 hospiciolum
1176 1603 1363 1683 ingressus

130 1725 223 1771 vnus
237 1725 285 1771 ex
299 1705 462 1772 Patribus
477 1707 737 1772 adolescentem
752 1707 907 1785 offendit,
921 1709 980 1788 qui
995 1707 1069 1771 lere
1083 1709 1220 1772 iacebat
1235 1712 1360 1775 exani-

131 1814 197 1877 mis
213 1825 260 1893 et,
278 1817 362 1896 quia
376 1815 532 1895 oppiduli
547 1815 647 1879 curio
662 1815 884 1894 aegrotabat,
897 1831 970 1878 non
980 1815 1095 1878 iuerat
1106 1814 1234 1880 fassus:
1252 1817 1301 1880 ita
1316 1835 1362 1882 eo

131 1922 198 1984 iter
212 1922 386 1986 direxisse
401 1921 522 1986 diuino
536 1923 682 1986 consilio
696 1922 831 1986 factum
845 1920 996 1997 videtur,
1012 1938 1096 1984 nam
1111 1919 1209 1986 Patri
1224 1923 1362 1987 confes-

130 2043 190 2090 sus
204 2038 270 2092 est.

188 2134 274 2199 lnde
287 2152 360 2199 non
373 2136 450 2200 sine
464 2135 545 2200 viae
560 2133 743 2216 dispendio
763 2134 926 2198 venimus
941 2134 977 2196 in
994 2134 1127 2213 villam,
1145 2135 1205 2199 vbi
1226 2117 1355 2201 mansi·

130 2259 209 2306 mus
223 2251 377 2323 quatuor
390 2243 477 2306 dies.
494 2241 645 2322 Quidam
661 2219 813 2305 auteme'
831 2241 1013 2319 iratribus
1030 2241 1131 2305 cuius
1151 2241 1261 2306 animi
1274 2260 1355 2324 syn·

129 2350 258 2412 ceritas
272 2348 500 2413 admirationi
514 2358 578 2412 est:
594 2347 642 2414 “O
660 2351 795 2412 vtinam
809 2365 889 2412 eam
901 2347 986 2411 mihi
997 2348 1109 2410 vitam
1121 2345 1283 2413 Christus
1296 2369 1356 2414 an-

129 2467 214 2520 nuat
234 2466 274 2519 vt
293 2464 368 2520 toto
387 2457 472 2520 orbe
494 2456 610 2521 crucis
625 2455 755 2520 vexilla
771 2456 891 2518 extolli
910 2454 1031 2518 videre
1050 2455 1213 2535 possim,.
1231 2454 1355 2537 Coepit

128 2573 222 2642 tunc,
237 2563 386 2626 resectis
399 2579 418 2625 e
433 2565 536 2643 sylua
551 2563 668 2642 ligniS,
685 2579 810 2626 cruces
825 2562 1013 2640 fabricare,
1029 2571 1064 2624 et
1075 2562 1157 2642 quia
1173 2579 1213 2625 eo
1226 2564 1262 2626 in
1275 2565 1353 2627 loco

128 2670 222 2734 nulla
236 2678 325 2749 erat,
337 2687 420 2748 vna,
434 2686 525 2751 quae
539 2669 781 2749 magnitudine
793 2669 947 2749 reliquas
962 2668 1163 2748 superabat,
1176 2669 1356 2747 confecta,

128 2775 162 2838 in
175 2777 356 2840 excelsum
369 2775 558 2855 quemdam
572 2785 727 2840 montem
741 2773 938 2856 deportata,
955 2792 1026 2838 non
1041 2775 1117 2838 sine
1129 2775 1270 2855 hymnis
1282 2787 1349 2842 sta-

126 2877 202 2946 tut'a
215 2893 280 2946 est.
299 2881 367 2962 Qui
381 2884 427 2947 ad
441 2881 476 2945 id
491 2892 743 2960 convenerant,
761 2882 797 2945 in
811 2881 965 2945 Domino
980 2897 1089 2960 supra
1104 2881 1247 2948 modum
1269 2897 1352 2948 sunt

127 2989 301 3053 oblectati.
317 2989 496 3069 Reliquae,
513 2989 655 3053 domum
676 2989 875 3067 redeuntes,
892 2991 928 3052 in
948 2988 1072 3052 itinere
1086 2991 1351 3054 suntconstitu·

127 3105 194 3159 tae.
210 3095 300 3160 Viae
312 3096 405 3159 illius
416 3097 576 3176 spacium
586 3095 815 3174 confecimus,
829 3095 986 3158 viatores
998 3095 1229 3160 admonentes
1240 3099 1352 3162 variis

126 3201 168 3264 de
181 3204 298 3282 rebus,
315 3220 357 3266 ac
372 3201 570 3266 doctrinam
584 3203 815 3266 christianam
829 3202 1008 3266 docentes.

184 3308 308 3373 Restat
321 3319 361 3372 vt
376 3309 419 3373 de
433 3310 665 3373 sacratissimi
680 3307 811 3373 Christi
826 3309 990 3389 corporis
1005 3309 1248 3390 collocatione,
1263 3319 1349 3375 tam·

126 3415 184 3479 diu
199 3418 364 3497 expetita,
381 3417 417 3480 in
431 3425 553 3480 nostro
568 3417 698 3480 sacello
714 3417 888 3480 rationem
902 3415 1061 3480 reddam.
1079 3415 1226 3480 Praesul
1244 3417 1350 3482 huius

128 3523 223 3586 vrbis
235 3522 476 3603 dignissimus,
493 3523 554 3603 qui
568 3539 643 3586 rem
658 3524 807 3585 molesto
822 3524 940 3586 auimo
956 3522 1049 3586 ferre
1061 3522 1259 3602 videbatur,
1272 3525 1349 3604 ipse

126 3645 226 3693 suam
249 3647 395 3710 operam
413 3629 590 3710 pollicitus
611 3639 675 3692 est.
698 3629 750 3692 lta
773 3629 829 3692 die
849 3627 1049 3692 Beatissimi
1070 3627 1257 3716 Barnabae
1278 3629 1348 3693 huc

126 3735 171 3799 ad
186 3753 248 3800 nos
263 3736 362 3800 venit
376 3752 514 3799 summo
529 3752 644 3815 mane,
662 3735 920 3799 honestissimis
936 3735 1119 3815 vtriusque
1140 3734 1275 3798 ordinis
1296 3737 1346 3798 vi-

127 3841 174 3906 ris
186 3843 382 3920 comitatus,
396 3842 455 3922 qui
466 3860 487 3904 a
499 3843 630 3905 nostris
642 3859 779 3905 summa
791 3842 1020 3905 veneratione
1032 3851 1202 3921 exceptus
1213 3850 1278 3904 est:
1292 3859 1344 3904 sa·

126 3949 248 4012 cellum
262 3949 431 4024 sacrauit,
448 3948 591 4012 scholae
606 3964 744 4028 quoque
757 3957 790 4010 et
802 3946 927 4010 domus
939 3946 1145 4027 impluuium
1157 3956 1346 4027 vtrumquc

125 4055 346 4134 hylarissimo
361 4057 472 4130 vultu,
490 4072 559 4134 quo
574 4054 681 4118 animi
696 4054 751 4116 sui
766 4071 852 4133 erga
867 4072 933 4116 nos
952 4053 1224 4133 propensionem
1238 4052 1345 4116 lacile

124 4160 308 4226 iudicabat.
322 4159 400 4241 Quo
412 4171 568 4241 peract0,
581 4160 729 4225 Illustris
740 4159 928 4224 admodum
941 4169 1062 4224 noster
1072 4159 1229 4242 Joannes
1240 4177 1342 4240 pran-

124 4267 193 4345 dio,
208 4276 245 4331 vt
259 4267 367 4331 nimio
381 4277 524 4348 sumptu
540 4267 587 4330 ita
602 4275 637 4329 et
652 4283 789 4330 summa
805 4266 983 4344 comitate,
999 4267 1096 4329 illum
1107 4265 1258 4346 excepit.
1272 4265 1341 4330 Ve-

124 4373 224 4453 speri,
240 4374 360 4439 audita
375 4383 514 4454 quarta,
531 4372 714 4436 abeodem
729 4370 998 4436 Sacramentum
1013 4373 1049 4435 in
1061 4371 1221 4436 sacrario
1236 4373 1343 4435 collo·

125 4489 236 4544 catum
250 4491 303 4544 est
317 4480 576 4544 solemnissima
591 4495 731 4558 pompa;
748 4477 793 4542 ad
808 4478 1016 4558 impluuium
1038 4479 1158 4556 rediit,
1175 4495 1346 4542 scaenam

124 4587 334 4666 conscendit,
352 4587 484 4651 actioni
498 4587 656 4650 comicae
671 4585 892 4663 instructam,
910 4601 1001 4664 quae
1012 4601 1075 4664 per
1087 4584 1267 4668 auditores
1282 4602 1342 4648 no-

126 4706 215 4758 strae
232 4695 375 4760 scholae
395 4705 476 4759 acta
496 4703 550 4758 est
568 4693 677 4756 latino
697 4708 859 4755 sermone
884 4690 926 4753 de
949 4689 1194 4756 Eucharistiae
1217 4691 1348 4756 Sacra·
