3510 5526
382 529 445 588 ¹70¹2
861 533 1035 589 Auernum
1053 546 1157 590 rama

379 685 502 738 stram
518 675 724 754 religionem
744 676 875 738 sentire
895 676 1034 756 incipit,
1055 676 1267 740 infuturum
1287 686 1322 739 et
1340 676 1439 740 breui
1459 685 1630 754 tempore

392 782 539 844 uerbum
551 781 618 844 Dei
628 791 771 844 nostrae
783 782 965 861 religionis
974 799 1052 862 ope,
1064 783 1140 846 Deo
1146 781 1304 862 juuante,
1317 783 1624 862 cognoscituram.

392 886 461 951 Sed
476 887 560 968 quid
576 897 610 951 te
625 889 693 951 hoc
708 888 804 968 cogit
819 888 951 954 dicere?
966 888 1112 952 Audies.
1129 888 1254 952 Effecit
1269 889 1307 952 P.
1323 888 1558 964 Franciscus,
1583 899 1624 949 vt

393 995 428 1056 in
444 993 555 1058 Astae
571 995 762 1059 Aestuario
778 997 964 1074 collegium
980 997 1187 1076 erigeretur:
1205 1005 1395 1076 expectant
1410 996 1481 1058 iam
1493 993 1623 1058 Asten·

393 1119 451 1163 ses
469 1101 475 1130 ¹
492 1103 561 1179 vel,
578 1111 616 1164 ut
632 1101 756 1165 melius
771 1102 899 1180 dicam,
916 1102 1096 1167 Lucenses
1110 1113 1255 1167 nostrae
1276 1103 1459 1182 religionis
1479 1101 1621 1176 PatreS,

393 1209 451 1286 qui
467 1225 508 1270 eo
523 1225 561 1271 se
576 1209 772 1272 conserant.
790 1208 820 1273 O
836 1227 943 1290 quam
958 1211 1113 1291 optimus
1126 1220 1160 1273 et
1174 1220 1271 1274 tutus
1285 1210 1459 1273 classibus
1482 1211 1624 1289 portus!

395 1315 425 1376 Ο
441 1331 546 1394 quam
562 1316 726 1396 expedita
741 1316 787 1380 ad
802 1316 1005 1380 Americam
1019 1326 1058 1378 vt
1072 1317 1295 1380 fortunentur
1310 1315 1552 1378 infortunatae
1571 1315 1626 1376 in·

394 1425 504 1500 sulae,
521 1433 555 1484 et
571 1423 615 1484 ad
631 1421 775 1486 Africae
790 1435 910 1503 partes
923 1423 1119 1502 nauigatio!
1136 1423 1298 1487 Gaudeat
1313 1423 1384 1485 iam
1399 1430 1474 1485 tota
1496 1429 1626 1484 nostra

394 1527 565 1592 Societas.
588 1527 755 1592 Exultent
774 1529 1003 1592 meditatione
1021 1529 1146 1593 Patres
1168 1539 1203 1592 et
1221 1528 1378 1592 Fratres.
1405 1526 1478 1591 Nos
1500 1527 1627 1590 Indiae

394 1646 535 1699 uocant.
563 1633 632 1698 Sed
657 1637 755 1699 heusl
782 1636 914 1700 uideris
939 1637 1113 1700 insanire:
1144 1636 1189 1699 ad
1214 1653 1290 1700 rem
1315 1636 1433 1715 itaque
1459 1649 1626 1698 recurrat

394 1743 518 1805 oratio.

456 1849 591 1912 Biatiae
606 1858 752 1930 paratur
766 1851 967 1930 collegium,
983 1861 1017 1914 et
1031 1850 1201 1930 magister
1221 1849 1328 1914 Auila
1346 1857 1546 1928 nongentos
1562 1849 1629 1910 du-

396 1967 497 2018 catos
512 1957 662 2036 largitur
676 1957 712 2020 in
727 1959 887 2036 singulos
902 1975 1015 2021 annos
1029 1956 1052 2021 ¹.

457 2061 526 2126 Sed
555 2065 599 2126 ad
628 2063 828 2128 Cordubam
856 2065 1037 2128 ciuitatem
1061 2073 1293 2127 reuertamur.
1320 2063 1410 2126 Tres
1434 2061 1561 2126 Patres
1587 2065 1626 2126 in

396 2171 536 2249 templis
556 2171 754 2234 doctrinam
776 2171 1005 2234 christianam
1031 2170 1181 2250 docent,
1202 2181 1236 2234 et
1254 2170 1324 2234 hoc
1352 2171 1483 2249 incepit
1501 2168 1626 2234 lacere

395 2277 572 2340 dominica
587 2279 743 2340 secunda
758 2279 1052 2358 quadragesimae
1064 2275 1101 2340 P.
1115 2287 1235 2341 noster
1245 2277 1434 2341 Antonius:
1451 2277 1626 2340 mirarere

394 2385 426 2446 si
441 2393 576 2447 tantum
593 2401 795 2464 puerorum,
811 2385 969 2448 uirorum
984 2396 1019 2447 et
1034 2385 1219 2447 mulierum
1231 2399 1445 2447 concursum
1456 2383 1624 2446 uidisses:

394 2507 508 2572 neque
528 2491 574 2552 ibi
595 2489 704 2553 deluit
724 2491 887 2554 dominus
905 2491 1071 2573 Joannes‚
1098 2501 1132 2552 et
1157 2490 1304 2554 maximi
1328 2489 1451 2570 templi
1475 2491 1626 2554 scholae

395 2598 565 2676 magister
584 2595 608 2674 ³,
629 2598 688 2679 qui
712 2597 889 2661 silentium
914 2597 1134 2662 auditoribus
1158 2597 1397 2676 imponebant,
1424 2605 1628 2660 errantum

395 2720 584 2785 puerorum
609 2721 794 2769 numerum
815 2705 1046 2768 instruebant.
1073 2703 1276 2767 Audiebant
1301 2712 1433 2767 attente
1459 2704 1626 2767 homines

394 2828 588 2891 uocemque
603 2813 804 2891 praeeuntis
818 2811 1066 2891 sequebantur.
1084 2810 1161 2874 Hoc
1177 2811 1295 2891 itaque
1310 2809 1495 2891 Patrisque
1511 2809 1627 2874 Bene·

395 2919 479 2982 dicti
494 2917 738 2994 concionibus,
754 2919 1001 2997 nonnullisque
1022 2917 1343 2995 exhortationibus,
1366 2935 1457 2998 quae
1479 2917 1525 2980 ad
1547 2933 1625 2981 mo-

395 3025 507 3087 niales
527 3037 561 3086 et
582 3022 642 3104 [in]
665 3026 817 3089 vinculis
841 3024 1002 3088 detentos
1027 3025 1216 3102 habeatur,
1238 3023 1275 3088 fit
1294 3025 1513 3104 aliquantum
1532 3024 1627 3088 satis

395 3133 573 3195 maximae
588 3133 756 3212 penuriae
771 3130 794 3211 ⁴,
809 3150 917 3212 quam
930 3131 1047 3196 Patris
1062 3131 1246 3196 Francisci
1261 3143 1368 3212 atque
1384 3131 1621 3195 Bustamantii

396 3239 585 3302 conciones
599 3238 681 3302 huic
696 3241 824 3320 populo
840 3241 1024 3321 reliquere.
1041 3239 1141 3302 Mora
1157 3249 1342 3318 praeterea
1362 3237 1535 3302 aduentus
1557 3237 1623 3301 Pa-

290 3399 293 3408 .
395 3347 460 3408 tris
474 3343 640 3408 Doctoris
655 3346 786 3410 Torres
801 3345 812 3377 ³
827 3345 942 3425 efficit,
958 3355 997 3409 vt
1012 3363 1135 3409 eorum
1149 3345 1389 3426 praesentiam
1400 3345 1553 3424 amplius
1565 3345 1624 3407 de-

395 3451 601 3528 sideremus,
618 3469 722 3531 quem
737 3453 962 3533 inquisitores
982 3453 1146 3516 instando
1167 3451 1309 3532 quidem
1328 3460 1467 3532 petunt3
1489 3449 1533 3512 ad
1556 3466 1626 3515 sua

383 3559 525 3638 ‘placita
545 3559 768 3622 decernenda
791 3559 878 3622 alios
897 3559 1004 3622 etiam
1030 3556 1153 3621 Patres
1178 3557 1390 3636 efflagitant,
1414 3568 1549 3638 patres,
1572 3557 1623 3619 in-

435 3819 445 3852 ¹
473 3819 601 3862 Astraeus
610 3819 771 3874 frequentius
786 3823 914 3861 vocantur
929 3817 1028 3862 incolae
1044 3817 1130 3871 oppidi
1144 3815 1269 3871 Jemde
1279 3817 1306 3862 la
1321 3817 1465 3868 mentera,
1476 3815 1539 3871 quod
1554 3817 1623 3859 Asta

395 3891 482 3946 Regia
493 3891 628 3936 diclsolet.
1541 3947 1544 3956 .

434 3962 446 3994 Ι
474 3962 563 4008 Sermo
578 3969 617 4006 est
632 3963 664 4006 de
679 3963 743 4007 urbe
757 3961 888 4014 hispanice
904 3960 973 4004 dicta
991 3959 1090 4004 Badra.
1108 3959 1238 4004 “Cuantas
1255 3961 1387 4004 ocesloncs
1403 3963 1427 4005 lc
1443 3959 1578 4006 vinieroni
1597 3961 1625 4004 la

395 4046 471 4080 mano
481 4035 546 4086 (agit
557 4035 587 4078 de
595 4033 624 4077 B.
632 4033 729 4086 Joanne
741 4033 771 4074 tle
784 4033 872 4080 Avila)
880 4033 910 4076 de
921 4031 1014 4075 fundar
1022 4031 1182 4076 semlnarios.
1192 4033 1314 4086 coleglos.
1324 4033 1448 4086 estudios,
1458 4031 1626 4086 qneestuv'ie-

395 4116 441 4150 eeu
451 4108 467 4150 i
477 4114 582 4150 nuestro
593 4117 681 4158 eergo,
694 4113 783 4148 tantas
793 4105 902 4156 lograba
910 4115 939 4146 su
955 4103 1084 4154 solicitud,
1095 4115 1110 4158 y
1123 4104 1245 4146 allanaba
1263 4103 1427 4148 dificultades
1436 4117 1466 4148 su
1478 4101 1623 4148 autorldnd.

396 4175 580 4228 Universldad‚
590 4177 702 4219 Escuela
712 4187 729 4232 y
742 4174 846 4228 Colegio
857 4174 887 4217 de
899 4175 1045 4227 coleglales,
1056 4185 1104 4227 qne
1116 4175 1193 4216 inodo
1202 4185 1233 4217 en
1244 4173 1329 4218 Baezu
1339 4185 1386 4228 por
1396 4185 1427 4218 eu
1438 4175 1536 4230 conscio
1544 4173 1567 4217 el
1575 4185 1625 4217 ce-

399 4249 493 4302 ndnigo
503 4247 618 4301 Rodrlgo
628 4247 713 4301 Lepre
724 4247 755 4290 de
766 4246 892 4295 Corduba,
905 4247 927 4288 le
943 4245 1080 4298 persuadlo
1096 4245 1261 4290 elicazmente
1272 4247 1298 4289 lo
1309 4251 1446 4300 entregase
1457 4250 1473 4292 i
1484 4248 1507 4290 la
1518 4245 1626 4297 Compa-

397 4322 449 4365 illa.
459 4319 497 4364 Lo
506 4331 601 4364 mesmo
610 4331 641 4362 en
652 4319 771 4363 Cordoba
780 4319 811 4362 de
822 4327 880 4361 otro
888 4317 1039 4368 Seminarlo.
1053 4328 1101 4372 que
1113 4317 1189 4360 lurido
1200 4328 1247 4360 con
1257 4329 1287 4362 su
1298 4317 1425 4362 hactenns
1439 4319 1463 4361 el
1473 4314 1625 4362 DoctorPe·

397 4392 444 4436 dro
454 4389 548 4446 Lopez,
559 4392 658 4435 medico
668 4391 700 4434 de
710 4393 734 4434 el
745 4389 906 4443 Empcrador
915 4388 1006 4433 Carion
1017 4387 1049 4432 V.
1059 4389 1100 4432 En
1111 4390 1136 4432 la
1146 4389 1239 4432 cludad
1248 4389 1279 4431 de
1288 4388 1363 4441 Jerez
1374 4389 1405 4432 de
1415 4392 1441 4434 la
1451 4388 1571 4432 Frontem
1583 4387 1621 4430 in·

399 4466 470 4509 tento
480 4464 506 4508 lo
516 4474 620 4508 metmo:
631 4463 741 4516 despue·
751 4473 782 4506 en
793 4461 953 4506 Almodovar
962 4471 993 4504 su
1002 4461 1109 4515 patria„
1120 4459 1293 4514 smnvmrz,
1304 4471 1373 4515 oper.
1385 4462 1438 4514 cit..
1449 4473 1474 4516 p.
1484 4472 1499 4512 r,
1509 4457 1558 4503 aa.

437 4535 449 4566 ὅ
476 4533 530 4587 Ille,
539 4535 648 4588 scillcet,
659 4535 805 4584 canonicus,
816 4534 858 4588 qui
869 4533 1002 4588 hispanice
1014 4532 1234 4584 Maesirescuela,
1247 4533 1352 4576 scholae
1369 4533 1624 4588 magistratruum.

437 4609 449 4640 ⁴
477 4605 526 4658 Slc;
537 4608 592 4650 loco
603 4613 689 4650 tamen
701 4607 845 4660 penuriae,
854 4606 951 4649 clarius
966 4604 1085 4648 fortassis
1095 4604 1226 4648 diceretur
1231 4603 1314 4659 sami.
1330 4606 1386 4654 siti,
1395 4600 1623 4648 audiendarum·

384 4719 387 4724 .
398 4679 475 4722 verbi
485 4679 640 4732 cupiditati,
647 4683 694 4722 aut
702 4678 762 4732 quid
772 4677 813 4720 his
822 4677 915 4720 simile.

438 4748 450 4781 ⁸
477 4749 565 4793 Patris
576 4749 708 4794 Michadlls
719 4749 749 4792 de
760 4749 864 4800 Turres,
876 4761 956 4804 nuper
967 4749 1089 4792 Baeticae
1101 4749 1250 4803 provinciae
1262 4749 1432 4804 praepositus.
