3472 5528
421 535 474 612 bil
552 640 554 644 ι
805 533 977 612 errsaas
996 549 1267 620 ouanatuesras‘s

422 699 578 764 dicebat:
596 698 707 763 “hanc
721 697 847 763 horam
862 697 1000 762 habetis
1016 696 1262 779 quiescendii,
1280 693 1384 774 Quod
1400 692 1532 756 dixisse
1553 687 1641 755 vide·
1715 713 1716 774 ,

422 816 482 872 tur
494 801 539 871 ne'
556 806 580 870 ii
594 806 757 877 fortasse,
774 806 834 886 qui
850 805 964 887 ipsum
981 805 1253 878 comitabantur,
1270 818 1351 866 cum
1364 799 1496 863 fratres
1509 797 1643 862 nihileo
1715 783 1716 872 ξ

422 921 580 996 tempore
595 929 703 994 agere
717 913 890 990 viderent,
908 931 950 978 ea
964 930 1002 976 re
1018 911 1296 976 offenderentur:
1317 906 1444 972 deinde
1463 905 1643 970 discedens
1715 897 1716 920 ¹

423 1037 489 1087 nos
509 1020 760 1102 consalutauit,
783 1021 885 1085 vultu
911 1021 988 1101 ipso
1006 1029 1041 1084 et
1062 1026 1210 1101 aspectu
1230 1017 1335 1082 facile
1355 1013 1517 1079 indicans
1541 1027 1643 1093 quam
1715 1013 1716 1016 ’

422 1127 553 1194 fratres
568 1146 690 1192 omnes
705 1127 936 1192 charissimos
950 1127 1110 1191 haberet.
1126 1125 1289 1190 Christus
1304 1123 1384 1204 Opt.
1405 1121 1500 1186 Max.
1517 1119 1645 1184 diutur-

424 1253 506 1300 nam
522 1235 554 1300 ei
568 1235 680 1300 vitam
696 1236 871 1316 largiatur
890 1235 941 1314 v't,
963 1251 1004 1298 eo
1022 1235 1170 1298 authore
1192 1241 1227 1296 et
1248 1230 1349 1307 duce,
1374 1229 1514 1293 diuinus
1536 1228 1572 1290 in
1596 1227 1648 1290 his

423 1342 584 1424 partibus
599 1343 725 1423 cultus,
742 1342 794 1406 vti
809 1342 925 1406 adhuc
941 1350 1066 1405 auctus
1080 1348 1144 1417 est,
1161 1339 1260 1403 sicin
1275 1337 1351 1402 dies
1363 1335 1521 1416 singulos
1535 1333 1647 1413 magis

424 1434 611 1530 magisque
627 1458 812 1529 augeatur.

485 1548 570 1640 Jam'
581 1557 626 1622 ad
642 1565 687 1637 te,
705 1555 811 1620 Pater
826 1556 983 1636 colende,
1002 1554 1191 1635 aliquando
1207 1553 1332 1635 scripsi
1347 1552 1392 1617 de
1402 1549 1560 1614 vestibus
1572 1565 1649 1612 cae·
1715 1561 1716 1564 ’

425 1667 581 1747 terisque
595 1666 718 1744 magni
734 1664 838 1744 pretii
852 1664 1082 1743 rebus,rquae
1097 1661 1142 1726 ad
1157 1679 1215 1725 res
1234 1660 1374 1725 diuinas
1393 1660 1460 1722 rite
1481 1671 1650 1739 peragen·
1715 1665 1716 1748 l

425 1773 490 1838 das
505 1773 611 1837 datae
625 1772 727 1836 nobis
742 1789 763 1834 a
777 1771 940 1852 Principe
957 1769 1136 1834 Cardinall
1152 1777 1232 1833 sunt
1248 1767 1269 1832 ¹.
1287 1765 1432 1847 Verum,
1449 1765 1531 1846 quia
1552 1766 1649 1844 igno·
1715 1763 1716 1814 l

426 1881 467 1944 'ro
483 1898 529 1944 an
545 1878 704 1970 redditae
719 1879 789 1942 sint
803 1879 938 1960 literae,
955 1879 1000 1942 ob
1019 1893 1096 1941 eam
1118 1891 1192 1940 rem
1215 1893 1268 1956 ea,
1290 1891 1382 1956 quae
1403 1874 1447 1938 de
1469 1872 1525 1936 bis
1545 1870 1650 1936 rebus

425 1987 564 2069 scripsi,
581 1987 639 2050 hic
655 1987 761 2050 etiam
775 1993 936 2067 repetam
950 1985 1061 2050 breui.
1715 2057 1716 2062 ,

485 2093 661 2175 Imprimis
684 2091 768 2157 data
788 2102 869 2157 sunt
890 2093 1102 2156 vestimenta
1125 2098 1271 2172 septem,
1294 2089 1423 2170 quibus
1447 2086 1652 2152 sacerdotes
1715 2129 1716 2132 ,

426 2219 570 2269 sacrum
584 2201 780 2266 confecturi
801 2200 1005 2280 induuntur,
1026 2197 1242 2279 totidemque
1262 2206 1391 2278 vestes,
1418 2195 1546 2278 qulbus
1568 2197 1653 2258 alta·
1715 2279 1716 2290 ἵ

425 2310 479 2375 ria
494 2317 730 2389 conteguntur
745 2315 850 2388 atque
865 2315 1052 2371 ornantur:
1070 2307 1188 2370 omnia
1204 2306 1293 2369 baec
1309 2321 1352 2369 ex
1366 2312 1467 2368 veste
1481 2301 1653 2367 vndulata

427 2417 497 2482 albi
518 2417 659 2495 coloris,
676 2415 966 2496 circumdataque
984 2414 1100 2478 limbis
1120 2431 1165 2478 ex
1184 2420 1284 2477 veste
1305 2412 1520 2492 bombycina
1540 2411 1654 2474 cocci·

425 2541 492 2588 nea
507 2533 541 2588 et
556 2523 714 2588 eiusdem
729 2523 859 2586 coloris
874 2522 992 2585 multis
1011 2522 1136 2586 sericis
1152 2528 1278 2584 ornata
1292 2518 1451 2584 fimbriis.
1468 2517 1552 2582 Alia
1568 2517 1654 2580 item

426 2639 561 2713 septem
574 2631 786 2695 vestimenta
806 2628 1020 2710 totidemque
1036 2628 1239 2692 indumenta
1254 2627 1429 2707 altarium,
1447 2625 1567 2690 omnia
1585 2625 1656 2688 atri

425 2739 567 2819 coloriS,
583 2755 735 2820 quorum
749 2738 818 2802 tria
834 2755 879 2801 ex
895 2745 993 2800 veste
1007 2735 1219 2817 bombycina
1235 2741 1318 2799 sunt
1329 2734 1445 2799 limbis
1460 2733 1567 2797 serici
1579 2731 1653 2797 rasi

425 2853 563 2926 ornata,
580 2847 733 2926 itemque
747 2844 904 2908 eiusdem
920 2843 1049 2906 coloris
1064 2843 1188 2906 sericis
1205 2841 1367 2906 fimbriis:
1381 2841 1516 2921 reliqua
1531 2841 1653 2905 verul
1715 2851 1716 2854 ’

425 2972 471 3019 ex
485 2961 582 3016 veste
594 2951 777 3031 undulata,
792 2969 943 3032 quorum
955 2941 1314 3015 etiam‘extremitates
1326 2948 1446 3012 fasciis
1457 2948 1566 3012 serici
1582 2947 1656 3011 rasi
1715 2957 1716 2966 ¹

426 3060 628 3124 ambiuntur
642 3067 677 3123 et
691 3059 814 3122 sericis
830 3066 1002 3122 ornantur
1012 3057 1169 3122 fimbriis
1185 3054 1328 3138 Septem
1339 3064 1524 3137 praeterea
1536 3071 1656 3118 sacer·
1715 3047 1716 3052 ’

426 3168 549 3232 dotum
567 3167 794 3247 totidemque
807 3166 972 3229 altarium
994 3165 1223 3246 operimenta,
1248 3181 1293 3226 ex
1316 3172 1416 3227 veste
1437 3163 1657 3244 bombycina

426 3275 606 3354 coccinea,
623 3290 771 3354 quorum
787 3289 872 3336 orae
886 3272 1002 3336 limbis
1016 3290 1061 3336 ex
1075 3271 1275 3335 holoserico
1293 3269 1398 3352 (quod
1413 3269 1585 3348 vellutunt
1598 3287 1660 3350 ap-

427 3381 571 3463 pellant)
587 3381 694 3444 viridi
708 3381 838 3444 coloris
852 3387 1119 3460 praetexuntur,
1137 3387 1171 3443 et
1186 3379 1317 3442 coloris
1337 3377 1494 3441 eiusdem
1508 3375 1662 3440 fimbriis
1715 3445 1716 3450 ἵ

427 3487 888 3554 exornantur.1)ataesunt
909 3487 1015 3550 etiam
1035 3494 1108 3550 tres
1129 3494 1164 3550 et
1186 3485 1413 3549 sacerdotum
1434 3491 1468 3548 et
1490 3485 1660 3556 altarium
1715 3505 1716 3512 ¹

429 3605 549 3662 vestes
571 3613 616 3659 ex
637 3594 836 3658 holoserico
855 3593 980 3674 viridi,
1003 3593 1118 3656 limbis
1135 3610 1224 3656 vero
1245 3609 1290 3655 ex
1311 3601 1408 3656 veste
1427 3607 1536 3655 aurea
1556 3609 1661 3672 prac-
1715 3655 1716 3658 ,

427 3714 557 3785 textae,
575 3719 725 3785 quarum
739 3699 899 3765 fimbriae
915 3719 959 3765 ex
981 3700 1038 3764 filo
1060 3701 1224 3764 inaurato
1245 3708 1347 3764 sunt:
1370 3707 1523 3780 quatuor
1546 3701 1661 3764 etiam
1715 3743 1716 3760 ,

427 3829 473 3877 ex
488 3819 587 3875 veste
603 3810 818 3876 damascena
837 3807 961 3872 viridis
986 3807 1116 3872 coloris
1138 3824 1218 3871 cum
1238 3807 1354 3871 limbis
1375 3816 1411 3870 et
1431 3805 1592 3870 fasciolis
1616 3827 1664 3872 ex

429 3919 628 3983 holoserico
652 3917 770 3981 viridi.
792 3916 886 3980 Data
908 3924 1093 3997 praeterea
1115 3923 1197 3979 sunt
1217 3915 1285 3978 tria
1305 3913 1530 3978 sacerdotum
1552 3917 1664 3980 vesti·

432 4035 549 4092 menta
564 4043 610 4090 ex
624 4034 724 4089 veste
738 4041 846 4087 aurea
859 4023 1032 4102 confecta,
1046 4039 1196 4103 quorum
1207 4039 1291 4086 orae
1302 4023 1340 4086 in
1351 4019 1512 4098 circuitu,
1526 4021 1573 4086 ad
1586 4023 1664 4087 lim·
1715 4021 1716 4026 ’

430 4135 557 4198 borum
578 4130 852 4212 similitudinem,
876 4128 1086 4212 quibusdam
1108 4147 1152 4192 ex
1176 4136 1346 4208 argenteo
1367 4128 1425 4192 filo
1439 4133 1667 4196 ornamentis
1715 4163 1716 4166 ¹

431 4241 534 4323 (quae
550 4240 663 4304 nostri
677 4239 816 4303 randas
831 4239 1023 4319 appellant)
1038 4243 1307 4318 praetexuntur,
1323 4253 1414 4317 quae
1440 4249 1587 4301 orarum
1609 4255 1667 4303 or·
1715 4223 1716 4258 ¹

430 4357 597 4413 namenta
612 4346 653 4410 70
666 4345 848 4411 coronatis
864 4354 968 4427 atque
981 4345 1088 4409 etiam
1098 4344 1211 4426 pluris
1221 4351 1441 4408 constarunt.
1455 4343 1540 4408 Tria
1552 4345 1669 4411 etiam

434 4455 599 4520 altarium
625 4455 844 4535 operimenta
869 4471 914 4516 ex
938 4452 1136 4517 holoserico
1159 4451 1312 4533 quodam
1331 4452 1500 4532 purpurei
1527 4453 1669 4518 coloris
1715 4461 1716 4484 ¹

430 4563 536 4646 (quod
561 4579 638 4643 nos,
664 4578 771 4644 quum
796 4561 919 4626 varias
942 4561 979 4625 in
999 4567 1169 4625 contextu
1190 4557 1325 4640 figuras
1343 4556 1463 4638 refert,
1486 4560 1669 4626 vellutum

433 4723 643 4736 —--

470 4807 479 4842 t
508 4805 576 4850 Vlde
585 4817 673 4862 supra,
683 4806 786 4850 litteras
797 4805 844 4849 sub
857 4817 880 4850 n.
892 4815 1031 4856 conxxxrv,
1043 4803 1151 4858 positas,
1162 4813 1222 4859 pag.
1233 4801 1283 4847 158.
