3382 5528
361 507 416 565 tto
750 505 1215 574 errsaauouanatuususes

360 661 492 716 mento:
509 651 601 716 banc
617 661 752 716 attento
767 653 886 716 animo
901 669 944 715 ac
959 650 1192 732 indefatigato
1207 650 1342 714 audiuit
1357 649 1403 714 ad
1418 649 1581 712 Plaudite

361 777 483 840 vsque,
501 775 716 840 quamquam
735 769 770 822 et
791 761 890 822 calor
910 769 1055 840 urgeret
1072 768 1108 822 et
1129 757 1313 822 innumera
1335 757 1441 820 turba
1459 755 1578 820 conflu-

360 867 483 930 xisset.
508 865 587 930 Non
607 865 750 929 defuere
774 866 1044 930 modulatissimi
1068 866 1231 946 variique
1257 873 1384 928 cantus
1409 863 1579 943 perfectae

363 973 519 1037 musicae
534 973 720 1048 scientiae,
736 982 811 1036 tum
832 973 940 1036 etiam
960 973 1061 1036 ebori
1079 972 1285 1036 saltantium
1310 972 1576 1035 adolescentum:
1675 1045 1676 1058 χ

359 1081 486 1144 domus
500 1097 571 1144 non
585 1088 657 1143 tam
673 1089 751 1143 erat
764 1080 899 1143 aulaeis
910 1079 1105 1160 praeciosis
1118 1087 1259 1156 ornata,
1271 1093 1488 1160 quamquam
1497 1077 1578 1140 baec

360 1185 498 1250 abunde
513 1187 612 1266 satiS,
629 1203 735 1267 quam
750 1187 913 1250 versibus
927 1186 1057 1265 latiniS,
1073 1186 1228 1264 graecis,
1247 1185 1463 1262 vernaculis,
1478 1185 1578 1264 pictu-

359 1293 410 1357 ris
424 1294 542 1373 etiam,
558 1293 654 1375 quod
669 1295 914 1358 celebrabatur
929 1294 1149 1374 mysterium,
1166 1291 1471 1369 adumbrantibus,
1489 1308 1578 1372 prae·

360 1401 440 1464 miis
454 1400 570 1464 edicto
584 1400 749 1478 decretiS,
765 1401 931 1464 taietanis
954 1400 1066 1464 tribus
1086 1401 1190 1478 vlniS,
1215 1400 1362 1463 totidem
1380 1399 1455 1462 rasi
1470 1397 1579 1474 serici,

364 1516 469 1588 atque
483 1515 654 1586 argenteo
669 1509 829 1571 vasculo.
845 1506 900 1570 De
915 1507 971 1570 his
984 1507 1083 1570 satis.

418 1613 567 1676 Aestiuo
582 1615 650 1677 hoc
664 1623 823 1694 ternpore
839 1613 1024 1693 phrenesis
1037 1615 1218 1677 ciuitatem
1230 1614 1322 1677 hanc
1337 1613 1480 1690 inuasit,
1494 1621 1578 1676 sunt·

359 1737 426 1799 que
442 1737 548 1800 quam
564 1737 627 1800 pro
647 1736 794 1784 numero
814 1722 933 1801 plures
953 1721 1028 1784 vita
1048 1719 1222 1784 defuncti:
1248 1721 1340 1784 vnde
1359 1719 1502 1784 assidue
1521 1718 1578 1782 Pa·

359 1835 431 1889 tres
445 1827 561 1890 coacti
576 1835 657 1890 sunt
672 1827 796 1891 audire
812 1826 1065 1906 confessiones
1081 1829 1138 1890 vel
1154 1828 1260 1890 morti
1271 1827 1410 1890 vicinos
1425 1827 1578 1890 consola·

356 1933 400 1994 ri.
417 1933 471 1996 Ex
486 1933 618 1997 nostris
633 1935 737 2013 pauci
752 1933 907 1998 febribus
923 1934 1142 1998 laborarunt:
1166 1932 1308 1998 Christo
1329 1933 1414 2016 Jesu
1434 1934 1576 2012 gratias,

359 2057 482 2103 omnes
496 2041 721 2114 conualuere,
739 2049 845 2123 atque
861 2042 910 2104 ita
931 2057 1037 2122 quam
1052 2051 1198 2120 possunt
1220 2041 1487 2121 diligentissime
1501 2057 1578 2104 cun·

358 2147 406 2211 cti
422 2164 525 2212 suum
539 2147 692 2212 officium
707 2146 826 2212 facere
841 2147 994 2232 student,
1010 2157 1084 2210 tam
1099 2149 1135 2210 in
1151 2147 1206 2210 his
1218 2165 1310 2227 quae
1322 2147 1367 2211 ad
1378 2148 1496 2212 studia
1508 2165 1578 2228 spe·

360 2264 469 2332 etant,
485 2271 591 2334 quam
606 2271 697 2334 quae
713 2253 760 2318 ad
774 2255 910 2335 reliqua
925 2255 1096 2318 exercitia
1111 2255 1296 2334 spiritalia.

420 2360 558 2426 Octauo
574 2379 713 2442 quoque
729 2362 786 2425 die
801 2361 925 2426 diebus
939 2362 1127 2427 dominicis
1142 2363 1357 2427 assertiones
1376 2363 1578 2427 dialecticae

356 2467 589 2532 defenduntur
605 2480 686 2532 ante
701 2469 923 2547 concionem,
940 2487 1011 2532 non
1031 2470 1107 2532 sine
1122 2470 1314 2534 astantium
1333 2472 1476 2550 plausu,
1494 2471 1578 2534 inter

355 2591 446 2655 quos
461 2587 543 2638 sunt
558 2587 593 2638 et
613 2577 895 2640 concertantium
915 2587 1098 2656 parentes,
1119 2577 1194 2654 qui,
1217 2586 1436 2656 quantopere
1455 2577 1491 2640 in
1510 2575 1578 2640 Do·

355 2682 454 2746 mino
470 2683 699 2760 oblectentur,
716 2682 787 2746 dici
805 2700 876 2746 non
891 2691 1019 2763 potest.

417 2787 541 2852 Patres
554 2806 598 2852 ac
612 2788 742 2853 fratres
761 2789 864 2852 huius
884 2791 1064 2870 gymnasii
1083 2789 1260 2854 humiliter
1281 2791 1444 2855 adiuuari
1465 2801 1578 2871 postu·

355 2897 430 2958 lant
445 2895 665 2960 orationibus
679 2896 762 2960 tuis.

414 3000 612 3081 Cordubae,
629 3002 741 3083 pridie
756 3000 931 3067 Calendas
946 3002 1163 3084 Septembris
1178 3021 1272 3068 anno
1291 3003 1377 3068 1556.

478 3108 523 3172 D.
540 3109 585 3174 V.
604 3109 641 3172 Ρ.
658 3109 751 3173 filius
766 3109 934 3190 indignus
948 3109 987 3173 P.
1003 3121 1086 3175 tuae
1100 3111 1135 3174 in
1150 3111 1279 3175 Cristo.

518 3215 573 3279 Ex
588 3217 837 3280 commissione
852 3215 1026 3281 Rectoris

1189 3433 1213 3513 †
1234 3433 1417 3499 Azeunno.
1440 3439 1462 3510 †

416 3755 682 3836 superscriptio
710 3758 748 3820 in
778 3763 909 3838 quarta
934 3758 1092 3839 pagina:
1113 3704 1198 3823 1138.
1222 3759 1424 3826 Admodum
1445 3761 1521 3827 R.⁶⁰
1540 3762 1570 3825 in

353 3861 496 3926 Christo
512 3861 609 3927 Patri
624 3873 746 3928 nostro
762 3862 799 3927 P.
818 3863 1060 3944 M.tr01gnatio
1082 3863 1273 3947 aLoyoia,
1290 3865 1498 3949 Praeposito
1518 3885 1573 3948 ge-

351 3970 466 4033 nerali
480 3968 666 4034 Societatis
681 3971 776 4053 Jesu,
794 3979 861 4036 etc.

414 4075 497 4138 Alia
525 4093 655 4141 manu:
679 4078 793 4160 Jesus
828 4077 914 4141 1556.
942 4079 1117 4142 Corduba.
1144 4080 1431 4160 Quadrimestres
1455 4084 1571 4148 ultimo

354 4181 520 4260 Augusti.

423 4288 621 4369 Vestigium
636 4307 736 4355 cerae
750 4291 881 4371 sigilli.
