3410 5528
648 487 712 550 Au.
733 487 803 548 1556
1282 485 1338 548 363

118 631 216 697 buoni
229 637 382 700 costumi
398 655 417 700 e
430 637 565 716 lettere,
582 637 699 702 dando
713 655 734 700 a
748 630 830 701 tutti
844 636 901 699 nel
915 651 980 698 suo
996 634 1116 698 uiuere
1127 634 1244 698 buona
1263 634 1334 698 edi·

118 737 283 806 ficatione.
297 741 344 806 Di
353 743 413 823 piu
425 761 588 825 speramo
602 745 667 810 che
681 754 735 808 tre
747 743 829 808 altri
849 741 991 822 gioneni
1011 740 1047 805 di
1058 741 1176 805 buona
1188 759 1335 820 speran-

119 864 155 909 za
165 849 194 912 si
209 849 370 914 daranno
384 860 505 932 presto
520 852 589 916 alla
604 851 837 933 Compagnia.

170 952 307 1020 Adesso
322 973 385 1037 per
399 961 540 1039 parlare
565 958 646 1023 delli
670 957 784 1022 nostri
798 957 915 1034 Padrl,
930 973 995 1020 son
1007 956 1091 1020 stati
1105 964 1229 1037 questa
1251 973 1335 1038 qua-

117 1060 323 1142 dragesima,
340 1083 359 1128 e
374 1073 498 1147 questo
513 1066 679 1146 giubileo,
695 1074 794 1129 tanto
809 1064 984 1145 occupati,
1007 1064 1062 1127 ch’
1085 1080 1198 1144 apena
1214 1063 1334 1128 hanno

117 1168 242 1235 haunto
256 1179 375 1253 tempo
390 1171 426 1236 di
440 1173 636 1254 manginre,
651 1172 765 1253 cogni
775 1173 902 1252 giorno
914 1189 1001 1235 sono
1017 1171 1192 1252 occupati.
1206 1170 1331 1236 Perch'

117 1275 136 1340 il
161 1294 307 1342 numero
334 1279 425 1344 delle
453 1281 665 1346 confessioni
692 1298 712 1343 e
738 1279 940 1344 comunioni
965 1295 1104 1359 sempre
1127 1297 1260 1342 cresce.
1289 1279 1335 1344 Et

116 1385 204 1448 molti
218 1385 255 1449 di
268 1387 394 1467 questi,
410 1387 468 1450 chi
482 1388 512 1450 si
527 1404 616 1452 sono
632 1386 822 1451 consessati
838 1387 898 1450 alli
912 1387 1036 1464 nostri,
1061 1385 1133 1448 han
1154 1384 1250 1450 detto
1267 1386 1335 1450 che

116 1490 277 1557 damorte
292 1511 358 1558 son
370 1495 452 1558 stati
477 1495 644 1559 restituiti
669 1495 739 1558 3113
758 1493 843 1558 3113.
871 1492 971 1556 Oltra
987 1493 1023 1556 (11
1048 1503 1174 1574 questo
1189 1495 1217 1556 s'
1232 1511 1334 1558 occu·

115 1616 200 1680 pano
214 1601 311 1665 assai
325 1601 360 1665 in
376 1603 552 1684 estirpare
576 1613 673 1667 tante
698 1602 952 1683 superstitioni,
981 1601 1012 1664 le
1037 1602 1130 1683 qual’
1154 1602 1190 1664 in
1210 1612 1334 1683 questa

116 1706 194 1772 citta
206 1707 236 1771 si
251 1717 440 1788 trnouano,
453 1709 643 1774 riceuendo
655 1725 778 1790 spesso
793 1709 916 1772 scritte
938 1725 1064 1786 nuoue,
1086 1725 1106 1771 e
1126 1707 1297 1789 ueneficii,
1315 1727 1333 1772 e

117 1815 203 1878 molt'
220 1816 309 1879 altre
320 1816 434 1880 simile
446 1834 539 1881 cose.
553 1815 647 1882 Sono
660 1816 816 1882 anchora
828 1815 988 1896 diligenti
1003 1824 1130 1879 contra
1143 1817 1165 1879 l’
1183 1816 1333 1892 heresie,

116 1921 223 1985 ealtri
236 1923 374 2002 peccati
389 1941 408 1986 e
423 1924 518 2000 mali,
536 1923 751 1988 auulssando
767 1924 791 1987 li
812 1922 993 2004 prepositi,
1017 1939 1037 1984 e
1061 1923 1333 2004 consigliandoli

116 2026 148 2090 in
161 2029 221 2093 tali
234 2029 322 2094 casi.
338 2029 381 2094 Et
397 2048 459 2111 per
474 2031 539 2095 dir'
561 2031 596 2095 in
612 2032 759 2112 breuita,
787 2032 817 2095 si
841 2031 1008 2095 sforzano
1032 2029 1109 2094 lare
1124 2032 1205 2112 quel
1219 2032 1333 2095 chela

118 2135 239 2214 pictae
254 2137 393 2202 charita
407 2139 555 2203 ricerca.
577 2138 644 2204 Per
668 2147 791 2220 questo
807 2139 830 2202 il
855 2137 1002 2203 Vicario
1026 2138 1105 2202 ¹del
1122 2137 1289 2202 Vescouo
1303 2143 1335 2203 si

116 2257 212 2307 seme
222 2242 304 2308 delli
316 2247 429 2310 nostri
442 2247 480 2309 in
491 2247 566 2310 casi
577 2245 621 2310 de
632 2247 862 2322 conscientia,
875 2263 896 2309 e
907 2246 1074 2310 massime
1086 2245 1122 2309 in
1138 2245 1334 2311 reformare

5 2421 6 2424 Ἴ
116 2349 226 2416 311331
240 2351 447 2418 monasterii
460 2352 497 2417 di
511 2353 638 2417 donne.
653 2352 692 2416 In
703 2354 900 2434 predicare,
918 2361 1108 2432 essortare,
1123 2354 1331 2432 ammonire,

115 2456 243 2522 uisitnr'
267 2460 462 2540 ammalati,
487 2459 718 2540 incarcerati,
740 2461 777 2524 in
809 2459 1017 2524 consessarli
1046 2477 1065 2523 e
1093 2461 1333 2540 consolarli,e

115 2563 210 2628 simil’
223 2581 341 2646 opere,
358 2568 387 2630 s'
403 2583 468 2631 usa
483 2570 517 2630 la
532 2567 716 2648 diligentia
731 2565 796 2632 che
816 2568 847 2630 si
861 2567 963 2631 dene.

6 2741 7 2760 2
170 2669 234 2736 Per
249 2674 378 2755 parlar'
394 2673 521 2738 adesso
536 2674 618 2740 delli
630 2675 737 2739 studii
748 2674 933 2738 domestici
944 2691 963 2737 e
974 2674 1117 2755 publici,
1132 2676 1163 2738 si
1174 2675 1334 2741 recitano

6 2823 8 2844 .
115 2794 229 2858 spesso
244 2780 408 2860 orationi,
426 2781 569 2862 dialogi,
591 2799 610 2845 e
631 2782 661 2846 si
676 2781 785 2846 lanno
807 2781 920 2845 simile
939 2781 1243 2862 demonstrationi,
1267 2801 1334 2847 con

6 2915 7 2920 1
116 2885 357 2952 sodislattione
378 2887 413 2952 (11
434 2889 526 2954 tutti,
554 2887 621 2953 Per
642 2889 667 2952 11
682 2889 748 2952 3113
762 2891 790 2952 s'
820 2888 1025 2952 accendono
1050 2889 1074 2952 li
1099 2887 1253 2953 scholari
1274 2890 1334 2954 alli

116 2991 226 3074 studii,
242 2995 326 3060 nelli
339 2996 435 3076 quali
449 2995 510 3060 san
536 2995 657 3074 lrntto,
684 3015 704 3060 e
728 3013 867 3076 sempre
884 2998 912 3058 s'
940 3007 1191 3074 augmentano,
1213 2997 1335 3077 iquali

116 3099 235 3166 adesso
256 3119 346 3166 sono
373 3102 440 3182 174,
467 3121 487 3166 3
511 3119 676 3184 spernmo
701 3120 839 3183 sempre
862 3103 923 3183 piit
942 3119 1101 3167 numero.
1125 3104 1265 3168 Benclre
1287 3105 1334 3167 al·

115 3208 191 3272 cuni
204 3210 234 3273 si
252 3209 419 3274 sforzano
444 3211 478 3274 d'
502 3210 685 3292 impedirci
708 3226 776 3274 con
794 3226 1013 3274 mormorare
1037 3210 1128 3275 edit
1142 3213 1246 3291 male,
1264 3229 1335 3276 non

116 3313 247 3380 dimeno
260 3316 359 3382 lddio
373 3333 513 3398 sempre
529 3334 700 3398 prospera
715 3319 748 3381 le
762 3325 883 3381 nostre
899 3333 993 3382 cose.

167 3423 304 3489 Adesso
319 3425 396 3489 diro
411 3425 447 3489 in
461 3424 599 3490 breuita
612 3425 691 3490 dell·
709 3442 830 3489 amore
848 3425 905 3489 ch’
923 3427 947 3490 il
959 3425 1183 3506 Cardinale',
1200 3425 1335 3492 Gouer·

116 3542 232 3596 natore
256 3531 280 3614 ⁸,
300 3532 459 3612 Vicatio,
487 3534 715 3614 magistratu,
743 3551 762 3597 e
788 3534 867 3597 altri
893 3534 1054 3598 cittadini
1077 3535 1110 3597 ci
1136 3536 1335 3615 portano.1

115 3640 203 3718 quali
213 3641 292 3706 tutti
303 3640 433 3706 lodano
445 3640 468 3704 il
480 3649 601 3704 nostro
614 3639 718 3704 modo
729 3640 765 3704 di
777 3641 897 3704 uiuere
910 3659 929 3704 e
942 3641 1143 3722 insegnare,
1161 3643 1334 3724 equando

117 3761 260 3824 possouo
276 3766 347 3812 non
363 3765 541 3814 mancano.
553 3747 585 3812 d’
601 3748 791 3828 agiutarci.
968 3743 975 3760 ⁹

168 3853 273 3920 Resta
284 3857 322 3920 di
336 3856 412 3924 dite
423 3873 523 3920 corne
536 3864 590 3920 tre
602 3855 722 3920 hanno
733 3856 821 3919 fatto
831 3856 854 3918 l'
868 3857 1042 3921 essercitii
1054 3858 1239 3938 spirituali,
1254 3857 1335 3922 delli

115 3963 203 4040 quali
214 3979 282 4027 uno
294 3970 314 4027 3
326 3965 456 4029 intrato
467 3964 504 4028 in
516 3963 746 4045 Compagnia,
760 3962 1335 4045 1033313330.11113313113331

114 4071 228 4134 scritto
242 4073 304 4151 piit
319 4071 384 4137 che
399 4071 447 4136 mi
462 4055 631 4152 pensatio.
647 4069 693 4134 V.
710 4071 748 4136 P.
773 4073 802 4135 c’
827 4073 962 4147 hauera
989 4073 1067 4136 tutti
1093 4089 1156 4154 per
1178 4090 1336 4137 raecum·

115 4177 262 4244 mandati
281 4178 317 4243 in
333 4178 397 4244 X.⁰

165 4285 283 4368 lloggi
298 4287 330 4352 si
343 4303 432 4352 sono
454 4284 639 4352 introdutti
658 4303 728 4350 con
745 4301 838 4367 gran
864 4289 1050 4352 solemnita
1073 4287 1115 4352 20
1136 4289 1283 4368 uergine
1299 4288 1335 4352 in

117 4434 319 4450 -——

152 4527 160 4560 ¹
186 4529 288 4576 1131331
299 4531 552 4577 AntonlnsOradlnl.

151 4601 161 4633 ¹
186 4601 294 4648 Fulvlns
304 4605 335 4648 de
346 4605 372 4648 13
382 4603 469 4648 Corus
478 4603 621 4658 10313333).
665 4625 674 4630 -

150 4671 160 4704 ⁸
183 4673 227 4720 Fr.
237 4675 352 4720 Thomu
369 4673 488 4730 Cascelli,
504 4675 534 4721 0.
546 4677 582 4732 l’.,
603 4675 745 4734 Episcopus
761 4675 895 4724 cavensis.
912 4676 977 4723 Vide
988 4677 1103 4726 Potaucr
1118 4677 1271 4730 (3111031133,
1282 4683 1338 4734 nv,

15 4814 19 4833 Ι
117 4745 240 4802 113113
250 4747 298 4794 ¹⁵2
