3472 5528
643 543 705 606 An.
726 543 797 606 1556
1276 544 1331 606 298

115 694 199 773 dam,
215 712 288 760 non
303 696 412 760 semel
427 703 575 774 tantum,
593 691 748 775 permitti
763 691 864 756 nobis
878 691 1055 758 humiliter
1073 691 1176 773 iuxta
1198 692 1328 772 proles-

116 803 241 866 sionem
257 811 417 867 nostram
439 811 474 888 et
493 801 570 866 sine
593 817 723 882 pompa
744 796 890 863 introire
911 799 1239 880 obsecraueramus,
1264 817 1330 864 uec

113 910 224 974 datum
238 910 316 974 luit.

167 1017 387 1098 Expectabat
401 1034 469 1082 nos
483 1017 579 1083 domi
593 1017 666 1082 dux
688 1017 957 1082 Francaevillae
980 1015 1052 1097 (qui
1075 1015 1111 1079 in
1132 1014 1199 1080 hoc
1219 1031 1330 1096 regno

118 1124 188 1187 vice
203 1124 363 1204 fungitur
375 1124 485 1206 regis)
501 1142 581 1190 cum
597 1125 712 1188 altero
731 1142 775 1188 cx
798 1123 1064 1203 inquisitoribus
1083 1123 1330 1204 nonnullisque

113 1231 297 1312 nobilibus;
319 1241 353 1296 et
375 1240 563 1314 postquam
584 1233 728 1297 domum
751 1239 960 1312 peruentum
981 1239 1045 1308 est,
1067 1229 1104 1294 in
1119 1230 1255 1310 capella
1269 1247 1328 1294 no·

112 1347 179 1404 stra
193 1339 294 1402 RQ
310 1338 503 1406 Hoscensis
518 1338 714 1420 Episcopus
729 1355 870 1402 sacrum
891 1337 985 1416 fecit,
1008 1335 1255 1418 praesentibus
1274 1354 1328 1401 su·

112 1445 283 1526 predictis.
303 1446 346 1510 Et
362 1447 450 1510 haec
466 1446 508 1510 de
523 1455 645 1510 nostro
661 1445 787 1522 reditu.

165 1551 252 1618 Nolo
268 1563 303 1618 te
319 1563 438 1619 autem
459 1552 576 1632 (Pater
591 1553 693 1618 nobis
715 1569 884 1634 perquam
899 1551 1057 1631 colende)
1077 1553 1199 1630 latere,
1223 1569 1329 1633 quarn

112 1660 333 1726 habuerimus
346 1661 454 1726 exilio
469 1661 620 1726 durante
635 1659 917 1742 occupationem,
931 1677 975 1724 ex
991 1676 1060 1742 qua
1076 1659 1244 1724 laudandi
1258 1658 1328 1722 Do·

112 1767 237 1834 minum
252 1768 395 1833 occasio
410 1785 489 1832 sese
504 1767 618 1832 offert.
634 1765 748 1832 Maior
764 1767 905 1850 quidem
918 1784 1003 1849 pars
1023 1766 1143 1848 oppidi
1157 1766 1250 1832 illius
1264 1765 1327 1830 Co·

113 1875 201 1940 mitis
220 1875 449 1958 Ripacurtiae
472 1875 520 1952 (in
542 1892 612 1958 quo
634 1874 958 1956 Caesaraugustam
978 1874 1113 1956 egressi
1134 1873 1327 1954 permansi·

114 1983 198 2061 mus)
222 1992 300 2048 erat
321 1999 457 2062 eorum,
483 1983 610 2065 quiex
632 1983 870 2048 mahometica
891 1991 989 2048 secta
1014 1980 1129 2047 denuo
1154 1981 1200 2046 ad
1223 1980 1328 2046 fidem
1391 1967 1395 1972 ’

115 2087 168 2152 X.¹
188 2090 353 2156 conuersi
373 2097 473 2157 sunt:
495 2089 621 2155 horum
641 2089 730 2154 filios
752 2090 821 2154 duo
842 2098 965 2170 patres
987 2107 1032 2154 ex
1052 2087 1196 2167 nostris,
1219 2088 1327 2153 semel

111 2193 261 2278 quotidie
275 2206 538 2278 congregantes
559 2213 623 2277 per
642 2197 732 2276 vias,
752 2198 892 2278 pulsato
915 2195 1077 2274 cimbalo,
1101 2205 1136 2259 et
1157 2195 1328 2260 cumillis

110 2300 195 2367 filios
218 2309 470 2368 veteranorum
491 2305 527 2367 in
549 2301 680 2368 Christi
701 2303 838 2382 militia,
860 2319 930 2383 qua
954 2311 1119 2384 poterant
1143 2301 1326 2382 diligentia

109 2407 301 2476 doctrinam
317 2410 513 2476 edocebant
527 2410 774 2476 christianam:
789 2410 926 2476 lestiuis
940 2426 1027 2474 vero
1042 2408 1165 2474 diebus
1178 2408 1217 2474 Ρ.
1239 2406 1325 2474 San·
1413 2422 1417 2432 ·

108 2517 283 2584 tanderius
302 2517 504 2599 explicabat
526 2519 577 2582 eis
595 2517 676 2582 fidei
697 2517 866 2582 articulos
888 2533 968 2581 cum
989 2525 1087 2582 tanto
1109 2515 1326 2582 audientium

107 2622 275 2704 proiectu,
293 2633 332 2688 vt
354 2623 513 2688 dicerent
533 2642 573 2690 se
593 2641 773 2705 nunquam
794 2624 863 2709 tale
886 2623 1146 2705 quidaudisse:
1171 2623 1325 2688 maxime
1369 2659 1373 2667 ·

106 2741 220 2798 autem
233 2732 283 2804 illi
296 2732 333 2796 in
351 2731 420 2798 fide
431 2732 609 2814 neophiti,
630 2733 690 2816 qui
711 2742 745 2796 et
768 2731 899 2813 gaudio
921 2731 1021 2796 nobis
1042 2741 1076 2796 et
1099 2730 1324 2796 admirationi

107 2850 215 2920 mant,
230 2857 314 2906 nam
328 2856 411 2904 cum
425 2840 515 2904 alios
529 2839 801 2904 concionatores
814 2840 877 2904 vix
889 2839 925 2904 vi
937 2839 1059 2902 audire
1072 2838 1213 2917 vellent,
1230 2839 1324 2904 hunc

106 2944 168 3028 ipsi
186 2949 276 3012 altro
292 2947 469 3028 rogabant
482 2957 522 3012 vt
537 2946 589 3011 eis
602 2947 874 3012 concionaretur
884 2946 1053 3028 ‚viamque
1068 2945 1194 3010 salutis
1208 2955 1323 3011 osten·

105 3052 219 3120 deret:
235 3063 341 3137 atque
357 3073 402 3119 ex
417 3053 473 3120 his
486 3055 587 3120 multi
602 3053 724 3120 diebus
746 3054 883 3120 festinis
901 3053 948 3118 ad
969 3053 1159 3120 conciones
1181 3070 1226 3116 ex
1245 3070 1322 3134 pro-

104 3160 207 3226 ximis
221 3162 323 3243 pagis
337 3162 548 3226 cateruatim
562 3161 800 3227 confluebant:
817 3170 851 3225 et
871 3160 906 3226 id
926 3161 1067 3242 quidem
1088 3160 1194 3242 (quod
1213 3159 1321 3238 homi-

105 3284 184 3332 num
198 3267 377 3350 ingenium
393 3268 459 3347 est)
473 3286 546 3333 non
559 3267 622 3333 vili
636 3278 688 3334 est
708 3268 966 3336 aestimandum
980 3266 1112 3348 pretio:
1128 3266 1226 3348 atqui
1240 3265 1319 3347 ipsi,

103 3385 139 3437 rt
152 3375 189 3438 in
202 3376 344 3456 longius
363 3385 502 3458 tempus
522 3375 667 3441 exilium
684 3385 845 3441 nostrum
866 3376 912 3438 ab
934 3375 1020 3438 vrbe
1040 3373 1319 3455 protraheretur,

103 3497 229 3562 magno
243 3482 375 3548 affectu
390 3491 516 3566 optare
529 3499 568 3548 se
583 3482 736 3548 aiebant.
752 3483 797 3548 Et
811 3483 900 3548 haec
915 3483 959 3547 de
974 3481 1132 3546 absentia
1145 3489 1279 3546 nostra.

159 3587 270 3655 Huius
285 3599 405 3655 autem
420 3591 519 3654 vrbis
534 3589 631 3655 ciues
649 3599 787 3656 tantum
805 3599 1042 3672 conceperant
1062 3606 1107 3653 ex
1128 3589 1320 3670 praeterita

103 3695 135 3758 in
148 3712 214 3760 nos
229 3698 431 3764 turbatione
447 3696 595 3776 timoris,
616 3706 656 3761 vt
675 3714 764 3778 pene
784 3714 906 3761 omues
926 3696 1127 3779 (perpaucis
1149 3695 1318 3776 exceptis

101 3802 158 3882 qui
179 3804 279 3869 nobis
300 3804 447 3871 arctiori
466 3821 560 3870 nexu
583 3804 807 3886 colligantur)
830 3803 877 3868 ad
897 3821 963 3868 nos
985 3803 1154 3868 accedere
1179 3819 1319 3867 recusa·

99 3921 188 3975 rent.
205 3911 355 3993 Quando
369 3921 488 3976 tamen
503 3913 554 3976 eis
568 3912 620 3976 rei
631 3921 754 3992 gestae
765 3911 899 3976 veritas
910 3911 1073 3990 innotuit,
1087 3910 1254 3990 expulsus
1266 3918 1320 3974 est

100 4017 219 4082 timor:
244 4019 316 4085 iam
342 4019 402 4102 qui
425 4028 658 4100 recesserant,
685 4017 886 4100 frequenter
906 4017 951 4082 ad
970 4035 1036 4083 nos
1055 4016 1226 4082 accedere
1248 4035 1319 4082 non

98 4123 302 4191 formidant:
319 4126 449 4191 crescit
464 4127 500 4190 in
515 4125 591 4190 dies
605 4143 773 4194 numerus
792 4126 1003 4191 deuotorum
1023 4124 1265 4190 confitentium
1284 4136 1319 4190 et

98 4233 447 4300 communicantium:
464 4233 534 4298 iam
549 4235 628 4299 luce
642 4234 773 4299 clarius
787 4234 910 4299 vident
922 4233 1153 4314 praeteritam
1165 4232 1317 4296 concita·

99 4339 226 4406 tionem
238 4358 311 4408 non
326 4339 422 4406 aliud
437 4339 556 4420 luisse,
573 4358 680 4422 quam
695 4341 994 4407 machinationem
1014 4339 1208 4405 daemonis.
1236 4337 1317 4404 Nul-

98 4445 150 4510 lus
174 4445 248 4514 iere
271 4448 443 4530 praeterit
465 4447 552 4528 dies,
575 4447 611 4512 iu
632 4465 702 4529 quo
725 4448 770 4514 ad
793 4447 1030 4513 confitendum
1057 4447 1317 4512 communican-

97 4551 246 4636 dumque
272 4555 448 4638 quispiam
468 4571 540 4620 non
561 4554 725 4635 accedat;
751 4554 873 4620 diebus
897 4553 1106 4636 praesertim
1130 4553 1317 4621 dominicis

96 4660 241 4728 veniunt
253 4671 320 4742 tot,
335 4672 376 4727 vt
390 4664 509 4744 plures
524 4663 713 4748 aliquando
729 4659 968 4726 desideremus
983 4662 1233 4728 confessarios:
1246 4662 1316 4728 die·
1332 4721 1336 4729 .

98 4765 160 4834 hus
175 4777 293 4836 autem
304 4769 531 4855 paschalibus
543 4778 577 4840 et
589 4771 668 4840 aliis
679 4769 880 4857 praecipuis
893 4769 992 4840 sestis
1004 4769 1130 4840 mirum
1143 4780 1196 4834 est
1208 4787 1315 4860 quan·
