3510 5526
399 463 456 524 700
870 463 1046 522 Areaamx
1064 479 1167 522 natus

457 611 526 675 llic
540 620 596 676 est
608 611 831 690 ingeniorum
846 625 978 689 magna
993 611 1112 690 copia;
1128 619 1225 674 terra
1245 610 1339 674 enim
1360 627 1473 690 aeque
1493 611 1630 686 fructus

397 728 504 800 atque
519 719 661 798 ingenia
676 718 779 798 parit.
796 716 901 780 Vnde
916 715 993 780 Deo
1007 716 1133 780 honori
1142 718 1300 781 futurum
1314 733 1511 798 speramus,
1524 735 1623 799 prae⁴

397 827 519 890 sertim
535 841 616 890 cum
635 823 692 888 hic
714 825 750 888 in
770 823 886 888 medio
904 824 1012 888 totius
1033 823 1199 888 Baeticae
1219 833 1293 887 tam
1312 825 1383 887 late
1402 825 1542 905 aperiat
1562 843 1620 890 sua

397 933 500 1013 signa
516 941 640 996 nostra
655 929 825 996 Societas.
843 930 922 994 Non
940 930 998 994 hic
1017 931 1105 994 vitia
1124 931 1247 1010 vigent
1269 931 1569 1012 quemadmodum
1591 933 1619 996 in

397 1039 524 1104 uicinis
548 1037 710 1119 populls:
736 1038 992 1118 quodquidam
1011 1037 1142 1116 effecit,
1165 1047 1203 1101 vt
1221 1037 1356 1102 tamdiu
1375 1039 1434 1102 hic
1453 1041 1620 1104 manserit

396 1127 567 1224 Magister
582 1144 700 1222 Auila‚
717 1161 799 1208 cum
811 1143 1079 1208 maioremhinc
1100 1143 1252 1208 fructum
1272 1155 1434 1225 speraret
1448 1163 1559 1226 quam
1580 1163 1619 1210 ex

397 1253 476 1316 aliis
490 1252 666 1331 gentibus.
682 1249 784 1314 Nunc
798 1267 918 1314 secum
934 1250 1077 1330 gaudet,
1093 1269 1188 1316 nunc
1203 1251 1280 1316 Deo
1296 1268 1421 1332 preces
1434 1251 1567 1332 fundit,
1590 1266 1619 1316 et

396 1377 517 1424 secum
532 1375 613 1423 cum
627 1357 792 1422 Simeone
811 1357 912 1422 dicit:
930 1373 1024 1420 nunc
1041 1353 1194 1421 dimittis
1208 1375 1357 1422 seruum
1372 1364 1488 1436 tuum,
1504 1359 1618 1423 Domi

395 1485 451 1546 no,
463 1467 523 1530 &e
538 1465 731 1545 Cognoscit
743 1465 814 1528 iam
826 1465 914 1528 haec
923 1465 1050 1543 ciuitas
1061 1465 1129 1528 Dei
1139 1465 1421 1530 misericordiam
1430 1483 1514 1530 cum
1525 1485 1617 1547 aper·

395 1585 451 1638 tos
475 1573 593 1652 ludos,
618 1572 828 1650 religionem
852 1579 1029 1649 sanctam,
1052 1572 1200 1652 probata
1221 1572 1379 1636 uirorum
1402 1574 1565 1654 exempla
1587 1583 1618 1635 et

394 1682 544 1744 aliorum
558 1679 756 1760 protectum
769 1677 898 1741 uideat.
924 1677 1040 1742 Habet
1062 1678 1170 1742 etiam
1191 1679 1227 1742 in
1246 1680 1366 1744 animo
1387 1689 1528 1742 uastam
1543 1697 1622 1743 aea·-

393 1787 545 1851 demiam
560 1786 774 1849 constituere
788 1801 859 1848 non
875 1785 950 1848 sine
964 1783 1109 1865 copioso
1124 1795 1316 1864 prouentu,
1333 1803 1438 1866 quem
1451 1787 1523 1850 uiri
1536 1803 1615 1850 non·

392 1895 479 1959 nulli
492 1904 527 1957 et
542 1893 643 1974 probi
657 1893 861 1956 sacerdotes
881 1891 1101 1972 pollicentur.
1124 1891 1214 1970 Quid
1232 1893 1348 1956 dicam
1369 1892 1413 1956 de
1433 1893 1614 1956 scholasti·

392 2002 459 2065 cis?
473 2001 687 2064 Tercentum
699 1999 890 2079 gymnasia
904 2007 1026 2062 nostra
1048 1997 1291 2078 frequentant,
1307 1999 1351 2063 de
1366 2001 1525 2080 peccatis
1539 2017 1613 2062 con·

391 2108 543 2185 fitentur,
571 2107 617 2169 ab
641 2106 802 2168 omnibus
820 2105 910 2168 bene
935 2104 1092 2184 audiunt,
1121 2119 1203 2168 cum
1222 2114 1295 2169 tam
1316 2114 1471 2169 mutatos
1496 2123 1611 2170 eorum

391 2231 507 2279 mores
523 2214 683 2286 uideant,
707 2222 781 2276 tarn
801 2213 998 2276 studiorum
1017 2212 1187 2276 sollicitos
1207 2213 1361 2275 sentiant
1380 2221 1416 2276 et
1435 2213 1612 2277 doctrinae

391 2321 607 2386 christianae
622 2317 809 2383 studiosos,
825 2317 945 2396 Ratio,
966 2335 1057 2398 quae
1080 2317 1345 2383 iniectionibus
1365 2327 1540 2396 seruatur,
1563 2330 1612 2382 cst

390 2428 526 2506 eadem,
543 2434 700 2508 quam-tu
716 2427 854 2490 seruari
868 2425 978 2489 iubes:
995 2427 1088 2489 hanc
1103 2426 1196 2488 enim
1211 2422 1250 2487 P.
1272 2424 1410 2490 Natalis
1425 2427 1611 2490 constituit.

391 2534 554 2599 Caietani
568 2549 742 2596 summam
759 2531 779 2612 ¹,
797 2547 888 2612 quae
902 2529 1044 2612 plurimi
1058 2533 1094 2595 in
1109 2531 1165 2596 his
1179 2531 1284 2595 terris
1299 2532 1519 2612 aestimatur,
1535 2543 1610 2613 apte

390 2641 542 2722 quidem,
559 2647 728 2720 quantum
743 2657 788 2701 ex
803 2639 1004 2702 auditorum
1021 2638 1138 2701 verbis
1153 2639 1391 2718 percepimus,
1408 2639 1609 2719 interpreta-

389 2757 446 2811 tur
460 2745 595 2810 Doctor
610 2745 716 2808 Plaza
732 2744 754 2820 ’,
771 2745 914 2824 quidam
928 2762 974 2807 ex
988 2745 1056 2808 illis
1071 2744 1274 2809 doctoribus
1290 2745 1507 2825 Siguencae,
1524 2745 1609 2809 alias

388 2853 601 2934 Seguntinis,
628 2854 688 2932 qui
712 2868 823 2932 nuper
848 2849 1061 2916 Societatem
1086 2852 1271 2932 ingressus
1291 2863 1356 2930 est;
1380 2853 1503 2916 literas
1527 2867 1606 2915 uero

387 2977 538 3040 graecas
553 2957 659 3022 Pater
672 2957 762 3042 Jaen
776 2957 799 3036 ³,
816 2957 873 3020 ille
892 2957 1051 3038 quidem,
1069 2958 1170 3022 cuius
1190 2957 1286 3022 sama
1306 2958 1353 3034 ad
1372 2967 1454 3022 tuas
1473 2958 1606 3024 deuenit

387 3083 492 3132 aures
517 3067 718 3146 aliquando,
746 3065 805 3146 qui
830 3063 1007 3145 Compluti
1031 3069 1148 3129 antea
1162 3066 1299 3146 publice
1324 3066 1462 3130 solebat
1487 3066 1609 3130 docere

390 3176 512 3238 literas
525 3189 688 3254 graecas.
706 3169 935 3235 Rhetoricam
950 3171 1157 3252 auspicatus
1172 3181 1224 3235 est
1245 3172 1357 3236 frater
1378 3173 1565 3257 Marcellus
1583 3170 1608 3249 ‘,.

385 3281 448 3344 sed
462 3289 607 3362 propter
621 3295 723 3343 suam
737 3277 977 3342 infirmitatem
992 3279 1060 3342 hoc
1072 3279 1192 3343 labore
1206 3280 1405 3360 supersedit
1420 3281 1521 3362 eique
1534 3295 1605 3343 suc·

386 3387 495 3451 cessit
517 3385 705 3450 Antichius
729 3383 828 3449 Roca
853 3382 876 3464 ⁸,
903 3385 962 3466 qui
987 3385 1095 3450 etiam
1119 3383 1326 3450 Suetonium
1347 3387 1602 3468 interpretatur.

384 3493 492 3558 Fater
506 3493 669 3556 Ramirez
684 3491 696 3518 ‘¹
710 3491 886 3555 secundas
900 3501 1020 3573 partes
1035 3491 1071 3554 in
1086 3493 1330 3571 grammaticis
1345 3502 1453 3572 tenet,
1466 3492 1606 3558 familia·

384 3617 442 3665 res
457 3601 637 3682 epistolas,
655 3599 865 3677 Vergilium,
882 3609 916 3660 et
932 3609 1096 3679 quartum
1111 3597 1258 3664 Antonii
1270 3598 1421 3664 librum²
1437 3600 1602 3664 laboriose

385 3706 605 3772 scholasticis
622 3705 746 3785 aperit.
768 3703 873 3768 Pater
891 3705 1103 3770 Benedictus
1124 3705 1246 3786 pueris
1266 3707 1530 3786 grammaticae
1543 3707 1601 3768 ele-

424 3915 431 3943 l
461 3913 571 3957 nouas
581 3911 684 3963 osvio,
695 3909 821 3965 calerent.
833 3908 862 3953 0.
876 3909 911 3964 l‘.¹
923 3909 947 3954 S.
958 3909 990 3954 R.
1000 3910 1032 3954 Ε.
1043 3909 1198 3966 caminatis,
1208 3910 1321 3955 Summa
1336 3911 1370 3956 de
1377 3913 1506 3966 precatio.

400 3987 434 4030 ‚¹
462 3983 784 4037 emmanuelem.

420 4054 432 4086 ³
463 4054 694 4108 attenuante.

421 4128 432 4160 ⁴
460 4125 639 4170 Marcellusde
651 4125 770 4170 salazar.

421 4198 433 4228 ⁵
461 4197 534 4242 Hunc
544 4196 708 4241 sinaitam
717 4197 833 4251 appellat
844 4195 967 4248 Jonttncn
976 4195 1055 4240 Roda.
1064 4197 1131 4240 Vide
1138 4197 1254 4240 Potoact
1262 4195 1418 4250 chronicon,
1424 4204 1444 4242 t.
1454 4205 1490 4250 tt,
1497 4193 1601 4252 penu»

382 4273 410 4313 et
420 4267 542 4312 Litterae
551 4267 781 4321 Quadrimestres,
792 4273 810 4310 t.
822 4275 849 4317 tt.
864 4277 924 4322 pag.
932 4267 966 4318 70.
978 4273 1067 4313 anuott
1077 4267 1101 4312 tl:

419 4341 433 4376 ⁸
459 4339 487 4384 Ρ.
500 4339 610 4384 ΜΙοΙιιεΙ
622 4338 750 4384 anatra.

419 4413 431 4448 '¹
459 4412 516 4457 lios
525 4417 629 4456 uotum
642 4411 736 4456 micio
750 4410 817 4464 tutti,
835 4411 903 4465 qnod
914 4411 997 4454 verba
1008 4403 1073 4454 neoc
1089 4413 1216 4464 quartum
1231 4411 1344 4456 Antontt
1357 4413 1595 4474 trememtem,

380 4486 437 4540 qula
450 4485 492 4530 ltlc
503 4484 571 4528 liber
579 4483 684 4538 ejusque
693 4483 927 4526 auctorAntotttus
937 4480 1130 4528 luerltdednlre
1138 4493 1188 4528 non
1196 4483 1328 4542 amemus.
1336 4483 1538 4541 Factllsquldem
1545 4491 1594 4528 oon·

376 4557 479 4612 lecture
490 4559 541 4608 eet,
550 4553 672 4608 mmm
681 4553 713 4598 tle
723 4563 753 4598 re
762 4555 937 4608 grammatica
946 4555 1043 4608 uultur,
1054 4555 1188 4610 lodifflmrl
1199 4556 1241 4600 llic
1253 4556 1331 4600 Amr
1339 4556 1595 4602 Aamttltnmsm-

378 4639 424 4678 sta,
433 4626 648 4672 introductiones
656 4626 685 4667 tn
696 4625 812 4670 latinam
825 4627 1044 4679 gratulantium
1054 4637 1144 4670 verum
1155 4627 1177 4672 ts
1188 4628 1274 4683 operis
1283 4629 1332 4682 sul.
1340 4635 1417 4684 prout
1428 4629 1508 4674 medlo
1517 4633 1595 4672 sem·

377 4701 403 4744 lo
412 4711 459 4743 xvt
469 4699 595 4743 edebatur
605 4697 897 4752 clrcumleteltatutque.
910 4703 1000 4752 patto·
1009 4707 1059 4742 non
1066 4698 1153 4742 tidros
1163 4700 1208 4743 sed
1218 4699 1353 4744 tractatus
1362 4701 1512 4756 appellaeo.
