3510 5526
512 523 681 584 Aonetns
696 539 732 584 ra
749 537 837 584 rouo
854 537 973 582 anano
1303 517 1358 578 717

126 667 320 746 auditores,
335 677 833 750 ornnesnueesseoantentos.
850 667 967 748 quoad
982 683 1168 758 posennus
1177 664 1352 746 iudicare.

125 772 177 852 Id,
195 773 530 856 oredo,.inrelligens
543 775 756 854 cardinalis,
771 773 1033 844 auluitidcirno
1046 774 1352 854 plures-aliusno-

123 879 393 962 demsbipendio
409 883 581 961 alere-its
593 892 634 945 at
649 899 796 948 nmnero
809 880 992 958 idumeus,
1008 881 1068 962 qui
1080 881 1175 956 banc
1186 887 1349 956 numnam
1411 947 1415 954 ,

122 987 313 1055 lectionem
334 989 513 1066 audbmrt,
530 989 641 1054 simul
656 999 694 1052 et
710 987 924 1054 alteramde
941 987 1089 1058 essibus
1106 1003 1246 1068 quoque
1257 1003 1352 1064 pnn-

125 1094 307 1174 sclemiae,
319 1113 431 1176 quam
441 1097 535 1162 alins
547 1105 771 1178 praeceptor,
788 1114 809 1159 a
824 1093 1013 1164 Carunale
1028 1094 1175 1171 accitus,
1185 1094 1348 1176 =exponit.

123 1198 214 1264 Sunt
234 1212 422 1282 praeterea
439 1213 583 1283 tumeler
599 1203 684 1280 bos,
706 1203 767 1284 qui
783 1201 972 1283 stipendiis
989 1200 1190 1275 Cardinuiis
1211 1210 1351 1276 susten-

123 1315 255 1386 tantur,
271 1309 371 1373 multi
384 1310 455 1389 alii,
472 1310 532 1390 qui
546 1320 707 1374 nostran
717 1307 994 1376 lectionems'ue
1005 1307 1188 1387 stipendiis
1199 1307 1348 1372 libenter

121 1413 282 1479 autiimt.
297 1415 528 1497 :Hincprocul
543 1417 648 1482 dubio
664 1433 826 1482 summus
837 1415 955 1482 honor
973 1420 1007 1477 et
1024 1413 1032 1445 ¹
1047 1414 1121 1478 Dei
1135 1413 1254 1494 gloria
1273 1430 1351 1494 spe·

120 1530 241 1600 ratur3
257 1540 346 1588 vnarn
365 1525 574 1590 secutores
587 1524 630 1588 ni
645 1541 694 1588 ex
713 1523 824 1590 uariis
844 1522 933 1592 lucis
944 1522 1056 1586 lanius
1076 1521 1247 1590 montesis
1267 1537 1350 1600 cop·

122 1627 246 1709 fluunt,
263 1632 323 1711 qui
338 1649 424 1696 sane
440 1631 795 1714 quidun-postquam
810 1632 1024 1698 necessariis
1032 1628 1351 1708 omnibusadcou·

116 1735 313 1801 iessionem
337 1748 372 1801 et
395 1739 548 1802 aliorum
572 1756 758 1804 sacrorum
781 1755 886 1806 esum
908 1739 999 1804 satis
1022 1736 1186 1803 instructi
1201 1735 1350 1812 luerint,

121 1859 209 1906 suae
234 1860 277 1907 ac
302 1846 547 1925 proximorum
571 1845 676 1909 saluti
700 1846 736 1909 si
757 1845 983 1920 uoluerant,
1004 1845 1115 1910 ualde
1142 1842 1347 1924 prodeunti

121 1950 248 2013 modus
262 1961 381 2014 autem
395 1961 430 2014 et
444 1952 625 2030 exercitia,
641 1953 783 2034 quaein
796 1970 841 2016 ee
855 1953 1004 2016 lectione
1020 1951 1205 2028 habentur,
1215 1949 1348 2013 endem

120 2066 215 2135 sunt,
231 2073 321 2136 quae
337 2057 557 2139 iampridem
573 2058 618 2122 ad
633 2059 670 2124 Ρ.
687 2057 728 2124 Τ.
744 2059 962 2139 scripsimus:
978 2057 1125 2139 proinde
1137 2057 1180 2120 de
1192 2055 1247 2120 his
1258 2054 1348 2119 nibil

119 2161 291 2226 dicemus.

179 2267 489 2338 Sacerdotessunt
507 2272 543 2337 in
558 2272 626 2338 hoc
644 2273 816 2360 Collegio‚
835 2283 987 2354 excepto
1006 2271 1046 2336 Ρ.
1065 2270 1236 2349 secura
1260 2269 1345 2346 4·⁰¹'‚

117 2391 270 2455 quorum
285 2393 387 2456 unus,
402 2376 440 2442 P.
454 2379 665 2444 Emmanuel
679 2379 953 2456 Fornandez‚de
964 2396 1034 2460 quo
1047 2395 1166 2459 supra,
1180 2384 1347 2458 aegrotat

117 2482 189 2546 iam
205 2483 286 2547 inde
301 2502 321 2546 a
337 2487 512 2566 principio
527 2485 745 2551 Decembris:
758 2487 888 2568 reliqui
906 2485 1187 2550 confessionibus
1203 2483 1345 2548 schola·

116 2590 288 2656 sticorum
303 2591 488 2658 audiendis
503 2605 732 2675 occupantur,
749 2594 809 2674 qui
822 2611 917 2660 nunc
932 2610 1078 2660 numero
1091 2591 1153 2655 300
1167 2604 1248 2656 sunt
1262 2594 1344 2670 plus

116 2697 246 2761 minus:
262 2699 439 2764 interdum
453 2701 559 2765 etiam
581 2702 731 2766 aliorum
753 2701 994 2766 consessiones
1012 2699 1176 2778 audiunt,
1193 2715 1343 2779 quarum

116 2803 270 2883 quidem,
287 2806 317 2869 si
331 2808 450 2887 plures
465 2807 672 2872 confessarii
688 2819 818 2887 essent,
834 2797 953 2888 plures
965 2808 1138 2872 audirent.
1153 2806 1345 2870 Praeterea

114 2910 150 2988 ii,
163 2913 224 2992 qui
236 2915 340 2976 morti
351 2915 647 2996 appropinquant,
656 2932 921 2997 nonnumquam
932 2915 1143 2979 inuisuntur.
1153 2913 1273 2994 Nuper
1284 2931 1343 2976 au-

113 3028 197 3094 tom,
215 3036 297 3082 cum
310 3038 400 3085 unus
416 3039 461 3086 ex
476 3022 607 3086 nostris
622 3022 807 3089 cuiusdam
822 3023 1081 3088 consessionem
1092 3021 1252 3086 auditum
1263 3021 1341 3097 iret,

115 3125 206 3188 duos
221 3136 281 3190 aut
297 3137 370 3191 tres
384 3129 519 3192 amicos
529 3128 623 3208 serit
641 3131 665 3209 ¹;
685 3133 774 3193 alter
798 3131 963 3210 quinque:
985 3131 1128 3209 insuper
1143 3129 1197 3192 his
1219 3127 1343 3191 diebus

110 3231 344 3312 alriauldam
359 3235 479 3300 deuoti
499 3254 542 3300 ac
563 3236 612 3317 pii
634 3237 770 3300 Patres
785 3243 852 3300 aut
862 3237 1012 3314 fratres
1032 3237 1170 3318 aliquos
1186 3236 1343 3317 postula·

114 3348 208 3418 runt,
224 3342 283 3421 qui
299 3359 423 3422 pacem
438 3352 690 3423 componerent
705 3344 796 3407 inter
810 3360 922 3406 vnum
937 3349 970 3406 et
985 3343 1079 3406 alios
1093 3352 1166 3405 tres
1180 3351 1241 3406 aut
1254 3341 1341 3416 4⁰¹,

108 3447 206 3510 ‘irrter
221 3463 309 3528 quos
320 3465 476 3528 magnae
491 3458 593 3514 erant
605 3450 851 3514 contentiones
861 3463 901 3514 et
920 3451 999 3513 lites
1013 3467 1094 3513 cum
1114 3465 1251 3514 summa
1272 3448 1343 3512 Dei

114 3553 255 3618 iniuria:
272 3566 310 3618 at
324 3555 382 3618 ille
396 3573 460 3620 sua
477 3556 720 3622 misericordia
740 3555 856 3620 effecit
879 3566 916 3622 ut
938 3557 974 3620 in
995 3557 1150 3636 gratiam
1171 3556 1340 3630 redirent,

113 3671 146 3720 et
160 3663 341 3739 prouoluti
355 3663 504 3740 genibus
523 3664 666 3727 veniam
680 3663 849 3742 innioem,
870 3681 941 3728 non
956 3663 1032 3727 sine
1046 3662 1250 3743 lachrymis
1279 3679 1340 3742 po-

111 3767 297 3831 stularent.

170 3873 270 3938 Haec
285 3874 358 3940 sere
373 3889 475 3940 erant
489 3878 534 3940 ad
550 3877 587 3940 P.
605 3877 645 3941 T.
661 3878 860 3942 scribenda:
877 3877 944 3940 boc
959 3878 1074 3940 solum
1083 3877 1257 3956 reliquum
1270 3885 1338 3950 est,

111 3981 207 4061 quod
220 3981 257 4044 in
270 3981 362 4045 iesto
377 3981 514 4048 Natalis
529 3983 673 4048 Domini
689 3984 795 4048 aedes
809 3985 1034 4062 mutauimuS,
1051 3993 1085 4046 et
1107 4001 1151 4046 ex
1165 3982 1265 4062 regio
1280 3999 1341 4061 pa·

114 4089 210 4167 latio,
236 4089 295 4152 ubi
320 4089 435 4153 adhuc
462 4090 725 4169 habitabam,
747 4093 784 4156 in
806 4109 939 4155 nouum
965 4091 1151 4170 collegium
1170 4090 1339 4168 migraui-

110 4210 198 4272 muS,
217 4195 276 4258 ubi
290 4196 376 4258 satis
392 4196 575 4260 commode
590 4197 804 4276 habitamus,
825 4197 1035 4278 praesertim
1056 4195 1174 4278 quoad
1196 4197 1336 4259 cubicu-

110 4298 153 4374 la,
170 4299 235 4365 sed
249 4304 358 4365 multo
372 4303 498 4366 melius
513 4303 749 4368 habitabimus
769 4305 930 4368 absoluto
946 4304 1013 4367 boc
1028 4321 1134 4384 opere
1149 4313 1234 4381 toto;
1251 4320 1335 4366 non-

109 4405 189 4470 dum
210 4409 302 4471 enim
326 4418 470 4489 propter
489 4411 708 4476 turbationes
728 4410 903 4492 opificum,
926 4427 1015 4492 quos
1036 4425 1181 4474 necesse
1202 4419 1254 4474 est
1277 4411 1337 4472 hic

109 4575 139 4582 η-

150 4683 156 4714 ¹
184 4694 295 4729 summa.
305 4683 447 4731 Ponnucus.

146 4753 157 4784 ¹
185 4755 215 4798 in
225 4757 375 4802 arnicitium
387 4759 504 4802 reduxit.
515 4757 552 4802 ln.
