3382 5528
640 517 701 574 Art.
725 514 794 574 tubo
1133 566 1137 572 .
1274 517 1329 578 tab

111 660 188 738 (sic)
202 661 483 728 beneuolentiam
499 661 742 738 conciliamus
758 670 797 724 ut
812 661 871 725 ubi
886 662 1038 740 primurn
1054 679 1118 726 nos
1139 661 1326 742 aspiciunt,

112 768 274 846 gestiant,
298 769 518 848 compellent,
544 767 678 848 inipso
701 785 761 830 ore
783 767 938 842 laudent,
962 768 1185 848 maximeque
1205 787 1269 832 nos
1284 770 1328 833 ob

112 893 185 940 eam
199 875 421 956 potissimum
437 891 583 938 causam
599 875 829 954 admirentur,
847 875 939 955 quod
954 875 1073 938 dicant
1088 893 1125 939 se
1140 893 1161 937 a
1176 876 1293 954 sociiS,
1308 894 1328 938 a

114 981 416 1059 commilitonibus,
434 983 643 1062 quibuscum
657 992 768 1045 totam
783 991 935 1046 aetatem
948 993 1153 1062 exegerunt,
1166 981 1293 1059 deseri;
1306 1001 1327 1044 a

115 1089 222 1167 nobis
240 1087 300 1168 qui
315 1089 446 1152 nullam
462 1106 543 1152 cum
557 1090 625 1152 iilis
639 1089 846 1152 societatem
860 1088 1043 1166 habemns,
1060 1090 1235 1168 amplecti.
1250 1126 1251 1129 =

165 1195 237 1260 Nec
253 1196 368 1260 minus
384 1197 439 1274 iis,
456 1197 517 1276 qui
531 1205 693 1260 tenentur
708 1197 744 1259 in
760 1197 922 1270 uinculiS,
946 1197 1085 1259 labores
1104 1206 1245 1261 nostros
1266 1196 1324 1259 im·

112 1305 223 1384 pertiti
238 1321 371 1376 sumus
389 1321 477 1383 quos
493 1304 542 1367 illi
557 1303 698 1383 quidem
713 1311 816 1381 grato
833 1303 950 1366 animo
972 1313 1214 1383 susceperunt.
1236 1302 1326 1366 Nam
1346 1383 1348 1388 ι

110 1428 236 1488 ornnes,
263 1410 387 1492 paucis
413 1411 601 1475 admodum
626 1411 794 1490 exceptis,
819 1418 899 1489 post
921 1411 1179 1474 confessionem
1200 1410 1325 1490 pretio·

111 1518 245 1582 sissimo
269 1517 402 1582 Christi
423 1535 573 1598 corpore
594 1519 781 1581 sustentati
806 1528 898 1581 sunt.
924 1517 1131 1598 Horamque
1155 1519 1325 1596 nonnulii,

110 1625 166 1705 qui
180 1626 384 1706 propediem
400 1634 501 1688 erant
516 1625 552 1688 in
572 1642 713 1688 crucem
732 1625 888 1701 tollendi,
912 1627 1043 1688 nostris
1064 1625 1228 1704 precibus
1247 1643 1326 1688 eua-

111 1742 238 1810 serunt,
255 1732 428 1812 nobisque
443 1741 543 1796 tanto
559 1743 707 1811 accepto
725 1730 894 1794 beneficio
917 1731 1124 1794 deditissimi
1146 1741 1242 1795 sunt:
1266 1731 1327 1795 sed

111 1837 195 1902 haec
220 1839 404 1902 hactenus.
428 1837 518 1902 Nam
543 1856 608 1902 nec
634 1838 778 1902 minima
802 1838 942 1918 quidem
965 1839 1163 1901 consectari
1184 1855 1327 1902 necesse

111 1955 178 2010 est:
196 1946 288 2010 etad
304 1945 496 2030 discipulos
511 1953 652 2009 nostros
668 1953 702 2008 et
717 1946 762 2008 ad
777 1945 870 2008 hanc
886 1944 1052 2008 afflictam
1068 1945 1249 2008 ciuitatem
1270 1963 1327 2010 ue·

108 2052 268 2116 niendum
283 2062 348 2118 est.

164 2158 299 2224 Domus
315 2169 436 2224 nostra
452 2159 540 2222 satis
555 2159 741 2224 commoda
757 2170 828 2238 est;
846 2178 908 2223 sex
922 2154 1104 2238 cubiculis
1117 2159 1229 2224 tribus
1240 2161 1326 2222 clas·

110 2267 215 2346 sibus,
232 2268 437 2341 coenaculo,
456 2267 559 2330 horto
575 2246 805 2346 satisamp10,
822 2278 927 2346 atque
947 2278 1072 2330 ornato
1095 2269 1225 2346 templo
1248 2284 1327 2328 con·

109 2383 193 2452 stat,
210 2391 313 2453 quae,
329 2373 411 2436 licet
425 2373 461 2436 in
476 2373 553 2453 ipso
576 2373 674 2436 vrbis
693 2373 771 2437 sinu
795 2376 912 2437 locata
936 2392 1005 2436 non
1027 2375 1083 2452 sit,
1107 2374 1187 2437 inde
1209 2384 1328 2438 tamen

110 2481 210 2561 longe
225 2498 296 2544 non
319 2481 437 2544 abest:
460 2499 568 2562 porro
589 2483 758 2560 tempium
781 2481 936 2544 maxima
960 2481 1156 2562 frequentia
1175 2481 1328 2544 celebra·

109 2597 172 2664 tur,
188 2588 246 2651 ubi
267 2587 496 2652 concionibus
516 2588 702 2651 audiendis
724 2589 897 2668 principio
923 2589 1022 2650 multi
1044 2589 1204 2651 aderant.
1226 2585 1329 2652 Nunc

110 2710 202 2772 uero,
218 2696 284 2758 etsi
298 2695 406 2760 nimio
422 2679 523 2760 aestu
540 2695 761 2759 intermissae
777 2705 858 2758 sunt
872 2697 1084 2772 conciones
1108 2712 1179 2758 non
1202 2695 1329 2758 desunt

110 2809 235 2880 tamen,
258 2803 320 2882 qui
338 2811 466 2866 octauo
488 2819 626 2883 quoque
649 2803 705 2866 die
727 2803 970 2866 confessiones
992 2803 1329 2884 communionesque

111 2907 340 2990 frequentant,
357 2910 448 2973 inter
463 2926 553 2991 quos
568 2920 621 2973 est
636 2910 770 2973 Doctor
790 2911 1004 2974 Franciscus
1026 2911 1069 2974 de
1091 2910 1282 2974 Villanoua
1306 2910 1327 2970 ¹.

111 3013 240 3079 Harum
255 3033 371 3080 rerum
387 3018 543 3081 omnium
559 3018 687 3094 fructu,
705 3017 782 3080 Deo
800 3020 875 3080 laus
888 3027 921 3080 et
933 3018 1060 3096 gloria,
1075 3018 1142 3091 cui,
1157 3026 1328 3097 tanquam

110 3122 245 3186 authori
260 3125 462 3206 praecipuo,
479 3125 596 3188 omnia
612 3135 760 3206 accepta
778 3124 961 3188 reserenda
978 3135 1069 3188 sunt.

165 3227 336 3310 Discipuli
356 3249 502 3294 nurnero
523 3241 604 3294 sunt
627 3230 699 3310 180;
724 3250 847 3294 uerum
870 3234 937 3294 hoc
960 3243 1118 3312 ternpore
1140 3232 1328 3296 uindemiis

107 3335 258 3416 impediti
273 3353 403 3418 magna
419 3355 540 3402 eorum
557 3356 641 3418 pars
656 3339 861 3418 distinetur;
882 3340 947 3401 hos
963 3340 998 3401 in
1019 3351 1091 3402 tres
1107 3342 1240 3402 classes
1263 3339 1329 3402 dis·

111 3443 298 3523 tribuimus,
328 3446 363 3508 in
389 3463 538 3526 quarum
565 3447 680 3526 prima
706 3448 959 3524 grammatices
985 3447 1184 3508 rudimenta
1211 3455 1245 3509 et
1271 3447 1327 3508 do·

108 3551 216 3614 ctrina
229 3551 373 3616 Xiana.:
389 3553 425 3616 in
441 3554 553 3616 altera
568 3553 679 3616 Marci
695 3553 800 3616 Tuttii
815 3553 985 3632 epistolae
1001 3564 1034 3615 et
1049 3552 1132 3615 Aldi
1147 3553 1296 3616 Munatii
1316 3552 1327 3584 '

112 3659 660 3740 praeceptionesgrammaticae:
683 3661 717 3722 in
739 3661 789 3722 3]ι
809 3677 895 3723 uero
917 3660 1083 3723 Urbanus
1105 3657 1116 3688 ³
1138 3669 1171 3721 et
1196 3659 1327 3723 Aristo·

111 3763 230 3842 phanis
241 3765 379 3829 Plutus
390 3768 653 3846 praeleguntur.
667 3765 770 3844 Sane,
785 3776 954 3847 quantum
967 3767 1009 3828 de
1025 3767 1163 3829 iliorum
1176 3766 1328 3844 ingeniis

112 3868 263 3936 iudicare
290 3889 488 3953 possumus,
512 3873 631 3936 multis
653 3884 801 3936 naturae
824 3873 962 3936 dotibus
984 3871 1133 3952 praediti
1155 3873 1257 3934 nobis
1279 3873 1325 3936 ui·

108 3973 247 4056 dentur;
263 3997 347 4042 nam
363 3989 395 4042 et
413 3980 554 4058 ingenio
571 3981 678 4058 acuti,
696 3989 730 4042 et
745 3980 887 4061 optimis
903 3979 1058 4042 moribus
1070 3979 1220 4042 instituti
1232 3989 1325 4054 sunt;

110 4081 262 4148 discendi
277 4103 414 4167 quoque
430 4086 545 4149 studio
561 4105 666 4169 quam
681 4087 832 4150 maxime
847 4087 1112 4166 rapiunturnon
1125 4086 1325 4150 adolescen-

111 4200 159 4252 tes
174 4193 289 4270 mod0,
307 4211 432 4256 uerum
447 4195 551 4257 etiam
566 4195 711 4257 iuuenes
725 4214 730 4258 :
744 4195 901 4273 ipsorum
913 4211 998 4272 erga
1011 4211 1075 4255 nos
1087 4193 1323 4270 obseruantia,

105 4294 136 4358 in
151 4299 275 4364 studiis
291 4301 494 4379 diligentia,
511 4303 689 4381 multaque
705 4310 902 4382 praeterea,
920 4318 1009 4379 quae
1024 4301 1060 4361 in
1075 4299 1129 4361 his
1145 4316 1226 4363 rara
1243 4316 1324 4362 con·

106 4453 306 4468 ξη-

141 4537 148 4570 ⁸
177 4538 241 4584 Vide
254 4540 437 4596 0a1.auorur,l.
449 4555 480 4596 c.,
491 4549 517 4586 et
529 4543 625 4587 Carras
636 4543 668 4587 de
679 4543 734 4586 San
743 4543 860 4596 Iguacio,
871 4551 889 4586 t.
900 4553 935 4590 ur,
946 4553 1005 4596 pag.
1018 4541 1056 4584 199
1065 4546 1091 4584 et
1101 4541 1152 4584 aas.

108 4608 151 4724 aa:
177 4609 256 4658 Notus
267 4614 288 4659 is
299 4621 338 4658 est
355 4615 386 4658 iis
396 4615 439 4669 qui
455 4617 497 4658 vei
508 4616 613 4659 summis
629 4615 710 4658 labris
720 4615 817 4670 aliquid
828 4615 858 4658 de
874 4613 1043 4657 humanitatis
1054 4614 1156 4656 sacculo
1170 4624 1215 4656 xvi
1231 4613 1324 4656 studiis

151 4692 220 4736 nere.

142 4751 154 4784 ³
179 4754 280 4803 Uauanr
290 4756 414 4803 Botzauu
424 4755 613 4802 institutiones
622 4769 735 4814 graecae
750 4759 954 4816 grammaticae.
963 4755 1029 4806 Vide
1044 4769 1129 4814 supra,
1139 4761 1157 4802 t.
1172 4765 1189 4808 1,
1200 4755 1320 4832 1235853.
