3504 5532
378 478 431 540 182
733 445 738 464 ’
759 480 933 540 11111111
952 493 1222 548 onrnatunsrass

377 625 433 690 dia
449 643 587 691 summa
602 636 636 690 et
650 626 806 691 factione
820 626 971 707 versari,
988 644 1033 691 ex
1047 625 1117 708 qua
1132 627 1238 691 timor
1252 626 1428 692 maximus
1443 623 1601 690 immine·

377 734 437 798 bat
451 734 642 798 multarum
657 734 830 812 caedium,
843 752 914 798 vna
929 751 1010 798 cum
1029 735 1220 799 amissione
1241 735 1428 812 bonorum,
1455 733 1600 815 quidam

377 839 493 920 Pater,
511 840 626 904 studio
650 842 889 922 praecauendi
914 843 1014 921 haec,
1041 858 1111 906 non
1133 841 1306 906 dubitauit
1331 859 1454 906 coram
1479 842 1600 906 multis

289 977 291 987 ·
378 947 530 1027 cuidam,
552 949 703 1029 genibus
724 947 837 1027 flexis,
864 951 1082 1030 supplicare,
1098 961 1136 1012 ut
1161 949 1334 1013 rationem
1361 949 1516 1029 aliquam
1532 949 1602 1014 sibi

378 1055 599 1120 commodam
615 1057 798 1136 inueniret,
816 1056 942 1139 quaad
956 1056 1184 1120 concordiam
1203 1057 1316 1120 omnis
1335 1073 1393 1120 res
1411 1056 1602 1122 adducere·

379 1173 447 1227 tur.
465 1163 622 1228 Consilio
637 1173 743 1244 atque
757 1180 866 1245 opera
885 1161 1070 1227 cuiusdam
1095 1163 1217 1228 fratris
1239 1166 1351 1228 nostri
1373 1163 1516 1245 quidam
1530 1165 1600 1242 vir,

380 1271 450 1335 iam
462 1271 507 1335 ab
518 1288 630 1335 vxore
641 1269 832 1350 seiunctus,
847 1287 953 1351 quam
964 1271 1106 1335 omnino
1118 1273 1282 1336 deserere
1293 1270 1397 1336 simul
1414 1287 1493 1336 cum
1508 1270 1602 1349 filiis,

380 1378 425 1441 ob
450 1378 687 1458 suspicionem
711 1376 886 1448 adulterii,
912 1377 1070 1457 volebat,
1097 1395 1177 1442 cum
1203 1379 1326 1443 eadem
1352 1379 1488 1443 summa
1512 1395 1603 1460 pace

381 1485 591 1549 coniunctus
606 1494 669 1548 est.
687 1484 776 1548 Illud
790 1485 897 1548 etiam
911 1494 945 1548 te
967 1502 1037 1548 non
1057 1486 1167 1550 latere
1187 1485 1300 1565 debet,
1316 1484 1410 1566 quod
1429 1503 1508 1550 cum
1531 1503 1604 1550 mo·

380 1591 496 1656 nacho
511 1591 663 1671 quodam
678 1599 797 1654 actum
811 1599 876 1670 est,
893 1591 953 1671 qui
968 1591 1181 1656 discesserat
1207 1609 1251 1656 ex
1274 1593 1456 1672 coenobio,
1482 1593 1517 1656 in
1532 1609 1605 1673 quo

380 1698 521 1762 circiter
536 1698 658 1762 decem
684 1715 797 1761 annos
820 1699 932 1762 vitam
956 1708 1089 1778 egerat,
1113 1715 1194 1763 cum
1218 1700 1396 1764 constanti
1418 1701 1605 1764 voluntate

380 1822 451 1869 non
466 1805 595 1885 agendi
609 1804 653 1869 de
671 1814 813 1869 caetero
838 1805 1072 1869 monasticam
1099 1806 1222 1885 vitam,
1246 1823 1353 1887 quam
1375 1806 1480 1870 lactis
1494 1807 1605 1871 etiam

381 1912 597 1992 declarabat,
610 1912 781 1992 siquidem
797 1912 904 1976 dabat
921 1928 1067 1993 operam
1082 1913 1152 1976 iarn
1168 1922 1206 1976 vt
1220 1913 1288 1976 sibi
1310 1931 1331 1976 a
1347 1912 1492 1978 Summo
1513 1911 1605 1978 Pon·

379 2018 472 2085 tifice
486 2019 628 2083 licentia
643 2017 797 2096 daretur,
814 2037 883 2099 qua
895 2019 1016 2083 liceret
1031 2019 1107 2094 sibi,
1122 2019 1243 2084 habitu
1256 2021 1451 2089 monastico
1463 2021 1605 2098 relicto,

381 2126 593 2191 sacerdotali
609 2128 671 2190 vti.
688 2125 755 2190 Hic
769 2142 849 2189 cum
869 2143 889 2188 a
910 2127 1065 2207 quodam
1081 2125 1197 2206 Patre,
1224 2145 1263 2190 re
1283 2127 1438 2206 cognita,
1461 2143 1606 2207 persua·

381 2235 523 2298 deretur
536 2242 576 2296 vt
596 2233 631 2296 in
651 2233 747 2296 uiam
772 2231 912 2310 rediret,
935 2233 1105 2297 audacter
1128 2234 1308 2314 respondit
1327 2251 1366 2297 se
1384 2235 1479 2298 nullo
1499 2243 1606 2314 paeto

380 2341 416 2404 id
431 2359 508 2404 esse
519 2339 707 2404 iacturum.
721 2336 805 2402 Post
820 2339 954 2419 aliquot
968 2337 1054 2403 dies'
1066 2339 1178 2403 adiuit
1196 2357 1275 2404 eum
1295 2339 1385 2404 alius
1406 2338 1522 2419 Pater,
1543 2341 1607 2421 qui

381 2449 430 2512 ita
446 2463 526 2512 cum
541 2447 600 2511 illo
616 2448 754 2510 locutus
769 2454 833 2523 est,
854 2453 893 2509 vt
917 2439 1072 2510 animum
1097 2447 1172 2510 eius
1194 2446 1239 2510 ab
1265 2447 1362 2510 omni
1387 2446 1456 2510 alia
1472 2446 1607 2527 cogita·

381 2555 476 2619 tione
491 2554 536 2617 ad
550 2553 703 2617 reditum
723 2553 758 2617 in
784 2553 999 2617 coenobium
1018 2553 1231 2630 traduceret,
1259 2569 1338 2617 cum
1363 2569 1500 2618 summo
1514 2553 1607 2618 desi·

381 2661 478 2727 derio
494 2661 672 2724 baiulandi
687 2675 829 2724 crucem
844 2677 908 2740 pro
923 2658 1076 2726 Christo.
1092 2659 1282 2724 Praeterea
1294 2660 1419 2724 mulier
1430 2659 1606 2740 quaedam

383 2789 404 2833 1
419 2769 497 2833 viro
512 2785 577 2832 suo
593 2767 745 2846 deserta,
763 2767 905 2848 quicum
919 2768 1059 2831 vixerat
1079 2766 1265 2832 duodecim
1284 2784 1407 2846 annoS,
1423 2768 1541 2848 nupsit
1559 2772 1608 2832 11·

381 2877 464 2954 teri,
480 2893 500 2939 1
517 2892 586 2956 quo
600 2884 679 2955 post
694 2891 758 2937 sex
779 2891 902 2954 annos,
923 2874 1080 2938 consiliis
1099 2885 1133 2937 et
1158 2874 1321 2954 precibus
1344 2875 1529 2938 cuiusdam
1543 2873 1609 2939 Pa·

382 2985 457 3058 tris,
475 2982 520 3046 ab
535 2999 578 3045 eo
592 2998 730 3046 summa
745 2996 825 3044 cum
840 2997 928 3061 pace
943 2991 977 3044 et
987 2981 1240 3062 tranquillitate
1254 2981 1428 3045 discessit.
1445 2981 1609 3064 Denique

382 3107 452 3154 non
464 3089 603 3153 silentio
615 3087 814 3168 praeteribo
826 3086 920 3168 quod
931 3087 975 3150 de
988 3089 1099 3151 altero
1111 3087 1252 3151 homine
1265 3088 1431 3167 intellexi,
1444 3089 1515 3169 qui,
1526 3105 1610 3153 cum

381 3196 517 3279 pridem
533 3213 680 3260 uxorem
706 3195 876 3274 duxisset,
897 3194 1077 3275 profectus
1099 3195 1134 3258 in
1161 3195 1267 3258 aliam
1282 3195 1475 3275 regionem,
1499 3195 1610 3260 aliam

383 3304 494 3367 duxit.
518 3303 585 3366 Hic
605 3302 671 3365 etsi
690 3311 787 3365 certo
810 3301 918 3365 sciret
943 3301 1038 3365 illam
1059 3302 1255 3365 adulteram
1280 3302 1399 3382 luisse,
1416 3317 1611 3382 persuasus

388 3420 505 3474 tamen
520 3428 542 3473 1
556 3409 709 3490 quodam
724 3406 840 3488 Patre,
858 3407 926 3472 hac
940 3409 1075 3488 relicta,
1091 3425 1171 3472 eam
1184 3408 1249 3472 iuit
1260 3409 1471 3489 quaesitum.

442 3517 539 3580 Haec
552 3525 643 3594 sunt,
661 3516 850 3580 admodum
866 3514 1087 3579 obseruande
1102 3515 1217 3594 Pater,
1232 3533 1323 3596 quae
1343 3516 1404 3580 tibi
1419 3515 1611 3580 scribenda

382 3643 517 3691 censu1.

442 3733 541 3798 Deus
570 3731 651 3814 Opt.
684 3731 779 3796 Max.
802 3730 1059 3820 Paternitatem
1084 3730 1196 3795 Tuam
1218 3732 1410 3810 custodiat,
1440 3740 1476 3795 et
1503 3731 1612 3796 simul
1729 3709 1730 3736 ἶ

383 3841 499 3906 omnia
515 3850 575 3904 tua
590 3841 738 3904 consilia
753 3841 925 3920 gubernet
940 3847 975 3902 et
990 3837 1202 3918 moderetur,
1223 3839 1349 3919 quibus
1371 3839 1539 3904 consulas
1553 3856 1610 3904 sa·

383 3948 447 4013 luti
462 3948 569 4013 totius
584 3946 781 4012 Societatis.
799 3945 893 4010 Bene
914 3946 1005 4009 vale.

444 4054 665 4119 Duodecimn
680 4054 857 4118 Calendas
869 4053 964 4117 Maii.

445 4162 616 4227 Mandato
631 4162 742 4225 nostri
758 4161 874 4225 Patris
888 4160 1064 4226 Roderici.

446 4377 713 4459 superscriptio
734 4377 773 4439 r'n
795 4382 927 4457 quarta
943 4377 1104 4457 pagella:
1119 4376 1143 4456 †
1158 4377 1204 4442 Al
1226 4395 1311 4459 muy
1330 4377 1407 4442 R.‘¹0
1430 4378 1542 4444 Padre
1567 4397 1615 4446 en
1729 4375 1730 4452 1

316 4491 322 4514 ’
384 4487 469 4572 Jesu
484 4485 624 4549 Christo
637 4494 781 4548 nuestro
792 4482 848 4547 Pe
863 4485 895 4547 el
906 4483 1061 4548 Maestro
1076 4483 1214 4564 ignatio
1230 4483 1274 4548 de
1287 4484 1412 4549 Laiola
1424 4484 1520 4564 (sic),
1533 4503 1615 4567 pre·
1729 4559 1730 4582 χ

386 4595 499 4675 posito
515 4593 661 4672 general
675 4591 718 4656 de
734 4593 768 4655 11
787 4590 982 4672 Compailla
997 4589 1041 4656 de
1054 4591 1169 4674 JesuS,
1187 4610 1229 4657 en
1243 4591 1369 4657 Roma.

447 4701 530 4764 Alia
556 4716 679 4762 manu:
707 4697 793 4762 1556.
811 4695 961 4762 Gaudia.
979 4697 1265 4777 Quadrimestres
1278 4699 1318 4763 20
1332 4699 1478 4780 Aprilis.
