3410 5528
388 506 445 572 836
773 507 945 570 Limnaee
964 523 1234 576 ousnmnsrrues

382 673 460 722 esse
485 667 560 721 toto
580 657 685 721 corde
704 657 829 735 sentio,
851 673 990 722 necnon
1009 667 1044 722 et
1065 657 1216 723 aliorum
1236 657 1391 723 omnium
1410 656 1553 724 Petrum
1575 669 1605 722 et

382 762 572 828 Societatis
587 762 749 828 fratrum.

443 870 574 936 Datum
587 871 727 952 pragae
740 871 917 950 Boemiae‚
933 873 1103 936 vicesimo
1117 873 1242 954 primo,
1260 889 1380 938 mense
1395 873 1481 939 Maii
1495 873 1516 939 ¹.

442 978 487 1043 V.
505 977 546 1042 R.
562 976 601 1041 Ρ.
615 979 748 1044 inutilis
763 995 889 1043 seruus
903 988 939 1042 et
952 978 1045 1044 filius
1064 979 1101 1044 in
1116 979 1191 1059 X.·,

1020 1193 1213 1260 Uesuuius
1226 1194 1445 1260 Gorssourus.

441 1515 707 1597 superscriptio
735 1516 772 1578 in
797 1515 1005 1579 duodecima
1024 1515 1186 1595 pagina:
1209 1518 1232 1588 †
1255 1514 1333 1579 Rus
1361 1515 1397 1580 in
1422 1515 1485 1580 X.⁰
1511 1515 1603 1580 Patri

380 1621 552 1702 Magistro
563 1622 700 1702 ignatio
712 1623 755 1686 de
766 1622 902 1704 Loyola
914 1623 1081 1688 Generali
1091 1621 1298 1703 Praeposito
1309 1621 1498 1688 Societatis
1508 1624 1601 1705 Jesu.

380 1728 504 1794 Roma.
1536 1752 1540 1766 ·

439 1838 563 1904 Manet
577 1837 701 1918 sigilli
712 1838 921 1917 vestigium.

925 2533 1051 2580 ORATIO

375 2663 407 2708 ed
419 2663 516 2720 Regem
526 2661 700 2707 Rornanorum
710 2673 725 2706 a
736 2660 816 2706 Perre
826 2659 952 2706 Ursmero
962 2661 1097 2708 Goieeonio
1107 2663 1226 2708 habende
1235 2673 1293 2708 curn
1310 2665 1332 2708 ei
1348 2674 1375 2708 se
1392 2669 1417 2708 et
1428 2664 1513 2709 socios
1520 2662 1597 2708 Roma

751 2733 844 2778 missos
853 2734 964 2788 primum
975 2732 1077 2789 Fratue
1086 2731 1192 2781 sisteret
1201 2733 1221 2779 ¹.

949 2940 1024 3060 riis

440 3240 596 3306 Primum
611 3239 800 3304 exhibeant
815 3238 945 3318 singuli
960 3239 1207 3316 reuerentiam,
1225 3239 1334 3303 semel
1349 3249 1384 3302 et
1398 3241 1528 3305 iterum

482 3349 648 3430 poplitem
663 3345 885 3411 inflectendo:
901 3355 1024 3423 postea
1040 3362 1119 3409 cum
1135 3363 1257 3410 omnes
1272 3345 1395 3412 ordine
1409 3364 1490 3411 con·

633 3455 797 3534 stiterint,
814 3453 960 3534 incipiat
975 3462 1179 3517 reuerenter
1193 3451 1235 3517 N.
1254 3451 1294 3516 T.
1312 3451 1334 3517 ⁸.

431 3563 490 3628 P.⁸
531 3562 761 3628 Serenissime
774 3559 862 3640 Rex,
877 3558 1029 3624 Domine
1044 3570 1078 3624 et
1092 3559 1246 3624 Patrone
1260 3577 1399 3642 semper
1413 3561 1515 3627 nobis
1529 3564 1595 3627 cie·

561 3669 777 3736 meritissime
792 3677 898 3749 atque
913 3667 1246 3732 obseruandissime.

429 3777 481 3842 2.·
521 3777 701 3843 Adsumus
716 3776 773 3840 hic
787 3774 930 3839 tandem
945 3774 1143 3856 duodecim,
1160 3785 1265 3857 atque
1279 3777 1415 3840 utinam
1431 3777 1492 3855 ilii,
1510 3795 1593 3859 qua·

560 3887 612 3949 les
636 3880 748 3948 Sacra
770 3881 953 3964 Regiaque
977 3881 1145 3947 Maiestas
1165 3881 1296 3949 Vestra
1322 3883 1413 3949 mitti
1432 3901 1478 3948 ex
1499 3883 1595 3949 Urbe
1692 3925 1693 3936 κ

557 3991 783 4057 desiderauit.

407 4272 416 4306 ¹
446 4271 627 4317 Preeternusit
639 4270 791 4316 Gnissonius
800 4281 894 4316 annum
905 4280 1044 4326 supponere,
1051 4272 1096 4316 sed
1104 4279 1203 4316 certum
1214 4279 1253 4317 est
1264 4273 1312 4318 hu
1323 4275 1425 4318 litteras
1435 4273 1537 4319 dedisse
1547 4275 1594 4318 boc

366 4355 433 4389 enno
444 4345 504 4388 1566.

405 4416 417 4449 ¹
444 4415 582 4471 Inscriptio
592 4417 657 4460 baec
668 4422 758 4461 nostre
771 4423 819 4469 est3
834 4423 907 4460 caret
922 4416 991 4460 enim
1005 4415 1175 4473 archetypum
1191 4417 1491 4471 inscriptione-Exstat
1507 4425 1593 4462 entem

365 4489 431 4533 brec
440 4489 526 4534 cretio
538 4489 564 4532 in
574 4489 663 4533 eodem
673 4490 725 4533 vol.
735 4485 993 4541 Quadrimestrium,
1003 4487 1124 4539 155364,
1137 4490 1162 4532 in
1172 4489 1234 4534 iulio
1248 4490 1332 4542 unico,
1341 4491 1412 4545 cnjus
1422 4491 1532 4546 primam
1541 4497 1595 4534 ten·
1691 4537 1692 4560 Χ

364 4559 1018 4616 tumpegimmimplet,n.281.-Videenpradicra
1030 4571 1090 4615 pag.
1106 4559 1154 4616 ³31,
1170 4567 1257 4606 annot.
1273 4561 1410 4607 l.-Munus
1425 4569 1462 4606 ret
1477 4561 1592 4618 ejusdem

363 4632 464 4677 librarii
477 4633 519 4687 qni
530 4631 717 4685 praecedentes
732 4631 859 4676 Goissonii
871 4631 977 4676 litteras
987 4633 1100 4687 scripsit.

402 4703 415 4736 ¹
441 4703 491 4749 Ubi
502 4717 549 4747 nos
558 4705 695 4748 scribimus
709 4703 736 4756 Τ,
746 4711 785 4748 est
796 4705 821 4748 in
831 4703 976 4761 archetypo
991 4703 1091 4759 signnm
1106 4705 1244 4760 quoddam,
1254 4705 1349 4761 raptim
1363 4711 1510 4760 exaratum,
1525 4705 1589 4761 qnod

361 4777 415 4831 leti
425 4783 511 4832 potest
526 4775 554 4830 T,
569 4775 592 4820 U
600 4783 625 4820 et
636 4776 717 4821 etiem
726 4775 757 4829 Z‚·
767 4775 812 4821 sed
824 4776 856 4831 id¹
868 4776 901 4820 ad
912 4777 978 4832 quod
989 4776 1091 4822 accedit
1102 4777 1194 4832 matis,
1204 4782 1245 4822 est
1261 4777 1288 4822 T.
1359 4797 1366 4812 ··
